1914 3223
705 147 1012 187 -147—

312 260 347 299 7.
394 259 537 297 Beatae
565 261 678 298 niodo
709 261 911 307 genetricis
944 262 1112 311 virginis,
1183 304 1186 307 ,

393 315 553 363 Mariae,
586 317 708 354 sancti
741 317 906 354 Mieliacl
938 322 975 354 et
1007 317 1176 363 Gabriel,

394 372 588 421 Iohannis,
621 373 723 412 Petri
760 374 939 420 Paulique
971 385 1038 411 nos
1071 375 1246 421 precibus

391 429 677 476 Apostolorum,
711 429 917 476 deprecatu
946 431 1086 468 adiuva

391 485 716 536 Patriarcharum,
750 486 1032 536 prophetarum,
1068 492 1290 534 martyrum.

307 604 344 642 8.
392 603 465 641 Dic
495 605 650 651 Austro,
681 603 774 642 flatu
804 605 1010 652 tranquillo
1041 616 1111 652 pei·
1140 616 1228 642 aera

391 660 558 698 Collecto
589 662 709 709 spiret
738 661 854 706 lento,
889 661 950 698 dic
985 659 1054 712 [et]
1086 661 1232 706 Africo,

393 717 540 765 Fugata
571 717 683 765 nube,
717 718 883 755 resoluta
914 718 1053 755 nebula

391 774 550 812 Cessent
581 774 717 811 effusas
749 775 915 811 irrorare
946 775 1108 822 pluvias,

390 830 549 867 Terram
582 829 710 868 fovere
741 831 832 868 solis
864 831 952 868 iube
984 831 1106 870 radio.

306 949 342 989 9.
390 949 533 999 Turbo,
562 949 744 997 procella,
777 954 983 997 tempestas
1014 950 1233 1000 tonitruum,

391 1006 528 1053 Igneus
558 1006 693 1043 aether
723 1012 946 1044 coruscante
976 1006 1155 1054 lampade

392 1062 473 1100 Tuo
503 1062 656 1100 iubente
686 1063 887 1100 mitescant
917 1064 1099 1112 imperio,

391 1119 619 1167 Flagellum,
650 1120 762 1167 digne
793 1120 893 1167 quod
925 1131 1124 1170 meremur,
1157 1120 1354 1168 grandinis

389 1176 478 1213 Sola
509 1177 700 1225 suspende
731 1177 931 1214 miseratus
961 1177 1096 1224 gratia.

276 1296 342 1334 10.
382 1295 469 1333 ‘Nos
501 1307 628 1332 sumus
661 1296 765 1343 digni
796 1296 932 1343 milieS‚
964 1307 1074 1343 quam
1107 1297 1284 1345 patimur,

391 1353 588 1401 Vindicta,
620 1352 719 1390 iusto
750 1353 780 1389 si
814 1352 915 1390 feras
945 1353 1087 1390 iudicio

390 1409 573 1454 Percelli3
608 1416 762 1447 nostrae
793 1409 928 1456 quodsi
956 1408 1222 1447 recordaberis

390 1466 620 1513 Iniquitatis,
653 1466 828 1512 Domine,
861 1466 958 1513 quis,
991 1466 1165 1516 Domine,

384 1523 477 1560 Alta
508 1526 690 1573 potestas,
721 1523 910 1560 sustinere
941 1522 1114 1570 poterit?

274 1643 337 1680 11.
386 1642 462 1680 Sed
494 1643 582 1689 quia
612 1647 653 1679 tu
684 1652 723 1679 es
754 1642 852 1690 pius,
886 1642 1007 1679 dulcis
1038 1642 1235 1689 Dominus,

386 1698 505 1736 Totus
536 1698 663 1736 suavis
694 1709 739 1736 ac
771 1699 1052 1749 desiderabilis,

385 1755 507 1802 Mitis,
539 1755 734 1803 benignus,
768 1756 900 1792 unicus
932 1756 1183 1803 omnipotens,

384 1812 545 1849 Aeterni
575 1812 697 1859 patris
728 1817 770 1849 tu
802 1812 963 1850 dilectus
995 1812 1106 1863 filius,

383 1869 465 1906 Tuo
495 1879 563 1906 nos
595 1869 702 1907 salva
733 1880 867 1906 cruore
899 1868 1066 1908 rosifluo.

273 1993 338 2031 12.
389 1993 523 2041 Kyrie,
557 1993 710 2042 eleison,
744 1993 938 2040 miserere,
970 1993 1144 2040 Domine,

387 2050 506 2087 Parce
536 2051 723 2098 placatus,
754 2049 903 2087 infinita
933 2050 1069 2098 pietas,

386 2107 520 2153 Kyrie,
553 2107 707 2155 eleison,
740 2106 911 2155 subveni,
943 2107 1171 2152 misericors,

387 2163 560 2210 Indulge‚
594 2164 715 2201 dulcis
746 2163 908 2214 bonitas,
941 2163 1136 2212 altissime,

383 2220 516 2268 Kyrie,
551 2220 706 2268 eleison,
740 2220 901 2271 Christe,
935 2224 976 2257 tu
1006 2231 1073 2258 nos
1105 2219 1239 2257 libera.

275 2345 336 2383 13.
385 2343 518 2382 Gloria
548 2344 630 2382 Deo
661 2345 762 2393 patri
793 2345 842 2382 sit
873 2343 1094 2393 altithron0,

386 2400 519 2438 Gloria
549 2411 699 2448 semper
730 2405 931 2439 coaeterno
962 2399 1053 2447 filio,

384 2457 443 2494 Sit
473 2468 624 2506 semper
654 2458 775 2495 omnis
805 2457 926 2505 gloria
958 2457 1159 2503 paraclito,

386 2514 525 2552 Trinus
557 2514 620 2561 qui
653 2519 786 2562 regnat
816 2514 919 2552 Deus
952 2519 989 2551 et
1019 2514 1255 2560 omnipotens

386 2570 432 2608 In
463 2581 595 2608 aevum
627 2575 664 2607 et
694 2571 795 2608 ultra
826 2581 894 2617 per
926 2575 1136 2617 cunctaque
1167 2570 1330 2609 saecula.

158 2692 300 2725 Collect.
327 2703 390 2724 ms.
414 2693 616 2731 Libehardi‚
644 2693 770 2734 prioris
796 2693 1082 2733 Reichenbacen.‚
1110 2694 1191 2724 anni
1219 2691 1317 2724 1476.
1336 2693 1422 2725 Clm.
1449 2693 1634 2724 Monacen.

68 2734 167 2770 2990.
199 2755 243 2760 —-
273 2737 302 2777 1,
335 2737 356 2769 2
382 2738 534 2769 salvans.
569 2754 611 2759 —
647 2736 684 2776 2,
715 2736 736 2769 5
769 2738 913 2774 Nutrix;
948 2738 1126 2770 roric-olas.
1160 2755 1203 2759 -—
1237 2736 1268 2776 5,
1300 2736 1321 2769 3
1352 2737 1480 2770 dudum
1514 2743 1633 2770 nostra

68 2781 211 2825 deperit.
245 2800 287 2805 -
313 2782 344 2822 5,
369 2782 390 2815 4
426 2794 557 2815 somno.
582 2800 626 2804 —
658 2781 688 2821 6,
714 2781 735 2814 4
767 2782 947 2826 dissipate.
974 2800 1015 2806 -—
1054 2782 1084 2820 7,
1116 2781 1136 2814 2
1167 2783 1351 2815 Michaelis
1383 2788 1416 2815 et
1447 2783 1632 2816 Gabi-ielis.

68 2843 111 2849 —
135 2825 166 2866 9,
194 2826 211 2860 1
237 2830 414 2860 tonitrum.
440 2846 484 2850 —-
520 2827 570 2866 10,
595 2826 616 2859 4
650 2829 852 2870 Iniquitate.
883 2846 923 2850 —
952 2826 1003 2868 13,
1028 2827 1050 2860 4
1075 2839 1125 2870 sq.
1151 2829 1277 2860 Trinus
1303 2830 1363 2870 qui
1389 2833 1511 2871 regnat
1536 2830 1631 2861 Deus

68 2876 103 2904 et
124 2883 214 2905 unus
239 2875 276 2905 in
301 2877 479 2906 aeternum
505 2878 539 2905 et
563 2873 656 2905 ultra
682 2884 742 2915 per
767 2877 892 2906 cuncta
919 2875 965 2905 sit
990 2874 1140 2906 saecula.

1352 2928 1425 2963 10*
