2031 3289
901 136 1210 177 —182—

482 250 566 288 Heu
596 250 721 299 miser,
755 250 827 287 heu
859 251 1024 299 demens,
1055 250 1118 287 ubi
1150 261 1248 288 nunc
1277 254 1342 286 tua
1372 249 1450 286 vita
1478 250 1636 296 periret,

378 309 429 345 20
533 308 679 353 Quosve
712 307 822 343 dares
853 307 1012 353 gemitus
1044 310 1165 343 tortus
1196 306 1234 342 in
1266 307 1351 352 igne
1383 306 1477 353 dire,

483 363 531 400 Ni
562 363 664 400 Deus
694 363 899 400 immensae
928 362 1121 409 bonitatis,
1154 373 1266 399 verus
1297 366 1444 399 amator

536 419 733 456 Humanae
763 417 917 468 formae,
950 419 1159 456 retraheret
1188 415 1394 455 miserans!
1649 464 1654 468 Ι

431 492 433 495 ·
481 476 544 512 Fit
574 485 732 523 quoque,
764 476 864 521 quod
897 476 1037 513 dudum
1069 475 1267 522 psalmista
1297 479 1356 512 ast
1386 484 1478 512 voce
1512 474 1685 522 canebat,

538 532 630 568 Cum
661 532 806 578 stupuit
836 532 976 568 mirans
1009 532 1107 569 dona
1137 542 1302 578 superna
1331 531 1424 568 Dei:

377 591 426 627 25
478 587 526 624 Ni
558 586 655 624 foret
687 588 839 625 adiutor
869 588 1065 635 Dominus,
1097 588 1170 624 iam
1201 587 1373 624 infernus
1404 587 1559 624 haberet

537 643 691 681 Sontem
721 649 809 681 trux
840 645 1002 681 animam
1034 649 1071 681 et
1101 645 1288 681 cruciaret
1321 654 1416 682 eam.

483 700 603 748 Nunc,
635 700 738 737 Deus
770 701 880 749 alme,
913 706 1016 737 tuum
1049 699 1229 738 famulum
1261 701 1403 747 pietate
1437 704 1542 737 sueta

539 757 769 794 Conversum
801 758 939 804 recipe,
973 768 1082 803 quem
1115 758 1223 793 dolor
1253 756 1457 794 excruciat.

482 813 581 850 Sana
613 814 830 861 contritum,
863 812 1014 851 flentem
1045 813 1217 851 solabere
1248 817 1444 859 maestum,

378 871 429 908 30
532 870 749 919 Indulgens,
783 880 934 917 quaeso,
967 870 1126 907 crimina
1159 876 1292 906 cuncta
1323 874 1400 907 tuo,

482 927 539 963 Da
569 926 660 962 mihi
691 937 798 973 spem
829 927 970 976 veniae,
1006 925 1067 963 fac
1098 927 1214 963 corda
1245 926 1451 963 maerentia
1481 925 1593 975 laeta,

538 983 781 1020 Commutans
811 983 977 1020 lacerum
1009 984 1082 1019 iam
1117 981 1236 1020 facias
1269 982 1473 1029 placidum.

482 1039 614 1086 Daque
645 1038 758 1076 fidem
790 1040 953 1086 plenam,
988 1040 1036 1076 da
1067 1050 1185 1086 spem,
1221 1040 1269 1076 da
1299 1039 1434 1085 pignus
1464 1038 1616 1088 amoris,

537 1096 797 1143 Mandataque
828 1101 892 1133 tua
924 1096 1039 1133 corde
1070 1106 1256 1142 manuque
1287 1106 1426 1142 geram.

379 1155 429 1191 35
480 1152 625 1190 Strinxi
657 1163 716 1189 me
748 1157 855 1200 voto,
889 1153 1035 1199 comple
1066 1153 1148 1194 hoc,
1180 1152 1265 1199 pius
1296 1151 1441 1188 arbiter
1472 1150 1588 1195 orbis,

537 1209 684 1245 Natura
715 1207 862 1255 fragilis
893 1210 994 1256 quod
1027 1209 1194 1246 celerare
1221 1208 1363 1255 nequit.

482 1265 612 1311 Sitque
643 1276 736 1312 opus
768 1276 876 1302 omne
907 1271 1024 1313 tuum,
1057 1266 1319 1312 quodcumque
1350 1263 1533 1311 expendis
1566 1263 1734 1305 alumno,

538 1321 595 1359 Sit
624 1321 694 1359 tibi
725 1322 807 1359 laus
838 1322 908 1359 soli
940 1322 1060 1369 gloria
1090 1322 1214 1369 sitque
1244 1326 1319 1358 tua.

483 1378 650 1425 Cumque
682 1378 776 1415 velis
808 1379 907 1415 vitae
938 1378 1049 1415 finem
1081 1378 1266 1425 finemque
1294 1377 1437 1415 laboris

378 1437 429 1473 40
536 1436 746 1481 Imponere‚
779 1446 888 1472 servo
919 1440 1008 1472 tunc
1038 1436 1217 1472 miserere
1247 1439 1323 1482 tuo,

482 1491 539 1528 Ne
570 1502 748 1528 occursus
780 1503 913 1529 saevus
945 1496 1091 1537 noceat,
1125 1502 1172 1528 ne
1203 1492 1385 1528 Tartarus
1416 1489 1568 1538 ardens,

538 1548 679 1585 Missus
709 1549 777 1585 sed
808 1549 901 1585 lucis
935 1549 1048 1585 ducat
1079 1548 1128 1585 ad
1159 1552 1263 1585 astra
1293 1547 1385 1593 poli.

482 1605 580 1641 Dum
610 1604 725 1641 iudex
757 1605 885 1642 venias
917 1605 1135 1642 meritorum
1166 1605 1249 1641 iura
1279 1602 1506 1650 rependens,

542 1660 728 1699 lustifices
760 1672 908 1699 servum
942 1665 1042 1709 tune,
1075 1672 1223 1708 precor,
1257 1661 1338 1707 ipse
1369 1664 1486 1703 tuum,

379 1721 431 1756 45
481 1719 523 1754 ln
557 1718 692 1754 dextra
722 1728 879 1765 ponenS,
913 1729 995 1755 cum
1026 1718 1134 1754 iustis
1166 1717 1336 1764 praemia
1365 1715 1543 1762 reddens,

540 1774 701 1812 Cernam
738 1775 837 1821 quod
870 1775 1013 1812 vultum
1046 1774 1139 1811 lucis
1171 1775 1209 1811 in
1239 1784 1327 1811 arce
1358 1778 1474 1810 tuum.

484 1831 549 1879 Te,
584 1831 680 1867 bone
712 1832 809 1877 Iesu,
844 1842 991 1877 precor,
1024 1836 1162 1880 rector,
1194 1831 1362 1867 salvator
1392 1833 1429 1865 et.
1459 1832 1603 1875 auctor,

541 1887 734 1934 Quidquid
766 1889 998 1934 protuleram
1031 1888 1103 1924 rite
1134 1887 1322 1934 loquendo
1353 1895 1466 1933 prece
1497 1885 1570 1925 hic,

485 1943 678 1991 Suscipias
709 1945 892 1981 miserans
925 1943 1106 1981 famulum
1141 1944 1346 1980 clementer
1376 1946 1413 1979 et
1443 1942 1546 1987 audi,

386 2003 435 2039 50
540 2000 675 2039 Ardua
706 2001 877 2048 poscenti
909 2002 974 2038 des
1006 2011 1152 2048 quoque
1183 2011 1299 2047 regna
1329 1999 1419 2046 poli.

485 2058 614 2095 Portio
646 2058 714 2094 sim
747 2057 870 2104 plebis
901 2058 1034 2095 laudes
1067 2064 1103 2094 et
1134 2058 1172 2094 in
1201 2057 1334 2093 ordine
1366 2059 1513 2093 cantem

545 2114 768 2151 Sanctorum
801 2115 994 2162 gratulans
1027 2114 1174 2150 cantica
1205 2118 1312 2160 grata
1344 2112 1426 2151 tibi.

489 2170 620 2208 Gloria
653 2182 786 2218 magna
817 2172 909 2216 Deo,
945 2181 1088 2217 sempe1
1124 2170 1193 2207 tibi
1226 2170 1358 2216 gloria,
1391 2168 1554 2217 Christe,

541 2229 678 2277 Amen,
712 2228 751 2264 in
782 2232 976 2264 aeternum
1008 2227 1128 2274 gloria
1159 2237 1294 2273 magna
1325 2226 1419 2264 Deo.

373 2329 516 2361 Collect.
542 2339 604 2359 ms.
632 2328 804 2360 Fuldense
832 2339 921 2360 saec.
950 2326 1000 2360 10.
1051 2328 1133 2359 (jod.
1159 2327 1348 2358 Eremiten.
1375 2324 1451 2359 266.
1477 2345 1519 2347 —
1541 2325 1563 2357 4
1588 2327 1689 2358 beate
1713 2325 1843 2367 korrig.

282 2375 317 2405 in
346 2376 455 2406 beata.
482 2393 524 2396 —
550 2372 594 2406 39
620 2385 685 2415 que
710 2374 806 2405 fehlt.
833 2390 874 2394 —
900 2375 1083 2405 browerus
1109 2384 1140 2414 p.
1169 2371 1204 2411 ὃς
1230 2372 1411 2404 Diiminler
1436 2373 1481 2410 ΙΙ,
1511 2370 1570 2403 171
1599 2382 1649 2413 sq.

766 2529 845 2564 133.
882 2529 940 2570 (2.)
975 2529 1030 2563 Ad
1056 2529 1180 2563 Deum
1209 2527 1367 2564 Oratio.

455 2626 483 2661 Ο
516 2625 617 2662 Deus
649 2628 812 2673 aeterne,
846 2623 975 2660 mundi
1007 2623 1244 2660 sanctissime
1276 2627 1414 2667 rector,

455 2682 508 2718 'l'e
539 2691 621 2718 mea
652 2691 756 2718 mens
787 2680 904 2717 ambit
936 2680 1156 2726 animaeque
1188 2690 1232 2716 ac
1263 2679 1391 2716 vivida
1422 2679 1553 2724 virtus,

462 2739 572 2775 Laus.
606 2749 711 2774 amor
741 2742 853 2784 atque
886 2737 1014 2782 decuS,
1047 2736 1173 2773 cordis
1204 2740 1243 2772 tu
1274 2736 1398 2772 lumen
1429 2735 1638 2782 honestum,

458 2794 714 2830 Membrorum
748 2798 891 2840 gestum
919 2799 960 2829 tu
991 2793 1206 2830 occulorum
1239 2792 1369 2829 reddis
1399 2796 1435 2827 et
1465 2802 1584 2837 usum,

390 2854 409 2883 Γ,
459 2850 625 2887 Auribus
657 2850 838 2897 auditum,
871 2849 1042 2887 manibus
1074 2860 1168 2895 opus
1199 2849 1299 2886 indis
1331 2854 1508 2886 amatum.
