2031 3289
248 299 292 332 25
317 301 385 333 Sed
411 301 447 331 in
472 303 506 331 te
531 303 671 331 auctore
697 299 789 337 boni,

318 347 433 378 Dante
458 346 550 376 vires
577 346 723 382 ratione,

318 391 454 430 Quibus
483 394 616 431 premat
641 390 756 420 carnis
782 391 923 425 motum,

319 436 464 467 Habens
488 444 510 466 a
534 438 567 466 te
592 444 694 476 posse
719 437 840 465 totum.

967 185 1050 225 418
1107 207 1163 212 -—

1137 298 1191 328 Tu
1216 306 1355 329 serenas
1381 297 1559 335 nebulosa,

1071 339 1115 374 30
1139 342 1193 373 Tu
1219 351 1366 373 exornas
1395 341 1582 379 maculosa⁷

1140 386 1330 418 Inhonesta
1356 390 1394 418 tu
1418 386 1594 422 honestas,

1137 431 1313 463 Indecoris
1339 431 1442 463 decus
1469 435 1636 473 praestas,

804 556 880 587 XX.
921 556 978 587 De
1009 555 1200 587 Inferno.

318 632 387 663 Fili
412 631 538 668 David,
566 640 671 662 manu
696 630 807 666 fortis,

320 677 387 715 Qui
412 676 547 718 fregisti
573 678 690 716 portas
717 675 850 713 mortis,

318 721 370 752 Tu
401 722 531 752 intrare
556 731 609 751 me
634 730 705 751 non
730 720 836 757 sinas,

318 766 510 797 Int'crnales
536 765 704 801 officinas,

273 809 294 843 5
318 811 389 843 Ubi
413 820 558 849 maeror,
583 811 643 842 ubi
670 813 791 847 metus,

320 856 390 888 Ubi
416 856 536 893 foetor,
563 856 622 886 ubi
647 855 758 891 fletus,

1142 629 1211 660 Ubi
1242 628 1368 669 probra
1392 628 1608 670 deteguntur,

1141 673 1211 705 Ubi
1239 675 1287 705 rei
1314 669 1581 711 confunduntur,

1138 718 1207 750 Ubi
1237 721 1348 750 tortor
1373 729 1507 760 semper
1531 718 1688 755 caedens,

1072 761 1111 794 10
1136 763 1206 794 Ubi
1232 765 1360 794 vermis
1386 774 1521 804 semper
1546 763 1660 801 edens,

1143 808 1214 841 Ubi
1239 811 1348 840 totum
1370 808 1436 840 hoc
1461 819 1618 850 perenne,

1140 854 1232 892 Quia
1257 863 1380 895 perpes
1406 864 1497 885 mors
1521 853 1711 895 gehennae.

661 979 756 1010 XXI.
786 979 840 1009 De
873 977 1126 1009 Ierusalem
1158 977 1368 1013 caelesti,

326 1054 393 1085 Sed
420 1063 497 1084 cum
523 1053 614 1084 caris
640 1052 726 1082 meis
753 1052 884 1082 cunctis

328 1098 409 1130 Sive
434 1099 527 1129 vivis
553 1108 613 1128 seu
639 1097 809 1128 defunctis

327 1144 385 1175 Me
410 1147 563 1184 receptet
588 1142 674 1174 Sion
698 1141 772 1179 illa,

326 1189 419 1221 L'rbs
444 1187 605 1225 Davidis,
624 1187 706 1218 urbs
732 1185 933 1228 tranquilla,

285 1231 306 1265 5
331 1235 439 1266 Cuius
463 1234 561 1265 faber
585 1235 706 1264 auctor
731 1232 830 1268 lucis,

328 1280 436 1312 Cuius
462 1282 562 1320 porta
586 1277 719 1318 lignum
745 1278 867 1315 crucis,

326 1325 435 1356 Cuius
461 1324 550 1354 muri
575 1323 666 1363 lapis
690 1323 802 1359 vivus,

328 1370 436 1401 Cuius
463 1373 578 1399 custos
605 1378 664 1399 rex
691 1367 848 1398 festivus.

328 1416 370 1446 In
395 1414 461 1445 hac
486 1414 570 1445 urbe
595 1413 654 1444 lux
681 1412 859 1449 sollennis,

262 1457 304 1491 10
329 1460 399 1491 Ver
425 1462 612 1495 aeternum,
639 1467 707 1499 pax
731 1458 903 1497 perennis,

330 1506 370 1536 In
396 1504 462 1536 hac
486 1504 571 1535 odor
595 1503 743 1545 implens
771 1502 897 1539 caelos,

330 1551 371 1581 In
396 1550 463 1581 hac
488 1548 622 1590 semper
647 1549 770 1579 festum
796 1547 916 1578 melos.

329 1596 408 1626 Non
433 1599 485 1626 est
510 1595 558 1625 ibi
585 1593 791 1634 corruptela,

328 1641 407 1671 Non
432 1640 598 1678 defectus,
625 1648 693 1669 non
719 1637 893 1680 quaerela,

257 1683 298 1716 15
324 1686 402 1716 Non
426 1685 563 1722 minuti,
588 1694 658 1715 non
683 1683 864 1720 deformes,

324 1730 452 1762 Omnes
479 1729 616 1761 Christo
645 1733 726 1760 sunt
751 1728 957 1759 conformes.

324 1776 416 1809 Urbs
446 1775 618 1813 caelestis,
643 1774 725 1805 urbs
750 1774 864 1805 beata.

326 1821 440 1862 Supra
464 1824 597 1862 petram
621 1819 803 1855 collocata,

327 1864 418 1898 Urbs
444 1867 480 1897 in
506 1868 607 1907 portu
633 1865 718 1896 satis
745 1867 819 1895 tuto

257 1908 301 1942 20
328 1912 377 1943 De
403 1911 594 1953 longinquo
623 1913 656 1941 te
682 1909 807 1940 saluto.

325 1958 377 1988 De
402 1957 596 1997 longinqua
623 1956 773 1997 regione,

325 2003 377 2033 De
402 2001 524 2032 hostili
552 2001 688 2043 legione

325 2047 375 2078 Te
401 2050 579 2088 paccatam
605 2047 781 2077 civitatem

326 2092 507 2133 Tuamque
532 2091 781 2123 iucunditatem

257 2134 300 2168 25
328 2135 400 2168 Iam
427 2136 552 2175 saluto,
579 2137 648 2167 iam
674 2138 821 2178 suspiro,

328 2183 402 2214 Iam
429 2181 562 2218 affecto,
589 2182 656 2212 iam
685 2183 833 2222 requiro.

327 2227 503 2266 Quantum
529 2228 580 2258 tui
605 2226 835 2268 gratulentur,

328 2273 440 2311 Quam
467 2272 590 2303 festive
616 2273 856 2309 conviventur,

328 2318 415 2357 Quis
441 2321 474 2349 te
500 2327 617 2348 murus
643 2318 903 2358 circumcingat,

1077 1049 1120 1083 30
1146 1051 1215 1082 Aut
1240 1060 1329 1092 quae
1353 1061 1487 1082 murum
1512 1061 1647 1092 gemma
1664 1051 1796 1092 pingat,

1146 1097 1231 1135 Quis
1257 1096 1457 1133 chalcedon,
1485 1097 1562 1137 quis
1588 1095 1773 1133 iacinthus,

1144 1143 1281 1173 Norunt
1306 1141 1371 1179 illi,
1397 1142 1457 1183 qui
1483 1144 1563 1173 sunt
1586 1143 1689 1172 intus.

1144 1186 1198 1218 Ad
1222 1186 1357 1227 asylum
1382 1186 1485 1218 huius
1511 1187 1607 1218 urbis

1145 1231 1356 1263 sociandum
1382 1233 1448 1273 piis
1474 1232 1586 1263 turbis

1077 1275 1120 1310 35
1142 1276 1255 1308 Trahe
1279 1288 1333 1308 me
1359 1280 1437 1318 post
1461 1280 1504 1311 te,
1530 1277 1670 1314 Massia,

1144 1321 1251 1353 Trahi
1275 1322 1329 1353 fac
1353 1332 1426 1359 nos,
1455 1332 1473 1352 o
1499 1322 1624 1353 Maria.

1146 1368 1221 1407 Quo
1247 1371 1295 1405 tu,
1320 1369 1429 1409 virgo,
1455 1371 1564 1399 mater
1588 1367 1730 1404 Christi,

1146 1414 1217 1444 Nos
1244 1415 1323 1453 post
1347 1413 1460 1454 ipsum
1487 1413 1718 1452 praecessisti,

1146 1457 1215 1489 Ubi
1241 1458 1371 1488 fructus
1396 1459 1528 1489 ventris
1552 1458 1615 1495 tui,

1076 1501 1120 1535 40
1145 1504 1222 1544 Ipse
1249 1502 1408 1534 Christus
1434 1506 1536 1545 atque
1562 1504 1627 1540 sui,

1147 1549 1215 1580 [sbi
1241 1548 1307 1579 soli
1333 1548 1436 1579 simul
1462 1549 1575 1579 cuncti

1146 1594 1220 1624 Deo
1246 1603 1307 1623 suo
1334 1597 1415 1624 sunt
1439 1594 1628 1631 coniuncti,

1145 1639 1214 1670 L‘bi
1240 1638 1333 1669 mala
1357 1639 1426 1669 iam
1451 1648 1521 1670 non
1545 1641 1655 1675 erunt,

1145 1686 1241 1723 Quae
1267 1685 1382 1724 priora
1408 1684 1628 1715 transierunt.

1076 1728 1120 1761 45
1145 1729 1217 1762 Ubi
1245 1729 1318 1759 sine
1345 1733 1443 1760 nocte
1469 1729 1554 1765 dies,

1145 1775 1215 1807 Ubi
1241 1774 1315 1805 sine
1341 1774 1411 1805 fine
1437 1775 1546 1815 quies,

1145 1821 1214 1852 Ubi
1247 1829 1315 1860 pax
1338 1818 1483 1851 firmatis
1509 1821 1628 1861 portis,

1142 1866 1213 1897 Ubi
1238 1864 1337 1896 nulla
1362 1874 1472 1906 poena
1497 1866 1628 1901 mortis,

1143 1911 1211 1943 Ubi
1239 1909 1357 1941 nullus
1382 1909 1460 1940 finis
1486 1911 1589 1949 vitae,

1073 1953 1116 1987 50
1141 1956 1210 1987 Ubi
1237 1954 1358 1987 laudes
1385 1954 1553 1986 infinitae.

1142 2002 1284 2033 Cunctis
1312 2001 1443 2031 sanctis
1468 2010 1557 2031 unus
1582 2003 1703 2031 cantus

1142 2048 1285 2087 Semper
1303 2049 1453 2083 sanctus,
1473 2049 1623 2083 sanctus,
1642 2049 1792 2076 sanctus.

1143 2092 1291 2123 Sanctus
1317 2094 1424 2132 pater.
1451 2094 1591 2122 sanctus
1616 2094 1728 2127 natus,

1146 2138 1294 2169 Sanctus
1321 2137 1501 2176 utriusque
1526 2135 1639 2173 flatus,

1077 2180 1120 2213 55
1146 2182 1268 2213 Cuncti
1298 2182 1480 2212 concinum
1509 2182 1616 2212 creati

1146 2228 1325 2258 Invi-eatae
1351 2227 1511 2261 trinitati,

1146 2273 1228 2309 Uni,
1257 2272 1332 2308 soli,
1358 2281 1440 2302 vero
1468 2272 1540 2302 Deo

1146 2318 1184 2348 ln
1211 2321 1352 2348 aeterno
1378 2316 1542 2347 iubilaeo.

326 2452 470 2485 Collect.
496 2463 558 2483 ms.
583 2452 768 2494 Aug-nstin.
794 2454 975 2484 Monacen.
1002 2463 1091 2484 saec.
1120 2450 1170 2484 12.
1198 2452 1284 2483 Clm.
1311 2452 1491 2483 Monacen.
1517 2448 1616 2483 8304.
1642 2469 1679 2474 —
1704 2450 1796 2488 XIV,

239 2495 279 2529 16
304 2499 340 2528 in
366 2507 508 2539 parvam
535 2500 678 2538 partem.
705 2515 748 2520 --
774 2499 866 2531 XVI.
893 2497 911 2529 7
938 2509 1058 2530 verum
1084 2497 1316 2529 Salomonem.
1342 2515 1386 2517 —
1414 2495 1453 2528 10
1479 2497 1737 2538 praecipitetur.
1759 2512 1793 2517 -

235 2543 347 2580 XVII,
373 2542 393 2573 5
418 2542 453 2573 hi
479 2542 601 2574 hostis.
630 2559 671 2563 —

327 2588 417 2619 Eine
451 2587 595 2619 kiirzerc
622 2588 871 2629 Bcarbeitung,
905 2588 960 2620 die
993 2589 1056 2619 mit
1079 2587 1328 2619 vorstehender
1352 2587 1414 2618 das
1437 2588 1560 2619 Meiste
1585 2587 1795 2628 gemeinsam

238 2633 307 2669 hat,
337 2632 426 2664 steht
453 2634 487 2663 in
513 2634 624 2664 einem
647 2633 790 2665 Collect.
817 2644 879 2664 ms.
899 2633 1113 2665 Haslacense
1139 2633 1220 2663 anni
1244 2630 1339 2664 1240.
1359 2632 1444 2664 Clm.
1464 2633 1642 2663 Monacen.
1662 2627 1794 2670 12513;

237 2688 272 2709 es
299 2679 345 2709 ist
369 2677 512 2709 dcshalb
538 2677 635 2709 nieht
659 2679 879 2720 notwendig,
905 2678 1058 2710 diesclbe
1084 2677 1158 2709 hier
1183 2678 1407 2710 mitzuteilen.
1457 2677 1596 2709 Ebenso
1623 2676 1716 2708 halte
1740 2674 1794 2707 ich

236 2724 290 2754 fiir
316 2723 556 2765 unangczeigt,
588 2723 642 2754 die
669 2724 906 2765 Bcarbeitung
930 2724 990 2756 des
1015 2723 1116 2754 Prior
1140 2723 1283 2754 Konrad
1306 2733 1375 2754 von
1399 2723 1550 2764 Gaming
1574 2720 1649 2753 hier
1671 2719 1796 2753 wieder

241 2767 496 2800 abzudruckcn.
553 2768 649 2799 Auch
684 2770 734 2800 sie
768 2770 872 2800 stiitzt
905 2769 978 2800 sich
1010 2769 1072 2800 auf
1101 2768 1156 2800 die
1181 2768 1430 2805 vorstehende,
1462 2766 1603 2799 umfasst
1627 2766 1710 2798 aber
1733 2775 1797 2797 nur

241 2813 296 2844 die
339 2818 427 2844 erstc
466 2813 585 2845 Halfte
626 2813 685 2845 des
723 2812 1022 2846 Ilildebert'schen
1060 2813 1257 2846 Gediehtes.
1319 2814 1402 2845 NVer
1442 2812 1514 2844 sich
1555 2811 1609 2843 fur
1644 2810 1796 2843 dieselbe.

242 2859 476 2895 interessiert,
511 2860 561 2890 sei
587 2860 778 2890 vcrwiesen
804 2860 867 2890 auf
887 2860 991 2891 Mone
1016 2860 1047 2898 I,
1078 2858 1132 2894 14,
1160 2869 1212 2890 wo
1239 2858 1392 2890 dieselbc
1417 2868 1478 2890 aus
1504 2857 1590 2890 Clm.
1615 2856 1796 2888 Monacen-

240 2899 329 2934 3012
353 2903 509 2940 (Collect.
535 2903 735 2936 Andeccnse
762 2914 849 2936 sace.
882 2903 934 2943 15)
959 2905 1142 2946 mitgeteilt
1168 2905 1223 2935 ist.
