2031 3289
868 218 1174 258 —406—

597 384 678 420 315.
715 384 772 425 (2)
807 384 865 418 De
891 383 1034 419 sancta
1058 382 1189 417 Maria
1213 381 1469 425 Magdalena.

897 442 950 474 Ad
974 440 1157 483 Vesperas.

297 525 333 561 1.
365 523 491 560 Maria
521 522 789 569 paenitentiae,

366 579 507 616 Forma
538 579 669 627 lapsis,
703 589 790 625 spes
821 578 968 624 veniae,

366 635 421 674 Ut
451 646 518 672 nos
549 639 682 672 auctor
712 634 893 672 bonitatis

365 692 446 729 Iam
478 691 647 737 sepultos
677 692 713 728 in
745 691 912 736 peccatis

423 747 651 796 Resuscitet,
684 747 824 785 obtine.

299 841 321 876 [ὑ

328 868 335 876 .

370 838 446 876 Ora
476 848 546 884 pro
577 837 744 884 peccatis
775 837 926 888 nostris,

369 893 581 931 Iustificata
611 894 818 943 peccatrix,

367 950 425 987 Eo
456 950 593 987 mentis
624 950 762 997 studio,

367 1008 447 1053 Quo
478 1011 646 1054 aeterno,
679 1006 776 1055 vivo,
809 1016 899 1043 vero

427 1062 661 1109 Supplicasti
691 1063 867 1100 Domino.

297 1155 335 1193 3.
367 1152 547 1199 Irrigavit
577 1157 626 1199 te,
657 1153 796 1197 Maria,

369 1209 513 1247 Christi
544 1209 698 1256 pietatis
727 1209 851 1256 unda,

366 1265 436 1312 Qui
469 1269 506 1301 te
537 1265 631 1302 lavit
663 1270 700 1302 et
731 1264 940 1311 mundavit,

365 1321 445 1358 Nos
476 1321 606 1359 abluat
638 1333 659 1358 a
690 1323 857 1370 peccatis

425 1377 604 1415 Caritatis
635 1379 771 1425 gratia.

698 1469 733 1507 7.
767 1467 1000 1506 Paenitentis
1034 1467 1186 1505 devotio

766 1526 1012 1562 Peccatorum
1044 1523 1215 1560 remissio

1113 522 1153 559 4.
1184 521 1290 558 Haec
1319 518 1470 557 infirma
1499 520 1549 557 ad
1581 520 1772 557 medicum

1143 868 1150 876 .
1183 837 1321 874 Plenus
1350 835 1609 872 misericordia

1126 1154 1152 1192 ³.
1186 1151 1304 1189 Offert
1335 1151 1429 1187 haec
1458 1151 1743 1197 paenitentiam,

1181 577 1296 614 Venit
1326 586 1511 623 quaerens
1543 576 1764 622 remedium,

1184 633 1454 682 Prosternitur,
1487 643 1562 669 non
1592 633 1778 683 loquitur,

1182 689 1257 727 Sed
1288 689 1455 726 lacrimis
1487 688 1707 737 confitetur3

1239 745 1302 783 Sic
1333 746 1409 792 agit
1438 745 1640 791 negotium.

1184 893 1259 930 Dat
1290 892 1459 929 medicus
1490 891 1670 939 remedia,

1184 949 1299 986 Nulla
1330 948 1475 995 respuit
1504 948 1661 985 vulnera

1184 1005 1430 1052 Omnipotens
1461 1004 1660 1048 medicina,

1240 1063 1292 1098 At
1324 1062 1404 1098 vult
1435 1061 1560 1098 cordis
1590 1061 1737 1099 intima.

1182 1208 1256 1245 Hic
1287 1206 1433 1244 confert
1462 1207 1756 1255 indulgentiam,

1182 1265 1307 1312 Fugat
1338 1268 1481 1310 septem
1515 1263 1715 1301 daemonia

1183 1319 1424 1368 Septiformis
1450 1320 1651 1357 clementia

1237 1378 1270 1414 A
1304 1387 1487 1414 conversa
1517 1375 1670 1414 femina.

764 1581 853 1619 Fiat
883 1580 1013 1629 nobis,
1045 1591 1190 1618 summo
1222 1580 1317 1627 Deo,

765 1637 836 1683 Qui
867 1641 924 1673 est
954 1641 1084 1674 nostra
1115 1637 1339 1683 redemptio,

820 1694 935 1742 Laus,
970 1693 1088 1730 honor
1122 1698 1159 1729 et
1189 1692 1321 1740 gloria.

347 1782 461 1823 Opera
497 1793 560 1814 mS.
599 1783 743 1815 Goffridi
776 1782 1005 1814 vindocinen.
1043 1792 1131 1814 saec.
1171 1780 1221 1813 12.
1279 1782 1361 1813 Cod.
1394 1781 1622 1813 Vindocinen.
1661 1778 1735 1812 193.
1773 1799 1818 1804 -—

258 1827 419 1860 sirmond
446 1828 468 1859 l.
494 1839 521 1859 c.
548 1839 579 1870 p.
606 1826 672 1860 318
698 1839 749 1870 sp.
775 1846 818 1849 —
845 1826 875 1866 1,
901 1826 921 1859 *2
946 1828 1120 1859 Formula.
1145 1845 1189 1848 —
1215 1825 1245 1865 2,
1271 1824 1291 1858 3
1316 1826 1401 1858 fehlt
1426 1827 1503 1858 eine
1529 1826 1633 1858 Silbe.
1661 1843 1702 1850 —

592 1971 673 2005 316.
710 1970 767 2011 (3.)
806 1970 864 2004 De
890 1969 1031 2005 sancta
1058 1968 1188 2004 Maria
1213 1969 1467 2011 magdalena.

882 2028 935 2060 Ad
960 2028 1185 2060 Nocturnum.

302 2110 338 2148 1.
371 2110 497 2148 Maria
528 2109 711 2157 quaedam
744 2110 907 2158 nomine,
1118 2112 1155 2147 4.
1188 2109 1343 2155 Quaerit
1370 2109 1509 2146 ancilla
1541 2108 1745 2160 dominum,

371 2166 602 2212 Magdalena
635 2166 864 2216 cognomine,

373 2225 468 2260 Arte
500 2223 658 2260 seducta
691 2223 912 2260 daemonum

377 2279 577 2316 Peccatrix
610 2277 680 2316 fuit
713 2279 879 2318 nimium.

299 2371 336 2407 2.
371 2370 473 2415 Quae
505 2368 632 2415 specie
662 2369 839 2405 intumuit

372 2425 422 2462 Et
454 2425 619 2471 turpiter
651 2425 860 2472 succubuit,

371 2481 565 2528 Superbac
597 2481 732 2518 mentis
765 2481 857 2518 vitio

371 2538 485 2576 Venit
517 2538 642 2574 carnis
675 2538 879 2585 corruptio.

298 2631 334 2665 2³».
366 2627 516 2665 Crimen
549 2627 700 2674 quidem
733 2631 789 2664 est
822 2627 973 2674 gravius

370 2684 524 2731 Mentis,
557 2684 624 2720 sed
657 2685 780 2721 carnis
811 2684 984 2732 turpius,

370 2740 467 2777 Dum
500 2740 647 2786 turpius
678 2739 839 2789 erubuit,

370 2797 475 2842 Quod
510 2802 567 2833 est
597 2796 761 2843 gravius,
795 2796 930 2833 timuit.

348 2885 460 2925 Opera
498 2895 559 2916 ms.
597 2885 741 2918 Goffridi
780 2885 1009 2917 Vindocinen.

256 2928 417 2961 sirmond
446 2930 467 2960 1.
492 2941 519 2961 c.
546 2941 576 2971 p.
602 2928 678 2963 320.

1130 2628 1154 2666 ¹.
1189 2626 1321 2664 Gloria
1352 2627 1401 2662 sit
1432 2625 1532 2674 patri
1564 2635 1720 2673 summo,

1189 2221 1335 2259 Obtulit
1365 2221 1459 2259 haec
1489 2221 1724 2270 obsequium,

1189 2278 1264 2315 Hic
1295 2278 1453 2315 contulit
1485 2279 1705 2316 remedium.

1148 2397 1156 2406 .
1189 2367 1354 2405 Mirifica
1385 2368 1554 2414 potentia

1187 2424 1236 2461 Et
1268 2424 1422 2470 pietatis
1450 2425 1584 2471 gratia,

1190 2481 1292 2525 Quae
1323 2480 1361 2517 in
1392 2480 1464 2518 ista
1496 2480 1711 2526 peccatrice

1191 2537 1336 2574 Vulnus
1367 2537 1516 2574 sanavit
1548 2536 1719 2576 vulnere.

1189 2166 1304 2212 Optat
1334 2164 1483 2202 infirma
1515 2165 1700 2203 medicum
1714 2179 1723 2214 3
1997 2186 2003 2342 J

1998 2346 2001 2375 Ι

1997 2450 2000 2486 l

1192 2683 1291 2720 Laus
1324 2683 1403 2719 eius
1434 2682 1640 2730 unigenito,

1188 2739 1321 2776 Honor
1351 2738 1503 2785 spiritui
1535 2743 1677 2788 sancto,

1189 2795 1368 2833 Trinitati
1399 2795 1462 2832 uni
1494 2795 1587 2832 Deo.

1047 2894 1136 2918 saec,
1175 2883 1226 2916 12.
1281 2884 1362 2916 Cod.
1395 2883 1623 2915 vindocinen.
1663 2878 1736 2914 193.
1781 2898 1819 2904 -—
