1914 3223
147 273 169 309 [Ο

146 542 211 580 26.

147 811 211 852 27.

145 1060 209 1122 28.

142 1359 207 1394 23¹.

141 1627 205 1665 530.

137 1900 201 1937 31.

139 2172 204 2212 32.

138 2437 203 2476 33.

136 2703 200 2741 34.

204 300 212 309 .
245 269 440 317 Iohannes,
473 267 543 305 Dei
575 270 708 314 gratia,

242 325 401 364 Subtilis
434 325 532 362 velut
565 324 702 371 aquila,

243 384 329 429 Ipso
362 392 417 418 me
450 380 552 417 fonte
583 380 693 427 satia,

243 439 354 476 Cuius
385 437 523 484 potasti
556 435 719 476 flumina.

242 540 310 586 Qui
342 538 411 576 tibi
442 543 597 576 matrem
630 538 746 575 sociat

242 597 289 634 Et
323 596 451 633 clausa
482 595 576 633 caeli
609 600 763 642 reserat,

243 654 351 691 Meae
383 657 514 700 parcat
544 652 718 689 miseriae

241 710 310 746 Tui
339 713 514 756 precatus
544 717 707 746 munere.

248 811 515 858 Apostolorum
548 811 674 857 ceteri,

243 868 507 915 Evangelistae
537 868 614 913 alii,

243 925 520 971 Discipulorum
553 924 712 971 agmina,

242 982 346 1019 Haec
377 982 501 1018 iuvate
532 980 759 1028 precamina.

243 1084 317 1121 Vos
347 1084 564 1121 innoeentes
595 1083 714 1129 pueri,

238 1141 307 1188 Qui
348 1152 416 1187 pro
446 1141 595 1180 Christo
627 1139 864 1186 truncamini,

242 1198 377 1234 Vestra
408 1197 495 1235 date
525 1196 705 1241 subsidia,

241 1254 309 1299 Qui
342 1254 535 1291 clamatis:
568 1264 639 1291 nos
669 1253 836 1290 vindica.

240 1357 268 1393 Ο
301 1360 556 1403 protomartyr
587 1354 789 1402 Stephane,

240 1412 297 1449 Tu
327 1412 469 1458 primus
500 1413 538 1449 in
570 1411 786 1457 certamine,

241 1468 362 1505 Heres
394 1469 533 1506 sacrati
564 1468 737 1517 nominis,

238 1525 383 1562 Adesto
416 1525 628 1563 desideriis.

239 1628 360 1674 Caput
392 1626 511 1664 nudas
542 1626 746 1675 lapidibus,

235 1683 340 1721 Caeli
371 1687 477 1730 patet
507 1683 695 1729 introitus,

237 1741 358 1777 Iesum
390 1744 551 1777 stantem
583 1740 815 1787 consideras,

236 1797 395 1834 Securus
427 1797 552 1834 hostes
584 1797 735 1835 toleras.

234 1899 358 1936 Orasti
390 1897 498 1936 flexis
529 1899 684 1946 genibus

233 1956 306 1993 Pro
337 1955 497 1992 inimicis
529 1966 700 2001 cernuus

232 2013 306 2050 Pro
337 2013 567 2060 supplicanti
599 2013 748 2050 servulo

230 2069 443 2118 Intereede,
474 2073 511 2106 te
542 2070 704 2116 postulo.

236 2170 292 2208 Tu
322 2176 468 2219 martyr
498 2172 758 2218 invictissime,

235 2228 397 2276 Albane,
429 2229 487 2266 vir
517 2229 728 2277 mitissime,

233 2284 321 2321 Pius
351 2286 483 2322 adesto
515 2286 664 2324 servulo

233 2341 286 2378 Te
319 2341 539 2389 deprecanti
570 2343 714 2381 sedulo.

236 2437 305 2484 Qui
336 2437 466 2474 sitiens
498 2439 722 2486 martyrium

234 2494 352 2531 Prece
382 2494 533 2532 siccasti
564 2494 728 2545 fluvium,

233 2550 362 2597 Regna
393 2555 525 2600 petens
558 2552 737 2590 caelestia

232 2608 395 2655 Capitali
425 2610 626 2649 sententia.

232 2703 408 2742 Dissolve
439 2715 556 2742 nexus
588 2705 786 2742 criminum

234 2762 305 2798 Per
316 2761 438 2798 lesum
454 2762 648 2799 Christum
659 2762 857 2799 Dominum

232 2817 283 2854 Ut
315 2822 435 2855 tecum
468 2818 504 2854 in
537 2818 764 2855 caelestibus

233 2873 455 2911 Sanctorum
487 2876 620 2922 iungar
650 2875 830 2912 coetibus.

196 2946 346 2973 j'rovus,
377 2943 622 2978 llyninograplii
647 2944 762 2971 Latini.
794 2944 807 2970 l

863 2792 871 2812 7

873 153 924 193 07
987 174 1038 181 —

955 268 1019 304 35.
1056 267 1240 317 Vincenti,
1273 271 1418 315 martyr
1450 268 1590 312 inclite,

1052 324 1244 375 Carbones
1272 335 1436 362 >vernans
1469 325 1661 372 sanguine,

1054 382 1207 418 Caelum
1240 385 1369 418 tenens
1402 381 1438 418 in
1468 392 1635 432 munere,

1056 438 1129 475 l’ro
1160 448 1218 474 me
1248 439 1394 485 precari
1428 442 1573 485 satage.

957 540 1021 576 36.
1056 539 1248 585 Laurenti,
1281 543 1426 586 martyr
1455 539 1643 586 pertinax,

1054 596 1097 632 In
1129 595 1203 632 tide
1232 596 1295 642 pie
1328 600 1540 642 contumax,

1054 653 1121 690 Cui
1154 652 1191 688 in
1223 652 1308 699 igne
1338 652 1490 699 militas,

1052 708 1200 755 Rogare
1232 720 1300 755 pro
1332 719 1391 746 me
1421 709 1587 747 studeas.

951 810 1014 849 37.
1045 810 1270 848 Cunctorum
1304 817 1431 848 coetus
1458 816 1681 859 martyrum,

1049 866 1184 904 Curam
1217 873 1440 914 spernentes
1462 879 1663 915 corporum

1049 924 1117 960 Cui
1149 923 1308 961 funditis
1339 925 1574 973 sanguinem,

1048 980 1159 1017 Hunc
1191 981 1360 1018 reddatis
1392 982 1633 1029 placabilem.

955 1082 1021 1120 38.
1058 1082 1239 1120 Silvester
1269 1083 1517 1134 admirabilis,

1053 1138 1298 1177 Confessione
1329 1140 1478 1189 nobilis,

1050 1196 1176 1243 Caput
1208 1195 1331 1233 factus
1363 1197 1557 1245 ecclesiae,

1001 1246 1006 1251 ”
1050 1252 1268 1290 Orationem
1300 1254 1458 1301 respice.

952 1356 1016 1393 39.
1049 1356 1093 1392 ln
1125 1355 1214 1392 sede
1246 1355 1348 1392 Petri
1380 1355 1537 1401 positus,

1049 1411 1142 1448 Eius
1173 1411 1324 1458 quidem
1358 1412 1533 1458 vicarius,

1051 1468 1174 1514 Ipsius
1206 1479 1358 1505 consors
1389 1469 1544 1515 gloriae,

1054 1524 1159 1562 Caeli
1190 1525 1359 1572 gaudens
1390 1526 1429 1562 in
1461 1525 1633 1574 culmine,

951 1627 1015 1666 40.
1047 1626 1155 1664 Meos
1186 1627 1342 1664 intende
1371 1627 1531 1675 gemitus

1049 1683 1140 1720 Tuis
1171 1684 1337 1722 iuvando
1369 1684 1557 1731 precibus,

1049 1740 1120 1786 Qui
1151 1741 1334 1778 talentum
1368 1741 1610 1790 multiplicas,

1050 1797 1101 1835 Ut
1132 1802 1196 1835 tuo
1226 1799 1305 1845 regi
1338 1799 1501 1845 placeas

948 1902 1014 1940 41.
1047 1900 1218 1951 Gregori,
1254 1902 1407 1948 praesul
1437 1901 1592 1952 optime,

1044 1957 1176 1994 Totius
1208 1956 1275 1995 flos
1308 1958 1504 2004 ecelesiae,

1046 2014 1187 2051 Domus
1218 2015 1290 2052 Dei
1322 2015 1602 2063 candelabrum,

1046 2071 1097 2109 Ut
1128 2076 1274 2118 parcat,
1306 2083 1397 2119 roga
1427 2072 1630 2109 Dominum

951 2174 1016 2213 42.
1051 2173 1233 2217 Martine‚
1266 2173 1384 2218 sidus,
1418 2173 1579 2221 Galliae,

1049 2230 1241 2267 Virtutum
1274 2229 1424 2267 fervens
1455 2240 1621 2276 munere,

1049 2290 1165 2333 Quem
1197 2287 1292 2335 tegis
1324 2287 1626 2331 catechumenus,

1048 2343 1137 2388 Fac,
1169 2347 1210 2381 ut
1241 2348 1436 2382 succurrat
1466 2344 1660 2382 Dominus.

949 2440 1017 2478 43.
1051 2439 1296 2477 Sacerdotum
1329 2438 1528 2486 confessio,

1050 2495 1315 2534 Confessorum
1347 2497 1480 2545 oratio,

1049 2554 1190 2592 Summi
1222 2553 1321 2601 regis
1353 2553 1571 2600 conspectui

1048 2610 1188 2648 Offerte
1219 2621 1351 2657 preces
1383 2611 1536 2647 servuli.

949 2707 1015 2745 44.
1048 2707 1162 2745 Vitae
1194 2705 1285 2743 felix
1317 2706 1510 2756 Felicitas,

1046 2765 1148 2810 Quae
1180 2763 1303 2810 prinu
1333 2764 1432 2800 inter
1461 2764 1555 2801 alias

1047 2820 1102 2857 Ob
1135 2821 1305 2857 caritatis
1337 2821 1510 2856 meritum

1047 2877 1129 2913 lloc
1160 2882 1264 2913 tenes
1296 2877 1547 2924 privilegium.

1455 2941 1473 2974 7

1669 900 1677 915 ³
1713 923 1715 926 .
