1914 3223
90 223 93 225 ’
127 241 194 280 31.

126 761 193 800 32,

125 1418 193 1457 35,

128 1938 194 1978 36.

127 2445 194 2484 37.

243 240 382 290 Credo,
416 239 500 286 pius
530 239 713 286 parvulus

295 296 366 334 hoc
398 306 471 333 non
502 295 739 340 abhorreret,

239 351 361 392 Immo
396 362 500 389 more
531 351 681 398 parvuli

295 408 424 447 forsan
455 408 643 446 arrideret

238 465 321 504 Nec
351 475 392 502 se
422 476 444 502 a
475 465 708 512 pauperculo

294 521 398 570 tangi
428 521 650 568 prohiberet

237 578 288 616 Et
318 578 462 625 petenti
494 577 642 615 veniam

295 633 407 672 facile
438 632 598 672 faveret.

240 759 368 806 Felix,
401 759 465 805 qui
496 762 586 795 tunc
616 757 798 805 temporis

295 815 409 852 matri
445 815 628 862 singulari

238 872 428 909 Potuisset
456 871 634 919 precibus

295 929 350 966 ita
381 926 572 975 famulari,

237 984 290 1024 Ut
319 984 359 1022 in
391 985 452 1022 die
483 985 626 1021 sineret

294 1042 410 1079 semel
442 1041 604 1079 osculari

242 1098 358 1136 Suum
390 1097 538 1135 dulcem
569 1097 768 1144 parvulum

298 1154 406 1202 eique
437 1154 567 1194 iocari.

946 239 1010 278 33.

946 759 1010 797 34.

1058 238 1088 277 Ο
1119 248 1230 286 quam
1262 238 1373 276 dulce
1403 237 1579 276 balneum

1115 295 1149 332 ei
1180 305 1482 342 praeparassem,

1059 352 1089 390 Ο
1120 362 1231 398 quam
1264 351 1387 388 libens
1417 351 1556 388 umeris

1113 418 1248 454 aquam
1279 408 1556 456 adportassem,

1060 464 1220 502 Praesto
1251 464 1364 501 matri
1395 464 1532 511 virgini

1113 531 1263 567 semper
1294 520 1568 558 ministrassem

1054 578 1312 625 Pauperisque
1348 577 1498 623 parvuli

1115 634 1301 680 pannulos
1334 633 1530 673 lavassem,

1059 758 1121 796 Sic
1149 757 1283 795 affecta
1313 759 1377 804 pia
1410 768 1513 794 mens

1116 813 1197 850 sitit,
1228 818 1505 861 paupertatem,

1059 869 1143 909 Cibi
1174 871 1460 918 parcimoniam,

1116 927 1232 964 vestis
1263 927 1466 975 vilitatem,

1057 982 1187 1021 Labor
1218 983 1252 1019 ei
1282 983 1445 1021 vertitur

1115 1040 1154 1076 in
1184 1039 1472 1086 iucunditatem,

1057 1093 1186 1135 Vilem
1219 1107 1301 1133 esse
1332 1096 1472 1133 saeculi

1117 1152 1209 1190 dicit
1247 1156 1494 1190 venustatem.

569 1313 634 1350 IV.
682 1312 871 1350 Cantus
911 1311 974 1350 ad
1014 1311 1253 1349 Tertiam.

239 1415 344 1463 Ergo
375 1415 429 1452 sic
459 1412 659 1452 infantiam

298 1472 439 1510 Christi
473 1471 690 1519 recolendo,

238 1530 369 1568 Horae
399 1528 545 1575 primae
578 1528 766 1565 canticum

296 1590 450 1622 strenue
481 1584 693 1633 psallendo,

239 1642 457 1680 Transitum
488 1642 537 1678 ad
569 1640 795 1678 Tertiam

297 1697 390 1735 facit
418 1698 633 1745 recolendo,

242 1755 392 1801 Quanta
424 1754 598 1792 Christus
629 1764 763 1801 passus
794 1756 852 1791 est

298 1811 467 1848 homines
499 1810 682 1849 docendo.

239 1936 346 1974 Tunc
378 1947 462 1974 cum
493 1933 584 1972 fletu
615 1935 748 1972 recolit
950 1935 1016 1973 39.

295 1993 400 2031 illius
430 1992 595 2039 labores,

243 2049 366 2097 sitim,
400 2048 550 2093 famem,
583 2046 739 2098 frigora,

300 2111 428 2144 aestus
459 2109 496 2142 et
527 2104 697 2150 sudores,

241 2164 346 2211 Quae
377 2163 579 2209 dignanter
605 2160 763 2207 pertulit

299 2223 458 2267 propter
488 2222 721 2266 peccatores,

241 2276 344 2315 Dum
374 2275 526 2313 illorum
555 2273 672 2311 voluit

296 2333 479 2370 innovare
510 2341 646 2370 mores,

239 2443 333 2483 Mox
364 2444 504 2482 amoris
536 2441 682 2480 facibus

297 2505 379 2538 tota
411 2504 650 2537 concremata

240 2557 352 2603 Oci,
384 2557 456 2594 oei
488 2556 658 2593 clamitat

299 2613 379 2651 avis
411 2613 506 2651 haec
536 2612 659 2658 beataa

240 2669 389 2708 Mundo
420 2669 516 2707 mori
547 2668 715 2716 cupiens,

297 2726 386 2773 quia
416 2726 479 2764 via
508 2725 597 2773 lata,

240 2783 291 2821 Ei
323 2781 443 2819 foetet
473 2781 625 2825 saeculi,

299 2839 355 2876 sic
385 2843 442 2876 est
474 2837 649 2876 delicata.

947 1415 1012 1454 38.

949 2442 1018 2481 40.

1059 1413 1207 1453 Clamat
1238 1423 1347 1459 ergo:
1381 1412 1557 1459 Domine,

1117 1469 1238 1506 dulcis
1269 1469 1522 1518 praedicator,

1057 1526 1241 1564 Exsulum
1272 1523 1471 1572 refugium,

1116 1592 1324 1628 pauperum
1357 1585 1515 1627 amator,

1060 1638 1130 1685 Qui
1162 1649 1200 1676 es
1231 1638 1504 1685 paenitentium

1118 1695 1204 1742 pius
1236 1695 1461 1741 consolator,

1060 1754 1153 1791 Post
1183 1758 1221 1790 te
1254 1751 1365 1788 debet
1398 1760 1552 1787 currere

1118 1808 1238 1846 iustus
1270 1812 1305 1844 et
1336 1812 1528 1854 peccator.

1063 1933 1167 1971 Iusto
1198 1932 1339 1979 quippe
1370 1930 1501 1978 regula

1117 1993 1181 2026 tua
1213 1992 1270 2025 est
1301 1988 1487 2034 doctrina,

1061 2047 1308 2084 peccatorum
1339 2043 1545 2091 speculum,

1118 2102 1219 2139 vitae
1252 2101 1464 2147 disciplina,

1061 2159 1191 2197 Fessis
1224 2162 1259 2194 et
1291 2156 1482 2194 debilibus

1120 2213 1255 2251 efficax
1284 2213 1421 2258 resina,

1060 2271 1197 2318 Aegris
1229 2274 1265 2307 et
1296 2267 1562 2316 languentibus

1116 2331 1251 2374 potens
1282 2326 1483 2363 medicina.

1065 2440 1214 2478 Primus
1246 2439 1283 2475 in
1315 2438 1384 2475 hoc
1416 2435 1567 2474 saeculo

1120 2495 1288 2533 caritatis
1320 2495 1487 2531 scholam

1062 2552 1300 2597 Instaurasti‚
1332 2559 1515 2598 quaerere

1121 2609 1259 2646 docens
1290 2608 1360 2645 Dei
1394 2607 1511 2644 solam

1063 2664 1245 2708 Gloriam,
1279 2664 1469 2711 deponere

1119 2731 1271 2769 gravem
1302 2720 1433 2757 mundi
1463 2718 1600 2755 molam

1059 2777 1111 2815 Et
1141 2778 1197 2815 sic
1226 2787 1337 2824 posse
1368 2775 1556 2823 perditam

1118 2833 1302 2871 rehabere
1332 2833 1481 2870 stolam.
