2031 3289
986 197 1036 201 -
1097 172 1179 213 438
1238 195 1289 200 —

678 286 715 324 3.
749 285 895 322 Limine
926 289 1068 324 stratus
1099 286 1272 333 spiritum
1303 287 1436 324 beatus

744 342 976 379 Altitonanti
1008 342 1117 379 offert
1147 342 1347 391 illibatum,

743 397 923 435 Manibus
955 402 1087 445 certat,
1119 403 1202 436 orat
1231 399 1270 435 in
1299 408 1419 446 agone

802 455 875 491 Pro
906 455 1102 501 paricidiS.

675 563 713 601 4.
745 561 821 599 Sed
846 561 1003 607 ‘sanguis
1034 562 1171 598 clamat
1202 561 1289 598 olim
1320 566 1359 598 ut
1392 561 1538 609 Abelis,

743 617 858 665 Tergi
889 617 953 663 qui
984 617 1097 654 nullis
1130 618 1252 664 potuit
1283 618 1452 668 cautelis,

746 674 802 712 Ob
833 674 948 710 letum
983 670 1122 724 [triste]
1158 674 1334 720 martyris
1365 675 1548 722 praeinsti

805 730 934 767 Morte
965 731 1017 766 nil
1049 730 1159 770 iusta.

678 840 715 878 5.
748 837 865 875 Varia
895 848 1044 874 saevam
1077 837 1210 874 mortis
1239 838 1501 875 trunculentae

749 893 890 930 Necem
922 899 1084 930 tortores
1116 894 1222 931 rabie
1254 898 1465 941 vertuntur,

746 950 854 986 Atris
887 954 1072 987 vexantur
1102 949 1223 996 furiis,
1257 961 1339 987 cum
1372 951 1473 988 Kain

805 1005 960 1053 Profugi
992 1006 1098 1046 fiunt.

680 1115 718 1152 6.
751 1113 942 1160 Religiosa
973 1123 1201 1160 consurgens
1232 1124 1410 1161 germana

748 1171 823 1208 Per
854 1170 972 1207 visum
1005 1170 1126 1207 noctis
1158 1171 1277 1217 iungit
1308 1181 1436 1207 aurem
1467 1170 1557 1208 almi

750 1227 914 1263 Victoris
943 1225 1083 1274 fissam,
1116 1226 1198 1263 loco
1227 1237 1373 1274 quoque
1405 1228 1538 1265 haeret

806 1283 979 1329 Repente
1011 1286 1136 1329 caput.

13 1347 41 1441 ς,
681 1391 716 1427 7.
750 1390 844 1435 Regi
875 1390 1068 1426 Danorum
1100 1389 1170 1427 hoc
1201 1390 1346 1437 insigne
1378 1382 1519 1427 factum

11 1453 14 1459 ⁴
750 1446 921 1483 Christus
952 1446 990 1482 in
1023 1456 1133 1483 cruce
1163 1447 1290 1483 reddit
1322 1445 1574 1496 manifestum,

751 1503 888 1539 Titulis
920 1513 1007 1549 ergo
1039 1503 1151 1539 struit
1181 1503 1254 1539 sibi
1285 1503 1479 1549 ternplum,

808 1559 1027 1605 Sumptibus
1060 1560 1178 1597 dives.

0 1620 37 1774 ᾖ
682 1672 718 1710 8.
751 1672 960 1710 Pollinctus
994 1671 1102 1709 busto
1133 1672 1308 1709 redditur
1338 1676 1508 1720 augusto,

753 1728 875 1766 Suave
906 1729 1042 1765 olentis
1074 1740 1192 1775 vapor
1224 1729 1341 1776 surgit
1374 1730 1520 1777 mentis,

752 1785 880 1822 Pascit
911 1786 973 1832 qui
1005 1784 1142 1832 famen,
1173 1786 1359 1832 trimaque
1391 1791 1546 1822 sanatur

809 1842 977 1880 Cicatrix
1009 1842 1111 1880 inde.

681 1956 718 1993 9.
751 1955 813 1992 Ad
846 1955 950 1991 cuius
980 1958 1107 1992 astant
1135 1955 1280 1992 uranici
1313 1955 1479 1992 tumbam

753 2011 929 2058 Spiritus,
962 2012 1061 2048 unde
1092 2017 1243 2048 sumunt
1274 2012 1398 2049 lumen
1430 2012 1525 2058 orbi,

751 2068 955 2114 Mancique
987 2068 1112 2105 claudi
1143 2068 1298 2105 artubus
1333 2069 1515 2106 directum

811 2124 1068 2161 Membrorum
1100 2136 1219 2161 usum.

655 2237 721 2276 10.
754 2237 887 2275 Surdis
919 2237 1116 2274 obstrusus
1147 2237 1322 2274 redditur
1352 2237 1516 2285 auditus,

754 2292 954 2331 Defunctis
985 2295 1063 2331 vita
1093 2295 1238 2340 pariter
1268 2294 1429 2339 medela,

756 2350 965 2396 Languidis
997 2361 1155 2397 quoque,
1188 2361 1357 2387 maerore
1389 2351 1558 2397 deiectis,

814 2406 1001 2443 Gaudium
1033 2418 1160 2445 ovauS.

656 2520 720 2559 11.
754 2519 926 2565 Hincque
957 2518 1174 2566 frequenter
1206 2519 1305 2556 visus
1337 2523 1393 2556 est
1423 2520 1624 2566 palaestris

756 2576 903 2613 (juncos
935 2576 1033 2612 inter
1064 2574 1209 2613 ferreas
1241 2581 1412 2613 catervas

754 2632 916 2668 Vincere
948 2633 1077 2681 hostis,
1111 2633 1259 2679 aquilae
1290 2631 1514 2670 flannnantis

867 2689 1020 2727 Vexillo
1051 2694 1192 2727 tutans,

463 2800 534 2831 Pol.
570 2797 628 2831 154
641 2810 671 2832 a.
700 2800 772 2841 „Ad
799 2802 1005 2831 matutinum
1032 2798 1210 2841 liyiuxnis·“
1239 2818 1280 2822 —
1305 2798 1342 2837 3,
1377 2798 1396 2830 2
1427 2801 1651 2832 Altitonantis
1676 2800 1739 2833 Hs.
1763 2818 1805 2823 —-
1831 2800 1870 2842 4,
1904 2797 1927 2832 3

371 2845 502 2876 Ausfall
538 2847 661 2877 zweiei·
687 2845 805 2877 Silben
835 2847 870 2876 111
896 2845 956 2877 der
982 2846 1043 2876 Hs.
1074 2862 1113 2866 —
1143 2844 1172 2883 5,
1199 2844 1219 2876 2
1244 2846 1384 2876 tortoris
1411 2847 1551 2877 rabiem.
1579 2864 1619 2868 —
1644 2843 1680 2884 8,
1718 2844 1733 2878 1
1757 2846 1923 2878 Polincus

372 2891 435 2921 Hs.
460 2889 643 2922 fchlcrhat't
668 2894 752 2921 statt
777 2891 964 2931 pollinctus
990 2891 1071 2922 oder
1096 2890 1243 2932 polictus
1268 2891 1493 2932 (pollingere).
1524 2909 1561 2911 >—
1591 2889 1640 2929 ll,
1665 2888 1686 2923 3
1711 2891 1838 2924 hostes.
