2031 3289
898 230 1201 270 —598-

373 343 460 376 Dass
496 344 590 375 diese
615 343 788 385 Strophen
825 342 967 380 unecht,
1001 341 1147 373 braucht
1178 341 1275 373 nieht
1303 341 1459 374 bemerkt
1486 352 1529 373 zu
1553 341 1701 374 werden.
1747 343 1789 374 In
1813 343 1840 376 C

282 390 329 421 ist
358 389 419 420 das
445 389 533 421 Lied
567 399 609 420 zu
641 390 752 421 einem
778 387 1038 429 Stundengebet
1066 387 1261 428 aufgeteilt:
1286 387 1482 428 Doxologie
1501 386 1690 428 jedesmal:
1719 388 1841 421 Gloria

286 435 364 472 tibi,
389 435 536 466 Domine
559 430 563 474 Ι
584 434 735 465 Pascens
761 444 823 465 nos
849 433 991 464 cottidie
1015 435 1077 463 etc.
1126 431 1204 472 Vgl.
1229 432 1330 463 Anal.
1355 432 1378 463 1.
1404 442 1432 463 c.
1458 429 1532 464 114.

373 478 441 510 Str.
479 477 499 511 9
530 478 601 510 und
635 476 676 510 10
708 478 821 510 dieses
845 477 972 509 Liedes
1005 477 1065 508 hat
1089 476 1181 508 Roth
1212 486 1274 508 aus
1309 478 1404 508 einer
1428 477 1668 509 Darmstiidter
1691 477 1755 510 Hs.
1780 479 1839 511 ab·

284 524 463 567 gedruckt,
490 521 735 565 (Romanische
752 522 998 563 Forschungen
1022 522 1082 559 VI,
1115 520 1182 561 44),
1208 521 1298 553 ohne
1322 521 1384 553 das
1401 521 1619 553 Bruchstiick
1637 520 1689 554 als
1706 523 1840 556 solehes

279 580 323 601 zu
355 569 542 602 erkennen.
578 587 622 590 —
655 569 726 599 Auf
753 567 906 609 gleicher
937 567 1163 599 Unkenntnis
1196 566 1350 598 beruhen
1380 568 1417 598 in
1450 567 1667 599 Chevalier's
1699 568 1837 610 Repert·

280 615 574 656 Hymnologicum
606 613 661 644 die
693 613 753 644 Nr.
779 610 911 650 23597,
943 609 1073 649 23749‚
1110 609 1239 650 27686,
1272 609 1400 650 33769,
1433 622 1485 643 wo
1518 612 1574 644 die
1598 612 1837 645 Bruchstiicke

279 659 393 692 dieses
410 659 653 701 Reimgebetes
672 658 723 689 als
744 655 947 698 „Hymnen“
967 657 1026 689 des
1039 657 1229 698 Papstes
1246 657 1296 688 Jo
1308 656 1474 688 hannes
1491 657 1605 689 XXII.
1619 659 1839 700 ausgegeben

275 705 424 737 werden.

675 840 756 877 396.
793 840 851 883 (7.)
889 841 946 876 De
972 840 1235 877 sacramento
1262 841 1431 879 Altaris.

477 945 613 983 Hostia
644 945 742 986 viva,
775 945 872 995 vale,
903 944 993 982 fidei
1024 943 1120 995 fons,
1153 945 1274 992 gloria
1303 947 1448 997 matris,

534 1002 683 1039 Donum
714 1000 839 1049 finale,
877 1012 968 1038 vera
997 1000 1118 1049 figura
1147 1001 1281 1048 patris.

477 1058 618 1096 Vivens
648 1058 770 1106 panis,
803 1069 883 1107 ave,
917 1068 1000 1094 cum
1030 1058 1182 1095 numine
1212 1058 1339 1096 iuncte
1369 1070 1496 1109 suave,

534 1115 599 1152 Me
629 1114 834 1161 prohibens
866 1125 888 1151 a
918 1124 999 1160 vae,
1030 1114 1101 1151 mis
1131 1125 1282 1165 memor,
1316 1116 1386 1161 eia,
1419 1115 1516 1157 fave.

423 1175 445 1211 5
477 1173 622 1210 Manna
654 1171 851 1215 viatorum,
884 1171 1015 1208 veniae
1045 1171 1118 1215 via,
1151 1168 1273 1208 forma
1304 1172 1473 1221 sophiae,

534 1227 680 1265 Ductor
710 1231 933 1275 amatorum,
966 1227 1017 1263 sis
1047 1227 1139 1264 mihi
1168 1238 1300 1265 norma
1330 1228 1426 1268 viae.

476 1284 591 1322 Panis
624 1283 805 1332 dulcoris,
839 1283 932 1320 caeli
966 1283 1083 1327 cibus,
1117 1293 1200 1320 esca
1232 1285 1393 1332 saporis,

537 1341 614 1377 Vas
645 1340 858 1388 salvatoris,
891 1344 971 1377 esto
1001 1350 1144 1376 memor
1173 1341 1362 1378 memoris.

482 1396 732 1443 Praesidium,
763 1396 938 1443 Domine,
969 1396 1090 1434 virtus
1119 1395 1243 1442 plebis
1274 1398 1511 1445 peregrinae,

395 1455 446 1492 10
534 1454 652 1499 Quam
686 1452 789 1489 Deus
819 1453 857 1489 in
888 1452 962 1489 fine
991 1451 1167 1499 frangere
1197 1462 1291 1490 neve
1320 1453 1411 1492 sine.

477 1511 523 1548 In
552 1514 589 1546 te
619 1519 716 1555 pane
747 1509 897 1556 quidem
930 1515 1016 1546 sunt
1047 1513 1137 1555 tres,
1169 1519 1242 1546 non
1275 1509 1341 1555 dii,
1375 1510 1477 1547 Deus
1508 1511 1624 1560 idem,

535 1565 627 1603 Sunt
656 1570 734 1602 tres
764 1577 838 1602 non
868 1565 982 1611 idem,
1013 1576 1087 1602 non
1118 1565 1193 1602 tria
1222 1576 1359 1603 numen
1389 1566 1504 1606 idem.

476 1621 628 1668 Duplex
659 1626 794 1658 natura
824 1622 927 1658 Deus
959 1632 1010 1666 es,
1042 1621 1203 1658 hominis
1235 1632 1322 1659 caro
1349 1623 1462 1669 plena

533 1679 763 1716 Permanens
794 1689 911 1727 pura3
943 1678 1025 1715 laus
1056 1677 1127 1714 tibi
1160 1678 1383 1725 verbigena!

393 1735 443 1774 15
478 1735 624 1781 Corpus
654 1734 754 1771 idem
791 1745 957 1783 numero,
990 1734 1178 1781 quondam
1211 1735 1257 1771 de
1289 1735 1433 1783 virgine
1464 1741 1606 1786 natum,

535 1791 578 1828 Iu
611 1801 721 1827 cruce
751 1791 921 1839 letatum,
953 1791 1068 1828 credo
1098 1790 1230 1828 videre
1259 1801 1376 1832 mero.

476 1847 591 1886 Panis
622 1847 661 1883 in
691 1847 816 1892 altari,
850 1847 953 1885 caelo
985 1857 1072 1884 caro
1103 1858 1199 1894 pura
1230 1848 1385 1895 videris,

533 1903 626 1941 Visu
658 1903 809 1951 mutari,
842 1904 993 1941 numine
1023 1914 1097 1940 non
1128 1904 1284 1950 poteriS.

473 1959 539 1997 Nil
570 1960 682 1997 etiam
713 1961 857 2006 pateris
887 1960 1094 2008 indignum,
1127 1960 1158 1996 si
1190 1961 1412 2009 comedaris,

392 2017 445 2055 20
534 2017 587 2056 Ut
618 2016 687 2063 vis,
719 2017 774 2053 sic
805 2017 966 2064 caperis,
998 2016 1121 2054 hostia
1151 2021 1286 2064 sponte
1317 2017 1432 2056 daris.

477 2074 535 2111 Tu
567 2073 629 2119 qui
662 2073 828 2119 dignaris
859 2073 975 2110 tribui
1005 2072 1114 2110 nobis
1145 2077 1181 2110 et
1211 2073 1249 2110 in
1282 2083 1358 2123 esu,

533 2129 634 2166 Esca>
664 2129 855 2176 salutaris,
888 2130 958 2166 mis
988 2129 1181 2177 miserere,
1213 2130 1311 2169 Iesu.

367 2262 462 2295 Orat.
498 2274 562 2295 ms.
594 2264 825 2305 Anglicanum
858 2273 946 2295 saec.
983 2261 1033 2295 15.
1082 2263 1165 2296 Cod.
1199 2264 1368 2296 Oxonien.
1396 2263 1599 2296 Rawlinson
1631 2263 1658 2295 C
1690 2262 1766 2297 558.
1803 2253 1846 2288 «ζ

277 2306 297 2340 6
315 2311 459 2340 amator.
478 2327 520 2331 ——
541 2309 691 2350 „Versus
709 2309 893 2351 compositi
912 2319 931 2340 a
949 2309 1054 2340 fratre
1071 2309 1087 2340 I
1099 2308 1270 2341 ohanne
1294 2309 1343 2341 de
1360 2309 1591 2346 Peccham,
1617 2311 1724 2342 totius
1741 2310 1834 2352 Ang-

274 2354 344 2385 liae
370 2351 526 2395 primate,
553 2354 595 2386 de
621 2358 838 2386 sacramento
864 2352 1017 2385 altaris.“
1044 2371 1089 2375 ——
1113 2354 1289 2386 Abschrift
1313 2364 1382 2385 von
1407 2355 1491 2386 Rev.
1511 2355 1556 2386 H.
1573 2355 1620 2386 M.
1638 2355 1832 2387 Bannister.

598 2548 679 2585 397.
714 2549 772 2591 (8.)
806 2549 863 2583 De
889 2548 1056 2584 Deliciis
1081 2548 1259 2592 Virginis
1285 2548 1514 2585 Gloriosae.

276 2655 312 2693 1.
359 2653 483 2701 Salve,
515 2659 646 2691 sancta
678 2659 800 2691 mater
830 2654 913 2700 Dei,
1092 2655 1129 2692 2.
1177 2653 1300 2699 Salve,
1333 2653 1414 2691 Deo
1443 2658 1674 2702 consecrata,

360 2710 484 2747 Radix
515 2710 628 2757 vitae,
662 2709 778 2747 robur
805 2710 887 2757 spei
1159 2710 1396 2757 ,Priusquam
1428 2710 1515 2747 huic
1545 2711 1685 2748 mundo
1715 2714 1816 2757 nata,

414 2767 552 2804 Mortis
583 2767 622 2803 in
652 2766 849 2814 angustiis,
1230 2767 1336 2804 Intra
1367 2767 1499 2804 matris
1530 2772 1688 2813 uterum,

360 2823 432 2859 Per
468 2827 504 2859 te
532 2833 672 2870 quaeso
704 2823 902 2872 consolari,
1173 2822 1282 2860 Dono
1310 2822 1387 2860 fixa
1416 2823 1584 2874 speciali,

359 2878 419 2914 Da
451 2879 597 2916 sincere
627 2879 804 2916 meditari
1174 2879 1225 2917 Ut
1257 2889 1325 2916 nec
1351 2880 1460 2927 lapsu
1492 2879 1628 2917 veniali

416 2934 473 2970 De
504 2936 577 2971 tuis
610 2935 769 2973 deliciis.
1231 2936 1414 2972 l‘eccares
1445 2935 1482 2973 iu
1513 2939 1718 2983 posterum.
