1914 3223
751 170 803 177 -
863 150 944 190 :3:35
1004 173 1056 177 —

139 259 203 299 13.
237 257 371 301 Natus
404 265 461 298 est
488 262 761 312 temporaliter,

130 1037 196 1076 14.

130 1816 194 1855 15.

126 2587 188 2626 16.

235 319 304 363 Qui
338 323 447 356 natus
478 319 721 356 aeternaliter

294 375 349 412 De
381 375 462 412 Deo
492 377 601 422 patre
634 375 769 416 fuerat,

237 431 323 478 lpso
355 436 442 469 nato
475 433 650 470 celeriter

235 487 374 524 Factus
406 493 463 525 est
493 489 578 536 pius
609 489 753 526 arbiter

295 546 366 582 Pro
399 546 551 585 mundo.
580 546 643 593 qui
675 546 864 592 perierat.;

235 601 356 638 Ilomo
389 602 486 638 enim
518 603 737 641 ostenderat

231 657 365 706 Deum,
399 659 462 705 qui
493 659 591 696 liunt·
623 664 831 707 creaverat,

291 715 338 751 Et
371 716 426 751 sic
457 721 537 752 erat
570 717 616 752 lis
647 716 795 764 iugiter.

236 771 346 810 Unde
378 783 459 808 esse
490 784 564 809 non
597 777 757 819 poterat,

231 828 339 874 Quod
372 829 492 873 homo,
531 830 594 876 qui
627 837 862 877 peccaverat,

290 885 372 922 Non
403 886 602 932 puniretur
630 888 809 934 graviter.

229 1035 291 1078 Ex
322 1035 459 1078 Maria
490 1050 579 1087 ergo
610 1041 713 1087 pium

231 1096 341 1134 Pacis
371 1097 490 1133 traxit
522 1097 783 1134 connnereinm

288 1153 395 1190 Nova
427 1164 609 1199 reparans
642 1153 795 1191 foedera

231 1210 277 1247 Et
311 1210 478 1246 reddens
509 1210 756 1257 arbitragium

229 1270 277 1305 Se
309 1267 356 1304 ad
389 1267 510 1314 patris
541 1267 740 1305 arbitrium

285 1323 430 1362 Obtulit
462 1330 620 1370 propter
650 1325 794 1361 scelera

229 1380 389 1424 Mundi3
423 1380 534 1418 beata
565 1381 709 1418 viscera

231 1437 352 1474 Huius
383 1438 516 1474 matris
547 1443 583 1474 et
613 1438 731 1475 ubera

286 1494 475 1540 Suumque
506 1495 761 1542 puerperium,

230 1549 337 1587 Felix
369 1551 451 1597 ipsa
483 1562 684 1599 puerpera,

228 1606 401 1644 Serviant
433 1608 467 1644 ei
497 1609 624 1645 sidera

282 1664 333 1701 Et
363 1669 463 1702 totus
495 1676 586 1712 grex
619 1664 801 1706 fidelium,

229 1812 414 1869 Virgine
443 1817 528 1864 ipsa
558 1816 718 1856 firmiter

225 1873 408 1911 Servante
439 1879 477 1910 et
507 1875 697 1912 stabiliter

283 1930 412 1968 Sancti
442 1931 600 1977 pudoris
631 1932 751 1969 lilium

225 1986 338 2024 Suum
371 1988 495 2025 Venus
527 1993 563 2025 et
594 1989 740 2036 Iupiter

223 2043 274 2081 Et
304 2048 423 2081 totum
455 2045 598 2082 caelum
631 2047 774 2092 pariter

280 2101 472 2139 Mirantur
502 2103 758 2149 puerperium,

222 2159 340 2195 Aetas
372 2169 520 2206 quoque
550 2159 754 2196 viventium

222 2214 271 2251 Et
303 2215 478 2252 iuventus
510 2220 544 2252 et
575 2217 717 2253 senium

278 2272 336 2309 De
357 2271 427 2308 hoc
443 2277 596 2318 stupent
614 2274 852 2319 perenniter;

222 2327 356 2368 Miror,
391 2329 482 2366 dicit
512 2330 714 2376 ingenium,

221 2384 270 2421 Et
303 2385 485 2432 virginem
519 2391 555 2422 et
587 2385 730 2436 filium,

277 2441 351 2478 Hie
382 2442 573 2478 studerem
605 2443 780 2482 inaniter.

219 2585 378 2628 Passus
411 2594 466 2625 est
497 2590 579 2635 ipse
611 2589 722 2635 filius,

221 2645 328 2683 Licet
359 2647 507 2691 peccati
539 2647 698 2695 nescius,

279 2702 423 2738 Poenas
453 2707 490 2738 et
522 2703 767 2740 contumelias

222 2756 436 2805 Factusque
468 2762 525 2795 est
555 2760 753 2809 propitius,

219 2815 290 2861 Qui
321 2825 452 2852 servus
484 2814 605 2852 fuerat
639 2816 758 2862 prius,

274 2872 351 2911 Iam
385 2877 563 2920 expertus
595 2871 791 2918 miserias3

946 2253 1007 2290 19.

1053 264 1250 312 Nunquam
1282 266 1455 302 inventus
1486 265 1580 302 alias

1052 321 1135 358 Fuit
1171 320 1485 370 paterfamilias,

1107 379 1175 425 Qui
1209 379 1409 415 contulerit
1440 379 1587 425 plenius

1051 437 1142 471 Suus
1175 435 1454 473 misericordias

1052 492 1124 529 Pro
1155 492 1232 528 suis
1264 499 1297 528 ct
1331 493 1522 539 angustias

1106 549 1333 585 Sustinuerit
1366 549 1508 587 durius.

955 697 967 732 l
1007 725 1014 733 .
1049 692 1207 740 Subest,
1239 696 1302 743 qui
1334 707 1449 743 supra
1480 697 1631 742 ponitur

1049 752 1095 789 Εἰ
1129 753 1281 789 subdito
1313 753 1497 790 subit-itur

1104 810 1184 846 Rex
1217 810 1404 846 caelorum
1436 810 1654 856 altissimus,

1047 867 1179 903 Coram
1213 867 1337 904 iudice
1369 867 1520 903 ducitur

1046 923 1096 960 Et
1126 923 1267 960 iudicio
1296 924 1453 973 sistitur,

1103 980 1172 1025 Qui
1195 980 1308 1017 iudex
1331 985 1387 1017 est
1408 981 1677 1029 aequissimus3

1047 1037 1228 1083 Superior
1259 1037 1298 1073 tit
1331 1036 1480 1074 infimus

1047 1094 1094 1130 Et
1129 1094 1292 1130 virorum
1322 1094 1546 1131 novissimus

1102 1152 1135 1187 A
1168 1151 1318 1197 suisque
1350 1150 1587 1198 relinquitur,

1047 1207 1103 1243 De
1135 1207 1298 1244 maximo
1329 1207 1371 1244 fit.
1401 1207 1576 1244 minimus

1047 1264 1106 1312 Et,
1142 1264 1229 1300 licet
1262 1265 1310 1301 sit
1343 1265 1615 1313 sanctissimus,

1102 1321 1202 1358 Reus
1234 1321 1365 1358 mortis
1397 1321 1621 1359 condicitur.

1007 1504 1012 1509 .
1046 1470 1199 1513 Pontio
1231 1470 1372 1515 Pilato
1405 1473 1523 1512 feram

1047 1532 1211 1569 Ferente
1243 1535 1279 1567 et
1311 1531 1545 1569 mortiferam

1101 1588 1242 1625 Contra
1282 1588 1404 1634 ipsum
1437 1589 1676 1637 sententiam,

1043 1645 1087 1681 In
1119 1655 1230 1681 cruce
1262 1656 1411 1682 manum
1443 1646 1639 1683 dexteram

1043 1699 1285 1748 Affigendam
1317 1706 1352 1738 et
1383 1703 1540 1739 alteram

1098 1758 1285 1795 Extendit
1315 1760 1351 1795 in
1383 1760 1598 1808 angariam3

1043 1815 1149 1852 Tunc
1180 1816 1387 1852 seeundum
1418 1817 1618 1854 Ieremiam

1042 1872 1341 1909 Transeuntibus
1372 1883 1441 1919 per
1472 1874 1569 1911 viam

1099 1929 1225 1966 Potuit
1256 1940 1360 1966 suam
1391 1941 1564 1976 asperam

1042 1987 1259 2023 Monstrare
1291 1987 1568 2032 contumeliam,

1042 2042 1190 2079 Illatam
1223 2054 1292 2089 per
1322 2043 1517 2093 invidiam,

1098 2100 1189 2138 Cum
1222 2100 1275 2136 nil
1301 2100 1437 2147 egisset
1459 2111 1671 2147 perperam.

1042 2250 1288 2293 Crucifixus
1320 2253 1386 2289 ille
1418 2252 1487 2290 fuit

1038 2309 1085 2346 Et
1118 2310 1242 2355 solvit,
1275 2321 1370 2356 quae
1401 2322 1474 2347 non
1506 2311 1644 2360 rapuit,

1094 2366 1199 2403 Dans
1232 2367 1394 2403 animam
1425 2367 1463 2404 in
1494 2368 1670 2416 pretium,

1037 2423 1111 2461 Sua
1142 2434 1265 2469 poena
1296 2434 1368 2460 non
1401 2425 1527 2466 latuit,

1038 2479 1197 2527 Sanguis
1228 2479 1346 2516 fluens
1378 2481 1528 2517 edocuit

1093 2537 1142 2573 Et
1174 2537 1272 2573 latus
1304 2548 1410 2573 sunm
1442 2537 1613 2584 pervium

1037 2593 1269 2639 Animaeque
1302 2593 1518 2641 divortium,

1035 2651 1219 2696 Quantum
1252 2661 1368 2697 grave
1399 2651 1627 2697 supplicium

1092 2707 1168 2743 Pro
1201 2706 1349 2743 homine
1379 2708 1580 2755 sustinuit3

1036 2763 1149 2800 Suum
1182 2773 1327 2810 quoque
1359 2764 1616 2811 opprobrium,

1035 2821 1191 2858 Factum
1224 2819 1342 2856 oculis
1373 2821 1550 2866 omnium,

1089 2875 1298 2913 Evidenter
1329 2877 1398 2913 hoc
1429 2877 1563 2918 innuit.
