1914 3223
521 746 758 800 Ori-icus
797 746 1253 811 Scaeabarotius‚

547 863 874 912 Archipresbyter
904 864 1218 913 Mediolanensis,

795 929 821 981 †
854 932 975 972 1293.

193 1057 279 1087 W'as
304 1065 369 1088 uns
396 1056 483 1087 iiber
507 1055 563 1087 die
580 1055 917 1088 Lebensschieksale
934 1056 1048 1087 dieses
1065 1055 1228 1087 Dichters
1247 1056 1402 1088 bekannt
1422 1058 1477 1094 ist,
1503 1056 1593 1088 habe

104 1101 274 1133 Analecta
299 1102 382 1133 XIV
409 1102 446 1140 b,
482 1100 514 1132 S.
544 1100 606 1133 149
633 1112 682 1143 sq.
717 1101 912 1143 mitgeteilt.
962 1101 1130 1142 Beifiigen
1163 1101 1299 1134 mochte
1332 1102 1387 1133 ich
1421 1113 1464 1134 zu
1489 1101 1565 1134 dem
1591 1101 1669 1134 dort

104 1147 280 1188 Gesagten
303 1157 379 1183 nur,
405 1146 482 1178 dass
507 1147 581 1178 sich
607 1150 707 1179 unter
731 1146 797 1178 den
823 1146 1016 1178 Urkundeu
1043 1146 1151 1188 Papst
1175 1147 1375 1179 Alexander
1399 1148 1459 1179 IV.
1486 1149 1563 1179 eine
1589 1158 1668 1179 vom

103 1190 156 1224 25.
182 1192 282 1224 Febr.
312 1190 397 1224 1256
423 1192 586 1230 datierte,
622 1192 894 1224 Scaccabarozzi
920 1191 1127 1224 betreffende
1154 1192 1321 1231 befindet,
1353 1193 1483 1224 welche
1508 1193 1580 1229 ihn,
1609 1194 1667 1225 ob-

103 1237 211 1270 schon
257 1248 294 1269 er
343 1236 472 1270 bereits
513 1238 639 1269 Probst
678 1248 748 1269 von
789 1236 859 1268 San
900 1238 1052 1269 Nazario
1093 1238 1129 1268 in
1172 1239 1291 1269 Brolio
1333 1239 1401 1276 sei,
1450 1237 1669 1280 ermiichtigt,

106 1283 400 1324 „Forisdecanatu
425 1286 460 1315 et
484 1283 682 1324 praebenda
708 1284 745 1314 in
770 1282 918 1314 ecclesia
937 1284 1146 1321 Brivatensi,
1172 1283 1469 1315 Claromontensis
1487 1283 1669 1322 dioecesis,

103 1329 290 1371 resignatis
325 1339 395 1361 non
430 1329 652 1361 obstantibus
685 1326 982 1370 quibuscumque“
1011 1327 1137 1360 andere
1162 1328 1358 1360 Beneficien
1384 1330 1420 1360 in
1445 1330 1559 1361 seiner
1583 1330 1668 1360 mai-

101 1373 306 1406 landischen
342 1375 491 1406 Diozese
527 1384 570 1405 zu
609 1374 840 1405 kumulieren.
906 1374 983 1415 Vgl.
1025 1373 1093 1404 Les
1134 1373 1298 1415 registres
1334 1374 1569 1407 d'Alexandre
1606 1375 1667 1405 IV.

102 1418 258 1462 publiees
284 1428 347 1461 par
371 1420 408 1452 C.
434 1419 563 1451 Bourel
588 1419 629 1451 de
656 1419 689 1450 la
714 1417 882 1451 Ronciere
908 1422 973 1451 etc.
999 1429 1030 1459 p.
1057 1416 1133 1457 334,
1160 1430 1192 1450 n.
1222 1417 1318 1451 1116.

193 1464 248 1496 An
274 1465 335 1496 der
360 1465 607 1497 bezeichneten
625 1465 733 1497 Stelle
750 1464 811 1495 der
828 1464 998 1496 Analecta
1015 1464 1062 1495 ist
1078 1464 1212 1496 sodann
1229 1465 1357 1497 bereits
1376 1466 1666 1497 Scaccabarozzis

101 1511 208 1543 Liber
233 1510 432 1543 Officiorum
466 1510 576 1543 ediert
608 1510 757 1542 worden.
806 1509 922 1542 Einen
947 1509 1125 1550 Nachtrag
1157 1520 1199 1540 zu
1230 1510 1430 1542 demselben
1464 1510 1573 1542 bildet
1605 1511 1666 1542 das

102 1557 150 1588 im
172 1555 359 1598 folgenden
383 1556 543 1588 erstmals
568 1555 776 1597 publizierte
794 1554 954 1587 Officium
979 1555 1039 1586 des
1064 1554 1110 1587 hl.
1130 1555 1251 1588 Ulrich
1270 1556 1333 1586 mit
1349 1555 1416 1587 den
1434 1555 1666 1598 zugehiirigen

102 1602 266 1643 Hymnen
298 1601 368 1633 und
399 1601 459 1633 der
493 1601 789 1642 eingeschalteten
822 1599 990 1643 Sequenz.
1042 1601 1107 1632 Die
1141 1600 1313 1632 Kenntuis
1346 1601 1458 1633 dieses
1488 1600 1666 1633 Officiums

101 1646 279 1679 verdanke
304 1646 361 1678 ich
387 1648 482 1679 einer
506 1647 596 1678 Note
622 1647 659 1677 in
682 1646 851 1677 Wilhelm
877 1647 1014 1686 Meyers
1042 1646 1299 1678 Gesammelten
1325 1646 1602 1689 Abhandlungen
1622 1647 1665 1685 11,

104 1690 186 1734 1193
211 1691 267 1724 die
292 1692 472 1724 Abschrift
495 1701 558 1723 aus
584 1691 666 1724 Cod.
693 1691 912 1723 Ambrosian.
940 1692 966 1722 P
996 1688 1057 1722 165
1084 1702 1159 1732 sup.
1187 1692 1300 1723 Herrn
1326 1692 1441 1734 Georg
1458 1691 1541 1730 Fell,
1568 1691 1602 1723 S.
1629 1693 1666 1729 1.‚

102 1738 345 1770 Poenitentiar
368 1747 424 1769 am
450 1738 560 1769 Dorne
581 1747 625 1768 zu
648 1736 816 1768 Mailand.
865 1738 938 1768 Das
964 1736 1125 1769 Officium
1151 1738 1197 1767 ist
1220 1734 1280 1768 fiir'
1298 1737 1354 1768 die
1380 1737 1600 1768 Humiliaten
1625 1748 1667 1768 zu

102 1784 214 1815 Pavia
247 1783 295 1814 im
326 1783 436 1815 Jahre
462 1781 549 1815 1282
580 1782 742 1821 verfasst,
775 1783 841 1814 wie
873 1782 929 1814 die
962 1782 1121 1824 folgende
1155 1783 1191 1813 in
1223 1782 1283 1813 der
1309 1783 1373 1814 Hs.
1407 1782 1483 1814 dem
1509 1782 1669 1814 Officium

103 1829 302 1871 beigefiigte
328 1828 466 1870 Epistel
490 1828 688 1860 bekundet:

193 1873 357 1915 Epistola
393 1874 437 1905 ad
472 1876 709 1915 praepositum
742 1873 970 1912 Michaelem,
1007 1873 1050 1904 ad
1087 1882 1206 1914 preces
1245 1873 1344 1904 cuius
1375 1872 1523 1904 domnus
1556 1872 1670 1904 archi-

104 1919 286 1961 presbyter
310 1919 530 1961 compillavit
554 1920 620 1951 hoc
645 1929 742 1961 opus

194 1965 280 1996 Viro
313 1965 579 2007 religiosissimo
612 1968 646 1996 et
678 1975 740 1996 suo
771 1964 983 2005 praedilecto
1015 1964 1052 1994 in
1078 1963 1216 1995 Christo
1251 1964 1383 2001 amico,
1417 1963 1543 1994 domno
1568 1963 1667 1994 fratri

103 2009 341 2049 MichaeH,
368 2012 567 2052 praeposito
593 2011 754 2042 Domus
780 2011 928 2042 Novae
946 2009 1045 2040 ,ultra
1061 2010 1224 2040 Ticinum
1242 2008 1507 2050 I’apiensis,
1533 2007 1665 2039 ordinis

104 2055 473 2096 Humiliatorum,
511 2055 652 2087 Orricus
690 2055 975 2093 Scacabarotius,
1014 2058 1154 2085 sanctae
1187 2054 1459 2085 Mediolanensis
1499 2053 1666 2085 ecclesiae

104 2100 396 2143 archipresbyter,
423 2111 459 2133 se
483 2102 598 2143 ipsum
625 2112 702 2133 cum
729 2101 851 2133 salute.
901 2099 1071 2138 Quamvis
1093 2098 1342 2130 insufficientes
1361 2100 1515 2141 cogitare
1533 2098 1665 2138 aliquid

105 2156 125 2178 a
149 2147 252 2178 nobis
276 2148 378 2189 quasi
401 2157 443 2178 ex
459 2147 561 2178 nobis
579 2146 623 2178 ad
641 2146 910 2188 compillandam
928 2145 1021 2177 beati
1039 2145 1191 2176 Odelrici
1207 2143 1390 2175 historiam
1409 2153 1471 2175 nos
1489 2145 1666 2182 sciremus,

105 2190 316 2224 confidentes
348 2195 464 2224 tamen
496 2192 538 2224 de
563 2193 631 2224 Dei
662 2191 920 2228 misericordia,
954 2191 1013 2232 qui
1045 2190 1104 2221 dat
1137 2190 1297 2221 omnibus
1331 2189 1511 2221 affluenter
1539 2192 1573 2221 et
1598 2199 1667 2220 non

104 2237 318 2279 improperat
356 2247 422 2270 nec
460 2248 530 2269 non
570 2237 612 2269 de
653 2238 785 2269 meritis
826 2236 970 2278 gloriosi
1011 2236 1219 2266 confessoris
1256 2234 1409 2267 Odelrici
1448 2234 1491 2266 ad
1526 2244 1667 2276 precum

103 2286 299 2315 vestrarum
332 2283 537 2315 instantiam
570 2294 631 2325 pro
656 2282 797 2314 modulo
821 2284 961 2313 nostrae
988 2281 1154 2312 scientiae
1180 2280 1365 2322 perfectam
1390 2279 1572 2311 historiam
1598 2283 1669 2311 tam

104 2329 142 2359 in
165 2327 354 2360 dictamine
381 2338 485 2370 quam
510 2330 546 2360 in
570 2332 676 2360 cantu
700 2328 936 2360 laboravimus
963 2329 996 2358 et
1023 2325 1218 2357 studuimus
1244 2325 1445 2367 compillare
1463 2324 1504 2356 de
1522 2324 1669 2366 legenda

104 2374 215 2415 ipsius
248 2383 362 2415 pauca
386 2374 428 2406 de
452 2374 590 2412 multis,
622 2374 748 2416 quibus
774 2374 849 2414 ipse
875 2371 1160 2403 commendabilis
1186 2370 1356 2408 redditur,
1388 2369 1610 2411 decerpentes
1636 2372 1670 2402 et

106 2419 176 2460 ipsi
213 2418 380 2451 historiae
413 2420 622 2459 inserentes,
654 2429 758 2461 quam
788 2420 926 2450 vestrae
956 2417 1135 2448 dilectioni
1162 2426 1222 2458 per
1251 2416 1397 2447 latorem
1423 2416 1672 2456 praesentium,

104 2467 261 2496 nostrum
299 2464 506 2497 familiarem
543 2475 621 2497 cum
658 2464 804 2506 legenda
841 2463 951 2504 ipsius
988 2461 1149 2493 duximus
1184 2461 1444 2497 destinandam,
1483 2461 1595 2502 parati
1633 2462 1669 2492 in

106 2509 348 2542 consimilibus
386 2513 420 2542 et
455 2510 537 2542 aliis
574 2520 709 2552 semper
746 2509 788 2540 ad
825 2511 942 2539 vestra
979 2507 1198 2548 beneplacita
1235 2509 1268 2537 et
1300 2505 1473 2537 mandata.
1533 2505 1668 2537 Vestris

105 2555 324 2587 orationibus
359 2565 423 2587 nos
457 2555 700 2597 multipliciter
732 2553 1060 2586 recommendamus.
1111 2553 1203 2583 Data
1235 2551 1427 2583 Mediolani
1459 2551 1515 2582 die
1542 2551 1667 2582 Martis

103 2600 237 2632 XXIII.
263 2601 393 2633 mensis
418 2601 694 2634 MCCLXXXII.

200 2643 271 2677 Vor
295 2645 372 2678 dem
399 2645 559 2679 Officium
585 2646 642 2678 die
663 2646 770 2678 Note:
800 2644 947 2685 ⁷‚Incipit
973 2641 1134 2680 officium,
1164 2641 1255 2683 quod
1281 2641 1499 2682 compillavit
1523 2640 1668 2672 domnus

105 2691 292 2723 Orricus
317 2691 694 2730 Scacabarotius,
726 2689 999 2722 Mediolanensis
1025 2687 1193 2719 ecclesiae
1219 2686 1506 2728 archipresbyter,
1535 2690 1605 2718 tam
1631 2687 1668 2717 in

104 2735 292 2769 dictamine
318 2746 422 2778 quam
447 2738 484 2768 in
509 2734 646 2769 cantu“.
