1914 3223
769 203 1075 243 —421—

372 317 542 364 Hospitii
573 317 634 355 lex
665 317 741 354 ista
772 317 844 353 mei
876 322 945 357 est,
980 317 1036 354 his
1069 318 1174 354 exsul
1206 317 1254 355 ad
1288 318 1420 356 horam

421 373 589 422 Obligor,
624 373 694 410 hoc
727 372 859 410 foedus
891 374 1010 411 solvet
1042 386 1170 411 amara
1202 375 1296 412 dies.

370 430 571 477 Egrediar‚
604 430 671 467 sed
703 430 831 466 neseio
862 440 944 479 quo,
979 431 1045 467 sed
1079 431 1205 467 nescio
1239 431 1402 477 quando,

417 486 467 523 Et
501 484 661 523 fortasse
694 486 774 523 dies
805 486 877 522 iste
908 496 1106 532 supremus
1138 487 1223 525 erit.

279 544 332 582 35
368 542 436 580 Est
468 542 582 589 igitur
613 542 789 589 ponenda
823 542 968 588 domus,
1000 554 1071 590 qua
1104 543 1223 580 libera
1261 544 1360 581 tristi

423 599 586 636 Carcere
618 604 803 646 perpetuo
834 599 915 635 iure
947 610 1098 636 manere
1130 609 1275 646 queam.

371 655 480 692 Talia
514 654 666 692 deflenti
698 659 735 691 te
766 655 1011 702 respondisse
1042 656 1225 694 recordor

425 711 598 758 Singultu
633 722 742 749 voces
774 711 1006 758 impediente
1037 716 1142 749 tuas:

372 767 469 806 Cara
498 778 634 814 comcs,
670 768 816 815 depone
848 773 999 811 metum,
1034 769 1175 805 desiste
1207 769 1382 815 querelis,

283 825 338 864 40
425 825 539 871 Ecce,
573 825 671 872 quod
704 824 858 862 affectas
890 835 1060 872 quaeque
1090 826 1273 872 precaris,
1307 836 1429 872 agam.

371 882 469 928 Quos
501 881 618 928 igitur
648 881 813 928 quadros
845 881 1006 929 lapides⁷
1040 892 1134 928 quae
1166 882 1266 928 ligna
1299 882 1420 918 secari

422 936 646 984 Praecipis?
678 938 715 974 in
747 937 920 975 manibus
952 937 1058 985 virga
1089 938 1179 985 quid
1210 938 1283 975 ista
1315 936 1436 976 facit?

370 994 487 1039 Quam
520 995 670 1040 suspiro
703 995 865 1041 domum,
899 1005 972 1031 non
1004 995 1153 1041 sculpto
1185 1005 1370 1032 marmore
1401 995 1536 1043 surgit⁷

425 1050 505 1087 Nec
538 1051 656 1088 mixta
687 1050 819 1088 sabulo
852 1051 955 1088 calce
986 1051 1137 1088 levatur
1167 1062 1281 1098 opusg

287 1108 339 1146 45
373 1106 457 1143 Non
487 1107 591 1144 abies
623 1107 810 1155 trabibus,
843 1118 917 1144 non
949 1112 1034 1144 sunt
1067 1118 1111 1144 ea
1141 1119 1233 1145 saxa
1266 1108 1450 1144 columnis

420 1164 537 1212 Apta,
571 1164 664 1201 nihil
695 1175 862 1214 prorsuS‚
896 1164 994 1211 quod
1029 1168 1253 1214 veterascat,
1284 1164 1410 1204 habet.

371 1220 500 1258 Omnis
532 1220 630 1257 enim
660 1242 716 1246 —-
747 1221 812 1257 sed
845 1231 942 1258 vana
973 1231 1073 1266 caro,
1108 1222 1174 1258 sed
1206 1222 1334 1258 inania
1366 1221 1467 1258 venti

383 1298 387 1303 ι
423 1276 552 1314 Verba
583 1287 789 1324 precesque
821 1276 945 1314 ferunt
977 1299 1033 1303 —
1064 1278 1157 1314 vivit
1187 1278 1225 1315 in
1256 1278 1350 1315 aede
1382 1277 1494 1324 lapis.

369 1333 421 1371 Ut
455 1333 564 1371 video
596 1334 770 1379 monitus,
805 1344 907 1371 mens
939 1335 1039 1370 curis
1070 1335 1183 1380 plena
1215 1333 1408 1380 refundit3

285 1391 337 1429 50
427 1390 509 1427 Non
542 1390 634 1427 satis
666 1390 737 1427 hoc
769 1395 916 1437 tempus
948 1390 995 1427 ad
1026 1401 1107 1427 mea
1140 1394 1225 1428 vota
1257 1389 1360 1429 facit.

233 1504 405 1544 Hommey
435 1514 466 1544 p.
502 1500 568 1534 423
602 1514 651 1544 sq.
679 1503 717 1533 A.
743 1520 787 1525 —
812 1501 1037 1544 Beaugendre
1063 1502 1128 1533 col.
1158 1500 1233 1534 946.
1261 1504 1298 1534 B.
1325 1520 1367 1524 -—
1393 1501 1437 1534 44
1464 1502 1592 1544 ligatur
1618 1512 1705 1544 opus

136 1547 247 1588 (Var.)
283 1549 320 1579 B.
359 1566 402 1570 —-
436 1546 479 1580 47
518 1549 630 1580 ventis
665 1546 773 1588 (Var.)
809 1548 847 1579 B.
884 1564 928 1569 -—-
964 1547 1036 1579 Aus
1069 1547 1270 1580 Hildeberts
1306 1549 1619 1588 „Querimouia
1657 1552 1699 1580 et

139 1594 395 1626 conflictus
427 1595 579 1625 carnis
612 1597 650 1624 et
683 1590 909 1635 spiritus.“

619 1794 700 1830 ⁶22.
737 1795 795 1836 (5.)
831 1794 1024 1830 Planctus
1050 1793 1229 1829 Animae.
1277 1818 1283 1826 .

393 1899 428 1940 1.
464 1900 557 1949 Heu,
590 1911 701 1946 quam
731 1904 843 1946 turpe
873 1898 992 1949 nefas,
1027 1911 1136 1946 quam
1169 1899 1467 1949 reprimendum,

462 1957 579 2001 Quam
611 1956 756 1993 discors
787 1956 934 1993 animae
964 1966 1150 2003 quamque
1179 1956 1417 2003 pudendum!

461 2013 596 2051 Mundi
629 2023 718 2050 cura
749 2023 902 2050 movens
935 2012 1099 2059 pectoris
1130 2018 1273 2050 aestum

462 2069 649 2107 Infestare
681 2069 791 2106 docet
821 2069 878 2105 ius
910 2074 946 2106 et
978 2069 1188 2109 honestum.

391 2184 433 2221 2.
465 2183 540 2221 Res
573 2182 721 2220 abiecta
751 2182 861 2219 nimis
893 2192 1036 2228 parque
1067 2182 1202 2229 pudori

465 2239 593 2276 Virtus
625 2243 681 2276 est
714 2238 866 2282 homini,
901 2238 1041 2275 crimen
1073 2239 1217 2285 honori,

465 2296 592 2333 Virtus
625 2296 710 2333 vilis
741 2305 854 2343 apex⁷
888 2295 956 2332 dos
989 2295 1069 2332 sine
1101 2293 1241 2342 fructu‚

464 2352 536 2389 Vix
567 2352 720 2399 impune
750 2352 892 2400 places,
925 2352 987 2388 vix
1021 2351 1104 2388 sine
1135 2352 1250 2389 luctu.

393 2466 431 2504 3.
464 2465 522 2502 Tu
554 2465 685 2503 venale
716 2464 866 2514 bonum,
900 2465 1013 2510 iners,
1045 2474 1205 2502 onerosa

462 2522 589 2567 Merx,
620 2525 766 2559 tantum
798 2521 946 2568 superis
977 2520 1190 2568 ambitiosa,

464 2578 623 2625 Disponi
657 2577 794 2626 facilis,
828 2578 923 2615 dura
954 2578 1105 2623 resumi,

469 2634 646 2672 Vaneseis
677 2635 794 2672 veluti
828 2634 973 2682 virgula
1005 2632 1110 2671 fumi.

391 2748 429 2785 4.
464 2746 548 2784 Non
580 2751 648 2792 est,
682 2756 748 2783 cur
778 2747 930 2793 placeas
961 2746 1134 2793 simplice
1165 2750 1263 2785 voto,

462 2803 533 2850 Qui
564 2803 704 2840 laesam
737 2803 863 2840 doleat
894 2807 990 2840 teste
1023 2806 1177 2847 remoto,

464 2859 533 2905 Qui
565 2863 603 2896 te
633 2859 754 2907 gratis
785 2864 883 2896 amet
916 2859 975 2895 vel
1007 2864 1168 2903 tueatur,

462 2916 532 2962 Qui
563 2915 814 2963 patrocinium
847 2916 1085 2962 polliceatur.
