2031 3289
353 468 389 505 1.

358 749 394 786 fi>

357 2166 376 2203 κ]

964 183 1241 222 —58—

821 371 880 407 53.
915 372 972 414 (2.)
1007 371 1184 414 Hymnus
1209 371 1337 406 Alter.

420 462 459 505 A
492 467 581 503 solis
610 469 714 502 ortus
745 465 902 502 cardine

424 523 608 568 Adusque
637 525 763 558 terrae
793 521 952 558 limitem

424 579 615 617 Christum
636 588 812 614 canamus
830 577 1053 626 principem,

423 635 563 671 Natum
595 635 721 671 Maria
752 634 910 681 virgine.

426 744 576 786 Beatus
607 750 739 783 auctor
769 746 910 782 saeculi

431 804 577 842 Servile
609 814 744 849 corpus
775 802 912 850 induit,

432 861 487 899 Ut
518 870 632 896 carne
664 869 814 896 carnem
845 858 1012 896 liberans

429 916 514 953 Non
539 916 732 963 perderet,
755 916 855 962 quod
878 915 1059 953 condidit.

385 1066 393 1074 .
426 1030 589 1074 Clausae
618 1033 788 1080 parentis
818 1034 967 1071 viscera

427 1091 612 1129 Caelestis
644 1091 761 1127 intrat
791 1091 925 1137 gratia,

424 1149 569 1184 Venter
598 1147 749 1193 puellae
779 1147 925 1183 baiulat

424 1204 600 1251 Secreta,
643 1214 738 1250 quae
781 1215 855 1240 non
885 1206 1054 1242 noverat.

423 1314 572 1356 Domus
603 1316 733 1364 pudici
764 1316 929 1362 pectoris

425 1373 625 1420 Templum
658 1377 814 1419 repente
845 1371 887 1408 fit
916 1371 1002 1420 Dei,

423 1431 574 1468 Intacta
605 1430 777 1466 nesciens
808 1429 930 1465 virum

423 1487 550 1523 Verbo
582 1487 724 1523 creavit
755 1485 886 1523 filium.

384 1629 392 1638 .
425 1596 556 1638 Enixa
587 1602 643 1635 est
670 1608 871 1645 puerpera,

425 1658 541 1703 Quem
574 1655 731 1692 Gabriel
762 1654 1019 1701 praedixerat,

425 1714 542 1758 Quem
573 1712 705 1749 matris
736 1712 822 1748 alvo
853 1711 1017 1758 gestiens

426 1770 584 1807 Clausus
616 1768 802 1806 Iohannes
834 1771 1016 1805 senserat.

423 1878 534 1920 Feno
564 1881 689 1918 iacere
720 1880 890 1927 pertulit,

424 1939 639 1985 Praesaepe
670 1948 745 1974 non
775 1937 974 1974 abhorruit

423 1995 620 2041 Parvoque
651 1994 750 2031 lacte
782 1998 912 2039 pastus
943 1997 1013 2039 est,

426 2053 500 2089 Per
531 2062 639 2097 quem
670 2060 740 2087 nec
771 2051 848 2087 ales
880 2050 1011 2089 esurit.

384 2196 391 2202 .
425 2160 580 2205 Gaudet
612 2164 746 2200 chorus
779 2163 1009 2209 caelestium,

424 2221 475 2258 Et
505 2221 629 2268 angeli
660 2225 799 2257 canunt
833 2220 964 2269 Deum,

427 2278 633 2324 Palamque
665 2276 706 2313 fit
736 2276 952 2323 pastoribus

426 2335 561 2372 Pastor
592 2338 813 2380 creatorque
844 2333 1021 2371 omnium.

427 2444 565 2486 Hostis
596 2446 770 2483 Herodes
801 2446 928 2492 impie,

426 2504 617 2542 Christum
650 2503 779 2539 venire
801 2503 891 2549 quid
913 2501 1053 2539 times?

428 2560 513 2597 Non
546 2560 658 2606 eripit
690 2559 877 2605 mortalia,

423 2618 494 2664 Qui
527 2627 641 2664 regna
674 2617 739 2653 dat
769 2616 958 2655 caelestia.

426 2726 546 2768 Ibant
577 2730 688 2778 magi,
721 2741 794 2776 qua
824 2732 1018 2774 venerant,

429 2786 585 2823 Stellam
617 2790 815 2832 sequentes
846 2785 1052 2833 praeviam,

432 2844 576 2879 Lumen
608 2843 805 2889 requirunt
835 2841 986 2889 lumine,

430 2900 551 2936 Deum
584 2897 751 2935 fatentur
782 2908 948 2936 munere.

1143 465 1206 502 10.

1148 746 1212 783 11.

1139 1034 1204 1071 12.

1142 1315 1207 1353 13.

1145 1599 1210 1636 14.

1140 1883 1204 1920 15.

1142 2164 1205 2203 16.

1141 2447 1207 2484 17.

1142 2730 1206 2768 18.

1237 460 1417 502 Katerva
1447 468 1608 501 matrum
1639 469 1816 512 personat

1241 520 1382 558 Collisa
1415 519 1556 557 deflens
1586 521 1757 568 pignora,

1241 577 1407 622 Quorum
1438 581 1621 624 tyrannus
1652 576 1756 614 milia

1242 633 1394 670 Christo
1427 634 1592 670 sacravit
1623 633 1825 673 victimam.

1240 742 1418 783 Lavacra
1447 746 1533 792 puri
1564 745 1722 792 gurgitis

1246 802 1430 839 Caelestis
1461 813 1578 848 agnus
1608 802 1746 849 attigit,

1246 858 1408 895 Peccata
1437 859 1500 904 qui
1530 858 1659 895 mundi
1692 857 1791 904 tulit,

1245 914 1324 951 Nos
1356 914 1544 951 abluendo
1574 914 1737 951 sustulit.

1235 1029 1435 1071 Miraculis
1468 1033 1571 1070 dedit
1604 1031 1717 1069 fidem

1238 1089 1391 1126 Habere
1422 1100 1462 1125 se
1493 1089 1612 1126 Deum
1644 1093 1803 1136 patrem,

1239 1144 1397 1182 Infirma
1428 1156 1565 1182 sanans
1597 1156 1758 1192 corpora

1240 1202 1291 1239 Et
1321 1202 1506 1239 suscitans
1539 1203 1736 1240 cadavera.

1239 1311 1387 1353 Nox-um
1420 1325 1536 1361 genus
1566 1315 1780 1361 potentiae!

1243 1372 1376 1418 Aquae
1408 1371 1611 1408 rubescunt
1642 1371 1800 1417 hydriae

1239 1428 1452 1475 Vinumque
1482 1428 1585 1466 iussa
1616 1426 1776 1464 fundere

1237 1485 1401 1521 Mutavit
1432 1485 1535 1521 unda
1564 1484 1760 1532 originem.

1245 1594 1342 1637 Orat
1372 1598 1532 1633 salutem
1564 1597 1713 1634 servulo

1243 1655 1364 1691 Nixus
1396 1664 1492 1701 genu
1524 1655 1706 1699 centurio,

1243 1711 1444 1749 Credentis
1475 1710 1592 1747 ardor
1622 1710 1806 1756 plurimus

1241 1767 1419 1805 Extinxit
1448 1767 1553 1814 ignes
1581 1765 1756 1806 febrium.

1237 1877 1380 1919 Petrus
1411 1890 1481 1926 per
1510 1879 1632 1917 undas
1665 1879 1832 1917 ambulat

1239 1937 1381 1975 Christi
1411 1937 1558 1973 levatus
1591 1936 1772 1985 dextera;

1238 1994 1386 2031 Natura
1416 2004 1527 2040 quam
1557 1996 1775 2040 negaverat,

1239 2050 1356 2087 Fides
1386 2050 1538 2096 paravit
1567 2049 1753 2088 semitam.

1238 2159 1386 2216 Quarta
1418 2163 1479 2200 die
1510 2162 1584 2199 iam
1616 2161 1782 2200 foetidus

1239 2220 1362 2256 Vitam
1391 2219 1536 2266 recepit,
1566 2220 1732 2256 Lazarus

1235 2276 1447 2322 Mortisque
1477 2276 1576 2312 liber
1604 2275 1765 2312 vinculis

1236 2333 1377 2370 Factus
1415 2336 1609 2379 superstes
1641 2338 1697 2369 est
1729 2331 1813 2369 sibi.

1239 2442 1361 2484 Rivos
1393 2446 1537 2482 cruoris
1569 2445 1706 2483 torridi

1237 2503 1420 2541 Contacta
1449 2502 1564 2539 vestis
1595 2501 1771 2546 obstruit,

1239 2559 1350 2596 Fletu
1382 2559 1530 2605 rigante
1561 2558 1743 2606 supplicis

1239 2617 1361 2653 Arent
1392 2614 1530 2652 fluenta
1561 2614 1765 2662 sanguinis,

1240 2724 1396 2769 Solutus
1428 2728 1528 2765 omni
1557 2737 1715 2774 corpore

1240 2787 1367 2823 Iussus
1399 2789 1555 2833 repente
1585 2793 1739 2830 surgere

1240 2842 1324 2879 Suis
1356 2841 1521 2878 vicissim
1536 2868 1538 2871 -
1553 2840 1742 2888 gressibus

1238 2899 1364 2945 Aeger
1399 2898 1562 2935 vehebat
1592 2896 1784 2934 lectulum.
