1914 3223
722 210 1030 251 —397—

71 327 74 330 '
92 322 133 355 E.
160 339 204 343 —
228 322 370 354 Colleet.
399 333 460 353 ms.
481 322 728 364 Hospitalense
747 333 836 355 saec.
865 321 916 355 15.
958 324 1040 356 Cod.
1060 324 1302 356 Vindobonen.
1320 322 1419 356 4347.
1439 325 1474 356 F.
1495 343 1535 347 —
1557 324 1654 356 Orat.

94 379 155 400 ms.
181 366 372 409 Campeuse
397 368 479 399 anni
511 366 607 400 1462.
649 368 730 400 cod.
751 368 1006 401 Darmstadieu.
1033 367 1108 400 521.
1133 372 1174 401 (j.
1195 388 1236 392 —
1256 370 1360 401 Scala
1376 370 1463 401 caeli
1484 380 1573 401 saec.
1604 368 1653 401 14.

94 409 178 446 Cod.
209 413 357 455 Pragen.
391 413 477 445 XIII
509 413 539 444 Ε
573 411 604 445 3.
632 414 675 445 11.
709 431 751 435 —
778 414 921 445 Colloct.
948 425 1009 445 mS.
1027 417 1070 447 ’5.
1098 416 1190 446 Petri
1218 412 1456 457 Salisburgen.
1483 425 1572 447 saec.
1602 414 1652 447 15.

99 458 180 490 Cod.
207 458 337 489 Petrin.
365 459 384 489 b
403 458 450 489 VI
468 455 499 490 3.
518 459 544 489 Ι.
564 475 603 480 -—
624 459 765 491 collect..
785 469 846 490 ms.
874 459 1048 501 Augicnse
1067 471 1155 491 saec.
1180 458 1264 491 ¹⁴!1r..
1303 461 1386 492 Coti.
1405 460 1654 493 Carolsruhan.

92 506 180 545 Aug.
205 501 258 535 36.
286 504 326 534 K.
359 521 401 525 ——
435 503 580 535 collect.
605 515 666 535 ms.
695 505 914 535 Francisean.
942 505 1111 537 Parisicn.
1139 516 1228 536 saec.
1258 503 1343 537 mlle.
1393 506 1476 538 eod.
1502 506 1653 538 l‘arisin.

92 547 192 581 3639.
220 550 259 580 L.
278 566 322 570 -—
339 549 434 580 Orat.
460 559 521 579 ms.
549 549 721 581 Gallicum
740 560 828 581 saec.
860 547 910 581 15.
952 550 1034 581 Cod.
1061 551 1195 592 Hagen.
1222 552 1281 582 ΑΛ
1311 549 1383 582 175.
1408 552 1454 582 M.
1474 569 1517 573 —·
1536 553 1655 584 Horae

92 596 132 626 Β.
158 595 206 626 Μ.
230 595 272 625 V.
297 594 340 625 ad
360 604 458 625 usum
477 592 741 626 Cistercionsem
761 596 842 636 imp.
869 605 894 624 ς.
921 595 943 626 l.
970 600 1003 626 et
1029 605 1059 626 a.
1083 594 1209 635 (1497.)
1234 597 1275 628 N.
1304 598 1476 638 —Opera
1493 597 1654 629 Marbodi

94 637 190 671 1524.
217 639 275 670 fol.
302 637 332 671 3.
359 638 429 680 (ap.
456 640 681 681 Beaugeuslre
711 638 818 680 1559)
843 642 882 671 O.

186 683 214 723 1,
244 683 258 715 1
287 685 415 716 Sancta
441 686 538 725 virgo
565 682 739 727 virginum
765 687 809 725 C;
841 686 933 723 Ave,
968 687 1087 727 regina
1112 687 1285 727 virginum
1313 687 1360 721 E:
1395 688 1526 725 Maria,
1553 689 1652 729 virgo

92 732 266 773 virginum
293 730 330 761 F.
355 747 399 750 —-
427 728 456 767 1,
482 729 502 761 2
529 732 692 772 peperisti
719 731 756 762 F.
782 748 825 751 —
852 729 881 769 1,
907 728 928 762 3
952 731 1071 762 Trium
1096 732 1260 763 factorem
1288 733 1418 764 cubulli
1439 733 1481 764 D.
1506 751 1550 753 ——
1576 731 1606 772 2,
1636 731 1650 764 1

92 776 168 817 Ego
200 777 341 817 peccavi
376 777 520 806 nimium
549 776 678 808 BCEL.
712 793 756 797 —
781 774 813 814 2,
839 775 859 806 2
892 779 969 817 peto
995 776 1034 807 O.
1061 795 1103 799 —
1129 776 1159 814 2,
1185 774 1205 807 3
1239 787 1385 817 pa’rona
1417 778 1517 809 <levio
1546 779 1582 809 B.
1609 795 1652 799 -—

92 820 122 860 2,
149 819 170 851 3
194 831 244 861 sq.
271 820 386 852 fehlen
411 821 449 852 F.
475 838 519 842 -—
544 818 575 858 2,
599 820 621 853 4
645 822 692 853 Et
717 821 811 853 salus
829 825 863 853 et
880 822 1035 852 defensio
1061 824 1100 853 ().
1126 839 1169 843 —
1198 820 1229 860 3,
1258 823 1270 853 1
1300 824 1355 855 Me
1372 826 1519 863 gravant
1535 823 1652 855 hostes

92 867 191 899 CGF.
216 883 260 887 -
284 864 316 902 3,
342 864 362 898 3
387 866 534 898 Adversi
561 867 644 898 foris
670 868 724 906 H3
756 868 855 899 Foris
881 868 1036 908 perversi
1065 867 1163 900 BCE.
1192 884 1231 888 —
1258 866 1290 904 4,
1318 867 1332 899 1
1361 864 1449 900 Nam
1474 868 1559 900 mihi
1586 868 1652 901 CF.

91 929 134 933 —
159 909 191 949 4,
216 909 237 942 2
262 911 444 950 Iuflixcre,
479 922 498 943 ο
528 911 669 943 domina
694 912 731 944 C.
757 929 800 933 —
826 909 858 950 4,
882 911 903 943 3
928 912 1025 951 Quae
1051 916 1088 944 tu
1113 914 1181 943 nisi
1207 913 1309 944 EFL.
1335 932 1379 934 —
1402 912 1434 950 4,
1459 912 1481 945 4
1506 914 1586 946 Sint
1611 914 1648 946 C.

90 976 134 980 --
159 955 189 993 5,
218 955 232 988 1
262 956 348 994 heu,
383 956 610 988 suadentibus
636 957 707 989 EF.
732 974 776 979 ——
802 955 832 995 5,
859 955 880 988 2
904 958 1075 990 Mortalen
1101 958 1141 989 Ε.
1169 975 1212 979 ——
1238 957 1267 993 5,
1294 956 1315 990 3
1340 959 1384 990 Et
1418 959 1501 990 fehlt
1528 960 1576 993 D:
1610 960 1655 990 Et

91 1000 137 1034 ob
170 1001 205 1033 id
230 1002 278 1034 E:
313 1002 365 1034 Ob
397 1002 529 1043 hocque
564 1013 642 1034 reus
668 1004 700 1040 1;
734 1004 776 1034 In
801 1003 867 1034 hoc.
892 1013 969 1034 reus
995 1003 1114 1034 videor
1138 1004 1179 1036 G.
1205 1021 1244 1025 —-
1273 1002 1304 1042 5,
1329 1002 1351 1035 4
1375 1005 1487 1035 Meam
1514 1005 1651 1046 culpam

90 1049 132 1078 D.
167 1065 210 1070 —
243 1045 272 1086 6,
300 1044 320 1078 2
352 1047 478 1079 Portas
512 1047 607 1079 effeci
642 1049 691 1087 Η;
728 1048 851 1080 Effeeti
883 1052 1003 1090 portae
1033 1050 1215 1080 eriminum
1249 1050 1288 1081 Ο.
1321 1066 1364 1070 -
1395 1051 1425 1087 6,
1450 1048 1471 1081 3
1503 1050 1652 1082 videndo

93 1093 242 1135 diligens
268 1092 339 1125 BG.
371 1110 415 1113 ——
440 1090 471 1131 6,
496 1091 517 1124 4
543 1095 634 1125 Leve
661 1094 701 1127 C:
735 1094 832 1125 Lena
858 1094 893 1133 1;
928 1094 1035 1125 Levia
1059 1094 1108 1134 G,
1142 1094 1316 1136 tangendo
1343 1096 1485 1136 cupiens
1512 1095 1580 1127 BG.
1606 1112 1650 1117 —

91 1137 123 1177 7,
148 1138 170 1169 4
195 1139 234 1169 In
260 1138 394 1170 illicitis
420 1138 462 1169 D.
496 1156 540 1160 —
572 1136 603 1175 8,
633 1137 645 1170 1
675 1139 817 1181 Esuque
843 1143 926 1180 potu
951 1139 1104 1170 dulcium
1130 1141 1174 1171 H.
1202 1158 1237 1162 --
1268 1138 1298 1176 8,
1323 1138 1345 1171 4
1369 1140 1416 1171 Et
1441 1151 1501 1182 per
1524 1150 1652 1172 vanam

90 1184 238 1225 gloriam
267 1184 297 1215 D
325 1203 365 1206 —
386 1182 416 1222 9,
444 1181 465 1214 2
492 1185 563 1215 otio
589 1183 629 1215 O.
647 1201 689 1205 ——
707 1182 738 1221 9,
765 1181 786 1216 3
811 1195 914 1226 saepe
940 1181 1025 1216 fehlt
1050 1186 1090 1216 Ο.
1109 1203 1153 1205 -
1176 1183 1217 1217 10
1243 1196 1292 1227 sq.
1317 1185 1431 1217 fehlen
1457 1187 1508 1218 H:
1535 1187 1653 1227 spater

89 1229 253 1271 zugefiigt
278 1226 321 1260 B.
346 1246 389 1249 ——
419 1227 469 1267 10,
500 1228 513 1260 1
539 1230 587 1261 Et
612 1230 653 1261 de
679 1230 877 1262 substantia
903 1240 1094 1272 pauperum
1120 1230 1215 1263 UGI:
1244 1231 1295 1262 De
1322 1231 1518 1263 substantia
1544 1231 1580 1262 C.
1606 1249 1650 1254 —

92 1272 142 1312 10,
169 1272 189 1305 2
214 1276 297 1306 Sum
322 1274 413 1310 male
439 1285 521 1306 usus
547 1274 732 1316 plurimum
759 1275 837 1315 ΒΘ,
863 1275 998 1317 Collegi
1016 1286 1154 1307 censum
1176 1276 1360 1317 plurimum
1388 1276 1455 1308 CL.
1486 1294 1523 1297 —
1552 1274 1602 1315 10,
1633 1274 1648 1308 1

87 1323 121 1352 et
139 1319 224 1351 fehlt
240 1320 289 1357 (ἐς
315 1320 370 1351 vel
389 1321 558 1351 avaritiae
577 1319 624 1356 O;
651 1321 703 1352 ira
729 1324 763 1352 et
781 1322 931 1352 avaritia
948 1321 988 1352 E.
1007 1339 1052 1342 —
1071 1319 1122 1359 10,
1151 1319 1166 1352 1
1187 1332 1236 1362 sq.
1258 1321 1328 1352 und
1345 1320 1366 1353 3
1383 1332 1432 1363 sq.
1452 1321 1654 1364 umgestellt

89 1366 130 1397 D.
156 1383 198 1388 —-
227 1362 278 1401 10,
304 1362 325 1395 2
350 1366 431 1396 Feci
450 1365 583 1397 lucrum
604 1366 644 1397 D.
662 1384 705 1388 —
725 1364 777 1404 10,
802 1364 823 1397 4
841 1367 941 1407 quasi
960 1366 1046 1398 fehlt
1063 1367 1115 1407 H3
1142 1366 1279 1398 Servivi
1298 1370 1331 1398 et
1348 1367 1502 1398 lucuriae
1521 1367 1648 1407 BCDI;

87 1415 120 1443 et
138 1411 323 1451 superbiae
350 1411 387 1441 F.
421 1430 455 1433 —
484 1409 536 1449 11,
565 1410 653 1442 lvel
672 1412 790 1443 anima
814 1412 861 1449 O;
888 1415 921 1443 et
939 1413 974 1442 in
992 1413 1109 1443 anima
1134 1412 1170 1443 F.
1197 1429 1241 1432 —
1268 1411 1319 1449 11,
1346 1410 1366 1443 2
1393 1413 1500 1444 multa
1518 1412 1651 1444 scelera

87 1455 259 1488 CDEGL:
287 1460 411 1487 cuncta
435 1457 581 1487 crimina
608 1456 660 1495 H3
688 1457 797 1488 multa
813 1458 959 1488 crimina
977 1458 1014 1489 F.
1036 1475 1073 1478 -—
1098 1456 1147 1494 11,
1174 1455 1195 1489 3
1212 1458 1300 1489 Nam
1319 1467 1408 1499 quae
1427 1468 1550 1499 eorpus
1568 1458 1648 1496 GL,

85 1512 154 1533 non
179 1501 292 1532 valuit
317 1501 356 1532 L.
382 1518 426 1523 -
447 1500 496 1539 11,
522 1499 544 1532 4
569 1501 701 1533 studuit
726 1503 762 1534 F.
789 1519 834 1523 —
861 1502 927 1534 Str.
956 1501 997 1533 12
1021 1502 1107 1534 fehlt
1132 1504 1185 1542 H3
1213 1504 1328 1544 spater
1353 1503 1516 1545 zugefiigt
1540 1504 1578 1534 B.
1604 1520 1647 1523 —

87 1545 139 1585 12,
165 1544 185 1578 2
210 1546 345 1587 pestilis
370 1547 421 1587 D;
448 1547 504 1578 Me
530 1547 695 1588 pestilens
714 1550 856 1579 accusat
871 1548 1001 1579 locutio
1028 1548 1067 1580 G.
1091 1565 1131 1569 —
1154 1547 1206 1586 12,
1232 1547 1252 1579 3
1278 1548 1399 1589 culpae
1416 1548 1584 1580 damnant
1609 1548 1647 1579 F.

85 1610 127 1614 -
149 1590 199 1629 12,
224 1589 246 1622 4
269 1592 325 1623 Me
351 1593 519 1633 iniquitas
545 1593 619 1630 ΒΟ,
645 1593 819 1635 Iniquitas
845 1603 1074 1625 consensuum
1094 1593 1139 1633 G,
1167 1595 1223 1625 Me
1242 1591 1396 1635 pravitas
1416 1604 1648 1625 consensuum

84 1637 131 1677 F3
155 1637 315 1678 nequitas
341 1638 558 1669 consciorum
584 1639 624 1670 O.
649 1655 692 1659 —
717 1638 816 1670 Nach
842 1638 909 1670 Str.
940 1637 979 1670 12
1004 1639 1139 1671 schiebt
1164 1640 1194 1671 D
1222 1640 1296 1671 eint

566 1700 712 1731 Peccavi
738 1711 798 1742 per
823 1700 1004 1738 malitiam,

567 1745 782 1787 Quandoque
807 1756 869 1787 per
894 1747 1081 1783 miseriam,

566 1786 640 1822 Nec
664 1801 804 1831 possum
831 1791 872 1822 de
898 1802 951 1822 me
977 1801 1117 1833 surgere

566 1835 679 1867 Tanto
705 1836 890 1878 depressus
916 1836 1078 1877 pondere.

83 1899 188 1930 Diese
215 1898 282 1930 Str.
308 1899 354 1929 ist
380 1898 517 1939 spatere
541 1899 654 1935 Zutat,
684 1899 748 1929 wie
775 1898 835 1929 der
863 1899 961 1930 Reim
988 1900 1090 1940 zeigt.
1116 1898 1158 1919 *—
1188 1895 1239 1936 13,
1269 1897 1284 1929 1
1312 1898 1389 1930 Hoc
1414 1899 1477 1930 tibi
1503 1899 1545 1937 F;
1580 1899 1643 1931 tibi

82 1943 167 1976 fehlt
193 1944 234 1975 D.
263 1956 300 1964 -ι
335 1940 385 1981 13,
421 1941 441 1974 2
467 1944 496 1975 Ο
522 1942 607 1975 fehlt
631 1944 710 1984 BD3
745 1941 785 1974 In
811 1945 944 1975 cunctis
970 1945 1099 1975 sanctis
1126 1944 1280 1975 sanctior
1307 1944 1350 1977 F:
1388 1944 1484 1983 Quae
1510 1945 1644 1975 cunctis

83 1993 198 2021 exstas
224 1989 377 2020 sanctior
403 1988 443 2020 G.
471 2006 512 2010 —
540 1986 592 2026 13,
616 1987 638 2019 4
663 1988 706 2020 Et
731 1989 874 2031 dignum
901 1989 1038 2026 CEPL,
1065 1989 1120 2020 Me
1146 1989 1289 2031 dignum
1317 1989 1397 2025 DG;
1423 1999 1505 2021 erue
1531 1990 1572 2021 D.
1603 2006 1641 2010 —

83 2034 180 2066 Naeh
207 2037 274 2066 Str.
303 2031 343 2065 13
368 2033 503 2065 schiebt
530 2036 560 2065 D
587 2035 659 2065 ein:

654 2096 740 2128 Tuis
764 2097 877 2128 beatis
904 2096 1008 2127 labiis

655 2142 702 2173 Et
726 2141 897 2173 dedicatis
924 2143 1066 2173 meritis.

85 2203 136 2243 14,
164 2203 179 2235 1
206 2204 321 2236 Exoro
348 2204 393 2245 C;
420 2204 538 2236 Exora
564 2215 624 2246 pro
650 2215 702 2236 me
727 2203 837 2235 filium
864 2204 901 2235 F.
928 2222 970 2226 —
999 2201 1050 2242 14,
1076 2201 1096 2234 2
1123 2205 1170 2237 Ut
1187 2203 1243 2235 det
1261 2203 1346 2235 mihi
1374 2204 1572 2236 BEFGHL.
1600 2222 1641 2226 —

86 2249 135 2289 14,
162 2248 182 2281 3
207 2250 261 2281 Ex
279 2260 382 2281 carne
408 2254 468 2281 tua
495 2251 538 2281 H.
564 2266 607 2270 —
636 2247 686 2288 14,
712 2247 733 2280 4
758 2250 843 2281 Tuis
862 2245 998 2280 favebit
1016 2249 1133 2281 CEFI.
1159 2266 1203 2270 ——-
1231 2247 1282 2287 15,
1312 2248 1325 2280 1
1355 2259 1442 2290 quae
1459 2253 1492 2281 te
1511 2251 1645 2292 peperit

83 2297 131 2333 D;
158 2305 247 2336 quae
273 2305 308 2326 se
334 2296 457 2336 genuit
482 2295 555 2333 CG;
581 2295 697 2333 Matri,
725 2304 814 2336 quae
832 2295 946 2326 Iesum
973 2295 1107 2335 peperit
1131 2295 1170 2325 L.
1196 2311 1240 2316 ——-
1266 2293 1316 2328 15.
1343 2292 1363 2325 2
1389 2293 1485 2326 Nihil
1512 2306 1639 2337 negare

83 2341 214 2373 BDFL.
240 2357 282 2362 —
311 2340 369 2378 15,
403 2339 426 2372 4
450 2340 497 2371 Et
521 2351 581 2382 per
605 2341 716 2382 ipsius
743 2341 790 2379 D,
826 2340 873 2371 Et
898 2349 958 2381 per
982 2341 1056 2371 eius
1081 2340 1121 2371 G.
1150 2357 1189 2360 —
1220 2337 1279 2378 16,
1304 2337 1325 2371 2
1347 2340 1513 2381 Flagella,
1541 2344 1643 2382 sputa

82 2386 161 2424 CH;
197 2390 231 2418 et
255 2386 376 2428 alapas
398 2386 547 2418 BD1—
575 2384 624 2424 16,
651 2383 672 2417 3
698 2388 792 2425 Quas
819 2385 921 2417 ssEO.
949 2404 990 2407 —
1019 2383 1070 2423 16,
1098 2383 1118 2417 3
1145 2385 1230 2417 Cum
1257 2396 1294 2416 se
1319 2396 1380 2426 pro
1408 2386 1452 2425 1³3
1488 2386 1577 2417 Dum
1605 2396 1642 2418 se
1702 2404 1706 2409 ·

82 2442 142 2473 pro
168 2431 205 2463 C.
230 2449 275 2452 —
302 2429 360 2470 17,
390 2429 405 2462 1
433 2431 480 2462 Et
504 2431 589 2463 fehlt
614 2431 723 2468 BFH2
758 2431 823 2462 Per
845 2430 1060 2471 chlamydem
1087 2430 1174 2462 CGI.
1200 2447 1244 2451 —
1272 2428 1322 2468 17,
1349 2428 1369 2461 2
1393 2430 1440 2462 Et
1456 2430 1542 2462 fehlt
1567 2431 1641 2463 CH.

80 2494 124 2499 —
152 2474 211 2514 17,
237 2474 258 2507 4
283 2477 330 2508 Et
354 2487 415 2517 per
439 2478 559 2507 mortis
585 2477 795 2518 supplicium
821 2477 864 2513 F;
901 2476 967 2507 Per
993 2477 1112 2507 mortis
1139 2475 1347 2517 supplicium
1373 2477 1416 2517 O;
1449 2476 1496 2507 Et
1522 2478 1642 2508 mortis

82 2532 142 2564 per
168 2521 376 2563 supplicium
403 2523 429 2553 I.
455 2541 497 2544 —
527 2519 583 2560 18,
611 2520 631 2553 2
657 2523 751 2553 rivos
779 2521 843 2552 BF.
871 2538 914 2542 —
942 2518 997 2558 18,
1023 2519 1045 2552 4
1068 2521 1115 2552 Et
1139 2520 1225 2552 fehlt
1249 2521 1322 2553 CH.
1347 2537 1391 2541 —
1419 2519 1469 2559 19,
1496 2520 1516 2553 2
1542 2518 1642 2560 Quae

81 2567 250 2599 credendo
275 2567 381 2598 didici
409 2567 444 2598 C.
470 2585 514 2589 —
543 2565 596 2605 19,
622 2565 643 2598 4
670 2568 734 2599 Per
770 2566 987 2608 impetranda
1013 2567 1057 2598 C:
1092 2567 1139 2598 Ut
1172 2566 1257 2596 mihi
1283 2566 1382 2597 detur
1406 2568 1508 2599 venia
1533 2567 1572 2598 B.
1597 2584 1640 2588 -—

80 2609 140 2650 20,
178 2611 192 2643 1
228 2612 275 2644 Ut
315 2611 446 2644 Christi
482 2612 565 2644 mihi
599 2613 676 2645 GH.
714 2630 754 2634 —
781 2610 841 2646 20,
877 2610 897 2642 2
930 2611 984 2642 Sit
1015 2611 1192 2652 culparum
1221 2612 1267 2644 L:
1302 2612 1355 2644 Sit
1391 2612 1431 2643 de
1466 2613 1640 2653 praesenti

80 2658 239 2689 remissio
273 2657 312 2689 E.
349 2675 387 2679 —-
424 2655 484 2695 20,
510 2656 531 2689 3
564 2657 611 2689 Et
642 2666 706 2689 sua
732 2658 938 2689 resurrectio
973 2657 1012 2687 Β.
1038 2674 1078 2677 -
1105 2655 1201 2687 Nach
1235 2654 1295 2691 120,
1322 2655 1342 2687 3
1369 2658 1641 2698 eingeschoben:

81 2703 252 2734 Malorum
271 2703 456 2734 diminutio
475 2703 531 2734 FI.
552 2720 589 2725 —
614 2701 668 2740 20,
684 2702 705 2734 4
722 2703 768 2734 Et
789 2703 954 2733 virtutum
975 2703 1016 2740 F;
1042 2702 1088 2733 Et
1106 2707 1184 2732 tuac
1203 2711 1243 2732 ac
1262 2712 1344 2733 suae
1362 2704 1502 2743 pictatis
1521 2707 1640 2744 optata

83 2749 286 2790 propitiatio
311 2749 338 2779 I.
362 2765 406 2770 —
433 2748 529 2780 Nach
556 2745 610 2787 20,
634 2747 655 2779 4
681 2748 764 2779 wird
792 2748 986 2789 beigefiigt:

121 2810 170 2844 E:
198 2807 318 2852 Atque
344 2812 418 2842 eius
444 2811 614 2848 ascensio,
939 2810 982 2840 13:
1010 2810 1102 2840 Laus
1127 2810 1276 2840 trinitati
1301 2809 1428 2847 debita,

197 2857 346 2896 Spiritus
373 2857 483 2887 sancti
509 2857 641 2887 missio.
1010 2855 1142 2891 Honor,
1169 2859 1322 2896 potestas
1346 2855 1404 2891 (et)
1427 2855 1541 2895 gloria

193 2901 246 2932 Tu
270 2900 356 2932 haec
381 2901 466 2932 mihi
491 2901 549 2932 des
575 2900 714 2941 gaudia,
1012 2901 1214 2931 Perenniter
1239 2902 1285 2932 sit
1311 2901 1427 2932 onmia

192 2946 276 2977 Cum
303 2947 377 2988 ipso
405 2947 470 2977 sim
497 2947 531 2977 in
559 2946 682 2987 gloria.
1012 2946 1051 2976 111
1077 2945 1294 2977 saeculorum
1320 2946 1469 2977 saecula.
