2031 3289
273 553 324 590 35

272 1264 322 1302 10

273 1546 323 1583 15

267 1828 319 1866 20

297 2484 319 2519 ω

265 2764 316 2801 10

894 213 1204 254 -580-

355 328 385 365 Ο
415 327 498 364 sitis
530 325 656 364 cordis
685 326 818 363 intima

355 384 552 430 Frangens
584 382 923 431 concupiscentias,

354 440 524 487 Praesta,
555 443 597 476 ut
626 440 675 476 ad
707 444 744 475 te
774 439 900 476 sitiam

355 495 407 533 Et
437 496 512 533 ista
541 495 604 532 siti
635 495 802 542 ardeam,

358 553 593 599 Pravamque
623 552 723 589 sitim
755 549 909 598 fugiam,
1087 552 1140 590 40

1177 327 1306 364 Donec
1336 325 1386 363 ad
1416 324 1558 363 fontem
1589 330 1790 364 transeam.

1176 384 1384 430 Potumque
1415 382 1515 419 vitae
1546 383 1706 430 capiam,

1174 440 1254 485 Quo
1285 437 1378 475 felix
1409 449 1558 486 semper
1587 449 1758 477 maneam

1172 496 1222 533 Et
1253 495 1375 532 Deum
1405 505 1527 532 meum
1559 495 1708 533 videam

1172 551 1348 588 Sanctam
1378 551 1569 598 ingressus
1599 551 1775 598 patriam.

842 673 1026 705 Sextum
1058 673 1259 706 Verbum.

356 756 455 801 Iesu,
481 757 612 791 nostra
642 753 868 800 redemptio,
1092 756 1142 793 25

357 812 453 861 Iesu,
487 810 706 856 redemptor
736 809 914 857 omnium,

356 868 454 913 Iesu,
486 871 616 904 nostra
648 866 814 912 dilectio,

354 924 454 969 Iesu,
486 922 587 960 salus
619 922 866 971 credentium,

357 980 453 1017 Dum
487 989 556 1028 per
587 979 709 1016 crucis
739 978 961 1026 mysterium

354 1036 566 1083 Diligenter
595 1045 796 1082 perageres

355 1092 623 1139 Redemptoris
655 1090 836 1135 officium,

355 1150 408 1188 Ut
439 1149 627 1186 hominem
658 1148 865 1185 redimeres

358 1204 586 1243 Sustinendo
613 1204 854 1251 supplicium,

354 1262 408 1300 Ut
436 1261 525 1298 inde
556 1272 624 1298 nos
655 1261 835 1307 eriperes,

355 1318 626 1356 Consummans
658 1316 885 1355 sacrificium

354 1375 457 1412 Tuae
488 1374 612 1411 carnis
643 1378 678 1410 et
711 1373 918 1422 sanguinis,

357 1433 628 1470 Consummans
659 1430 765 1477 pacis
796 1429 982 1476 proelium

356 1487 541 1527 Salutaris
574 1486 805 1532 certaminis,

357 1545 626 1582 Consummans
658 1542 919 1580 transitorium

356 1601 516 1639 Cursum
548 1599 657 1636 huius
688 1599 876 1646 imaginis,

360 1657 632 1695 Consummans
663 1655 855 1703 opificium

355 1712 642 1760 Redemptionis
674 1711 849 1759 hominis,

355 1770 452 1807 Dum
485 1769 618 1806 mortis
650 1769 780 1806 horam
813 1777 1000 1815 cerneres,

352 1826 451 1863 Dum
481 1826 553 1863 hac
584 1826 662 1863 vita
691 1824 886 1871 deficeres,

350 1883 449 1920 Dum
480 1882 592 1920 finem
621 1882 695 1919 iam
729 1881 978 1931 contingeres,

354 1939 451 1976 Dum
483 1940 608 1976 omnia
638 1937 855 1985 perficeres,

351 1996 403 2034 Ut
435 1996 474 2032 in
505 2006 650 2032 summa
680 1994 939 2042 concluderes,

349 2052 383 2089 D
395 2052 467 2089 ixi
480 2063 496 2088 s
509 2056 522 2088 t
535 2052 548 2088 i
566 2064 573 2088 :
604 2051 922 2090 Goozsummatum
952 2051 1018 2090 est.

1089 1036 1142 1074 30

1091 1545 1140 1582 35

1090 1828 1142 1864 40

1176 753 1273 790 Nam
1306 755 1410 791 Iesus
1443 753 1642 790 crucifixus
1674 756 1730 790 est

1176 810 1226 847 Et
1257 821 1374 857 agnus
1402 810 1616 846 immolatus
1648 814 1716 855 est,

1178 866 1274 904 Nam
1305 866 1457 913 sanguis
1489 866 1567 902 eius
1602 864 1706 903 fusus
1737 870 1793 903 est

1174 923 1223 960 Et
1255 923 1421 969 pretium
1452 923 1613 959 solutum
1645 927 1714 969 est,

1174 978 1356 1016 Diabolus
1388 979 1557 1016 devictus
1589 983 1645 1015 est

1174 1035 1226 1072 Et
1265 1035 1405 1072 bellum
1437 1039 1734 1072 consummatum
1765 1039 1838 1082 est,

1174 1091 1475 1139 Chirographum
1508 1092 1675 1128 deletum
1705 1095 1762 1128 est

1173 1148 1224 1185 Et
1263 1148 1374 1185 homo
1409 1142 1484 1185 iam
1514 1148 1736 1194 redemptus
1767 1151 1837 1187 est.

1311 1280 1332 1303 *
1593 1279 1616 1304 ’Κ

1452 1312 1474 1335 >k

1174 1430 1204 1468 Ο
1238 1430 1404 1478 bonitas,
1438 1429 1535 1466 bone
1565 1431 1666 1479 Iesu,

1174 1487 1244 1532 Qui
1275 1497 1314 1523 es
1345 1490 1474 1523 nostra
1503 1487 1659 1532 iustitia,

1175 1544 1204 1581 Ο
1237 1543 1389 1590 veritas,
1422 1553 1511 1579 vere
1541 1544 1639 1593 Iesu,

1174 1600 1245 1645 Qui
1276 1609 1315 1636 es
1346 1603 1474 1636 nostra
1506 1599 1675 1645 scientia,

1175 1656 1204 1694 Ο
1237 1656 1389 1704 caritas,
1422 1666 1508 1692 care
1541 1657 1638 1706 Iesu,

1176 1712 1247 1758 Qui
1277 1723 1315 1749 es
1346 1717 1477 1749 nostra
1508 1712 1730 1761 redemptio,

1176 1769 1206 1807 Ο
1237 1769 1432 1817 sanctitas,
1464 1773 1593 1805 sancte
1625 1770 1721 1819 lesu,

1175 1825 1317 1862 Nostra
1345 1824 1575 1875 iustificatio,

1176 1882 1402 1920 Consumma
1430 1881 1539 1920 nobis
1570 1881 1732 1929 gratiam

1173 1938 1225 1975 Et
1255 1948 1474 1976 consumma
1503 1938 1697 1984 iustitiam,

1175 1995 1402 2033 Consumma
1431 1994 1699 2032 conscientiam

1175 2051 1225 2088 Et
1255 2061 1471 2088 consumma
1501 2051 1699 2089 laetitiam.

809 2174 1058 2216 Septimum
1088 2174 1291 2206 Verbum.

351 2256 449 2302 Iesu,
482 2255 543 2291 via
574 2254 798 2299 rectissima,

349 2312 448 2357 Iesu,
481 2311 613 2348 salutis
644 2311 794 2356 ostium,

352 2369 450 2414 Iesu,
478 2372 590 2415 porta
620 2366 818 2416 tutissima,

351 2426 448 2470 Iesu,
482 2427 676 2471 protector
707 2423 882 2473 omnium,

352 2483 449 2527 Iesu,
483 2480 646 2517 salubris
678 2480 817 2516 veritas

352 2538 403 2574 Et
434 2537 498 2574 lux
531 2540 691 2573 mentem
724 2536 955 2586 illuminans,

352 2595 447 2642 Iesu,
480 2593 580 2631 vitae
612 2591 788 2637 felicitas,

351 2650 494 2687 Dulcor
524 2650 562 2686 in
595 2649 710 2686 corde
741 2648 918 2694 iubilans‚

354 2706 449 2743 Dum
482 2706 520 2742 in
552 2705 730 2742 extremis
762 2715 907 2752 ageres,

348 2763 400 2800 Ut
431 2763 592 2799 animam
627 2762 847 2811 deponeres,

348 2819 444 2855 Dum
477 2819 574 2855 hanc
606 2818 719 2856 vitam
752 2819 959 2865 desereres,

349 2874 400 2912 Ut
431 2875 478 2911 ad
510 2875 663 2911 limbum
699 2875 963 2922 descenderes,

350 2931 486 2968 Volens
520 2932 616 2968 viam
648 2932 861 2977 ostendere,

1090 2311 1140 2349 15

1087 2593 1139 2630 20

1173 2255 1245 2292 Per
1286 2265 1397 2301 quam
1444 2254 1623 2291 debemus
1663 2262 1840 2301 pergere,v

1174 2310 1312 2348 Volens
1342 2314 1497 2347 cunctos
1526 2310 1729 2357 instruere,

1171 2367 1242 2412 Qui
1273 2365 1365 2405 facti
1395 2370 1482 2404 sunt
1512 2368 1558 2404 de
1589 2367 1756 2416 pulvere,

1172 2423 1312 2460 Volens
1343 2423 1449 2460 illum
1480 2423 1693 2470 ostendere,

1171 2480 1242 2526 Qui
1270 2483 1395 2528 potest
1426 2490 1494 2517 nos
1525 2478 1744 2526 defendere,

1170 2536 1214 2573 In
1245 2547 1318 2582 quo
1350 2535 1489 2573 debent
1521 2535 1722 2586 confidere,

1172 2592 1244 2638 Qui
1274 2596 1431 2629 mortem
1465 2593 1605 2630 debent
1636 2602 1786 2641 capere,

1170 2649 1292 2686 Tuum
1323 2653 1511 2686 sacratum
1543 2649 1718 2696 spiritum

1170 2705 1251 2742 Tuo
1282 2706 1382 2751 patri
1414 2705 1651 2742 sanstissimo

1169 2761 1451 2800 Commendasti
1483 2773 1551 2809 per
1582 2761 1766 2809 gemitum

1172 2817 1353 2855 Sermone
1385 2818 1628 2856 devotissimo

1166 2874 1200 2911 D
1213 2874 1224 2911 i
1237 2885 1257 2911 c
1270 2885 1288 2911 e
1300 2886 1321 2911 n
1332 2885 1370 2912 s:
1388 2875 1517 2921 Pater,
1535 2875 1577 2911 in
1589 2885 1732 2912 manus
1742 2877 1834 2914 tuas

1166 2931 1388 2970 commendo
1420 2931 1605 2978 spiritum
1635 2941 1774 2968 meum.
