1914 3223
0 0 41 410 ἔ

0 438 19 479 1:

723 161 777 167 ——
836 138 917 178 649
957 160 1030 175 .—

916 254 980 294 16.
1026 254 1070 290 In
1100 257 1138 290 te
1169 252 1322 302 cubans,
1353 263 1462 291 sacra
1493 253 1603 301 polis,

1027 310 1157 347 Victor
1187 309 1286 346 lucet
1316 310 1438 348 instar
1466 310 1558 347 solis

1083 366 1207 414 Signis
1239 366 1537 416 coruscantibus,

1026 423 1132 461 Dans
1163 422 1328 460 obsessis
1358 423 1588 472 libertatem,

1026 481 1191 518 Mortem
1223 479 1375 525 morbis,
1408 480 1608 518 sanitatem

1083 536 1218 573 Multis
1248 535 1540 575 infirmantibus.

94 250 161 291 13.
208 250 388 289 Sanctum
414 250 486 288 Dei
515 252 568 289 sic
601 252 758 290 deduxit

207 307 361 356 Turma,
393 306 514 346 ferme
544 319 639 355 quae
664 308 843 347 confluxit

263 364 533 401 Trecentorum
566 365 723 414 milium,

207 420 320 458 quta
349 431 491 458 morem
524 426 561 459 et
592 421 785 459 decretum

207 476 371 514 Pulchre
401 476 512 514 nimis
543 478 592 515 ad
624 483 842 516 consuetum

259 533 403 571 Montis
434 534 692 581 supercilium.

91 635 158 675 14.
209 635 239 674 O
272 633 449 673 festivum
479 635 598 684 phase
628 637 717 687 tale,
915 639 978 676 17.
1025 637 1055 675 Ο
1086 638 1254 675 solamen
1283 637 1322 674 in
1354 639 1564 685 tormentis,

210 691 405 739 Nusquam
436 693 626 740 reperitur
656 694 767 741 quale

266 749 310 786 In
342 749 461 786 sacris
493 749 700 797 codicibus,

206 804 350 843 Nostra
388 806 457 843 sed
497 816 566 843 nec
598 807 693 843 vidit
724 811 842 857 aetaS,

209 861 404 909 Siquidem
435 863 587 900 excedit
616 867 735 902 metas

260 918 390 956 Modis
419 919 707 966 multiplicibus,

3 1010 23 1021 ⁹
92 1019 158 1059 15.
204 1019 289 1066 Eia,
320 1020 473 1068 Xantis,
504 1020 735 1071 iucunderis,

203 1077 395 1115 Illustrari
426 1077 527 1124 quod
558 1078 716 1115 mereris

260 1134 353 1171 Tam
384 1134 583 1180 praeclaro
613 1134 766 1185 lumine,

204 1190 441 1238 Amplexare
472 1201 620 1228 sacrum
652 1189 763 1229 funus

203 1249 239 1286 A
268 1246 423 1284 remotis
453 1247 524 1284 tibi
554 1258 688 1285 munus

260 1303 420 1342 Missum
453 1303 526 1341 Dei
556 1305 721 1346 numine.

911 1022 975 1061 18.

1025 694 1056 732 Ο
1087 698 1254 732 tutamen
1285 698 1438 731 nostrae
1468 695 1603 742 gentis,

1083 751 1207 788 Decus
1239 755 1277 788 et
1306 751 1464 799 laetitia,

1027 807 1081 844 Te
1111 818 1284 854 rogamus
1316 807 1569 855 vehementer,

1026 863 1131 901 Mala
1161 864 1261 910 pelle
1292 863 1506 913 diligenter,

1082 920 1239 958 Morbos
1266 925 1378 967 atque
1408 921 1499 958 vitia

1022 1022 1080 1058 Tu
1108 1032 1174 1058 vas
1205 1021 1287 1058 auri
1318 1021 1534 1068 solidatum,

1023 1078 1178 1116 Cunctis
1223 1079 1378 1125 gemmis
1419 1078 1643 1116 adornatum

1079 1134 1249 1172 Radians
1280 1139 1321 1171 ut
1349 1133 1485 1184 facula,

1023 1192 1103 1238 Quo
1144 1191 1390 1238 resplendent
1431 1191 1542 1238 longe
1571 1195 1662 1229 nota

1023 1248 1122 1294 Tibi,
1154 1251 1312 1295 martyr,
1344 1248 1419 1285 iam
1452 1248 1588 1286 devota

1082 1304 1219 1342 Troiae
1249 1304 1506 1345 tabernacula.

501 1406 567 1445 19.
614 1406 691 1444 Sub
723 1406 873 1445 vexillis
906 1410 1060 1443 sanctae
1091 1406 1214 1443 crucis

612 1463 740 1500 Morte
771 1473 926 1510 pressus
961 1463 1071 1500 divae
1100 1463 1195 1500 lucis

671 1520 777 1557 Stola
807 1520 880 1557 iam
911 1519 1106 1569 indueris3

613 1576 715 1614 Hinc
746 1586 947 1623 precamur
978 1586 1069 1613 voce
1100 1575 1197 1625 pari,

615 1632 695 1670 Fac
725 1643 793 1670 nos
824 1637 948 1670 tecum
979 1632 1167 1670 illustrari

671 1689 842 1737 Lumine,
877 1700 949 1736 quo
981 1687 1133 1727 frueris.

180 1790 250 1822 BC.
275 1808 320 1813 —
348 1789 377 1829 l,
403 1788 425 1821 4
447 1800 525 1822 cum
550 1789 677 1822 festiva
701 1789 787 1822 fehlt
813 1790 849 1821 B.
876 1807 921 1811 ——
947 1787 976 1828 1,
1002 1789 1022 1822 5
1046 1789 1213 1821 comitiva
1236 1789 1321 1821 fehlt
1339 1789 1376 1820 B.
1405 1806 1449 1810 —
1476 1787 1505 1827 1,
1531 1787 1552 1821 6
1576 1788 1663 1820 fehlt

88 1835 128 1867 Β.
154 1852 199 1856 -
223 1833 254 1876 2,
280 1833 303 1867 4
327 1835 428 1867 Anno
455 1839 578 1878 quater
603 1838 637 1867 ei:
661 1835 803 1867 milleno
829 1835 870 1867 A.
895 1852 940 1857 —
963 1833 996 1874 4,
1021 1832 1042 1867 6
1067 1834 1203 1866 Clarior
1227 1835 1389 1876 apparuit
1416 1835 1454 1866 B.
1480 1851 1524 1855 —
1547 1832 1613 1866 Str.
1640 1830 1661 1865 8

89 1881 145 1913 bis
173 1878 215 1913 19
238 1880 355 1913 fehlen
372 1881 409 1913 C.
435 1898 480 1903 —
499 1879 550 1919 14,
576 1879 598 1913 3
616 1891 731 1913 sacres
750 1881 788 1912 B.
806 1899 851 1903 —
870 1878 922 1920 19,
947 1878 968 1912 2
986 1881 1115 1922 pressis
1132 1881 1171 1912 B.
1189 1897 1231 1902 —-
1251 1881 1374 1912 Dieses
1392 1879 1479 1912 Lied
1497 1879 1662 1911 schildeit

90 1925 148 1958 die
173 1926 289 1969 grosse
313 1926 576 1959 Viktorstracht
599 1937 668 1958 von
695 1924 793 1958 1464.
