1914 3223
173 303 238 341 32.

177 1114 243 1151 34.

174 1928 239 1966 36.

175 2627 242 2667 3¹7.

269 301 319 339 In
350 300 444 339 meis
471 303 578 338 sonet
607 302 768 339 auribus

269 358 359 396 Tua
390 368 459 404 pro
489 357 752 404 peccatoribus

333 414 414 452 Vox
444 423 580 450 sonora
610 415 765 460 pietate,

272 471 359 508 Tua
389 482 462 508 vom
492 474 549 506 est
578 481 670 516 prae
701 470 874 507 omnibus

272 526 410 564 Dulcis
438 527 522 563 aliis
553 527 707 564 vocibus

330 583 532 620 Audienda
562 583 731 632 indilate,

273 640 412 677 Petitio
445 638 545 676 facta
574 650 596 676 a
627 645 664 676 te

270 696 441 733 Alterius
475 697 681 734 advocatae

330 752 412 789 Non
445 753 588 798 indiget
621 753 867 799 sermonibus

272 810 346 846 Per
375 814 413 845 te
443 809 559 846 solam
593 810 819 856 impetratae

272 865 366 902 Sunt
397 865 543 912 gratiae
574 865 819 903 confirmatae

327 921 376 958 Et
409 922 521 959 datae
551 922 844 969 postulantibus,

896 186 977 228 373

989 302 1054 340 33.
1088 301 1224 339 Facies
1255 304 1322 337 tua
1354 300 1490 338 decora

1086 357 1195 395 Omni
1228 358 1323 398 loco,
1355 357 1454 393 omui
1488 357 1580 394 hora

1143 414 1333 451 Exaudivi
1365 412 1525 462 facilius,

1087 471 1140 507 Te
1171 470 1263 507 facit
1295 474 1331 506 et
1361 470 1442 507 sine
1474 481 1576 507 mora

1088 528 1372 573 Impetrareque
1403 526 1547 563 maiora

1146 585 1219 620 Pro
1251 584 1324 619 reis
1356 588 1392 619 et
1422 583 1587 626 uberius,

1087 640 1191 677 Sicut
1224 640 1316 676 nihil
1350 645 1403 676 est
1437 640 1584 676 dulcius

1087 696 1174 734 Sive
1207 696 1448 733 melodiosius

1145 753 1259 799 Quam
1295 752 1496 790 dulcedine
1527 763 1665 789 sonora

1087 811 1170 846 Vox
1201 814 1278 853 tua,
1311 810 1365 845 sic
1396 810 1447 845 nil
1481 809 1676 855 pulchrius

1086 865 1202 903 Facie
1233 866 1287 902 tui
1317 866 1436 912 ipsius

1149 923 1343 960 Rutilante
1372 927 1414 959 ut
1444 933 1592 960 aurora.

587 1034 716 1071 Deus
757 1038 906 1080 pater
945 1034 1004 1072 ad
1045 1035 1297 1081 populum.

277 1113 307 1149 V
311 1122 352 1148 os
382 1122 523 1158 omnes,
554 1112 618 1159 qui
645 1113 849 1149 amantium

273 1168 508 1215 Approbatis
541 1169 780 1216 colloquium,

330 1225 465 1271 Capite
493 1225 602 1262 nobis
627 1225 820 1272 parvulas

273 1282 540 1329 suggestiones
571 1282 751 1331 sordium,

270 1340 483 1385 Antequam
516 1343 688 1375 crescant
719 1339 873 1377 nimium

328 1394 582 1442 Tuncvnlpes,
597 1406 695 1431 nunc
706 1395 936 1442 vulpeculas,

271 1452 534 1490 Paenitentiae
565 1452 714 1498 patulas

271 1509 352 1546 Iam
382 1508 530 1545 habetis
563 1508 770 1555 discipulas

329 1566 491 1612 Propter
531 1570 723 1611 capturam
756 1565 901 1613 talium,

271 1622 376 1670 Quae
408 1622 538 1659 vineas
569 1628 606 1657 et
637 1622 782 1659 vinulas

269 1677 546 1715 Demsiliuwtur
575 1679 742 1725 singulas

330 1736 371 1772 In
403 1736 536 1772 salutis
569 1735 823 1783 dispendium.

991 1114 1058 1153 35.
1089 1113 1194 1149 Nam
1203 1117 1370 1149 nostrum
1381 1123 1497 1159 genus
1507 1113 1614 1149 huma
1623 1125 1722 1157 num,

1095 1169 1216 1206 Vinea
1247 1172 1393 1216 nostra,
1426 1180 1520 1216 quae
1551 1181 1700 1206 manum

1148 1226 1325 1263 Nostram
1341 1225 1454 1262 babet
1468 1237 1536 1273 pro
1551 1227 1721 1272 cultrice,

1090 1282 1256 1320 Floruit.
1292 1293 1360 1319 nec
1391 1288 1447 1319 est
1473 1283 1510 1319 in
1543 1294 1692 1322 vanum.

1091 1339 1187 1376 Nam
1223 1338 1385 1376 fructum
1418 1337 1531 1376 faciet
1563 1351 1693 1377 sanum

1146 1396 1371 1433 Omnimoda
1403 1397 1680 1442 consumptrice

1089 1452 1211 1499 Capta
1242 1453 1355 1499 vulpe
1385 1451 1550 1501 infelice,

1086 1510 1190 1556 Quae
1221 1514 1417 1556 assumpta
1447 1509 1520 1546 sibi
1553 1510 1632 1547 vice

1144 1566 1258 1612 Quasi
1290 1566 1507 1602 venantium
1541 1577 1676 1605 canum

1087 1623 1334 1669 Persequitur
1364 1623 1556 1669 impudice

1085 1679 1137 1715 Et.
1168 1679 1329 1716 maculat
1361 1690 1428 1716 sua
1461 1681 1543 1726 pice

1144 1736 1386 1774 Iuvenculum
1423 1742 1536 1783 atque
1576 1748 1724 1776 canum.

724 1848 892 1885 Mater
933 1847 990 1885 de
1032 1846 1166 1888 filio.

269 1927 442 1965 Dilectus
471 1938 578 1964 meus
609 1926 708 1963 filius

271 1984 373 2021 Mihi
405 1983 527 2021 factus
559 1988 616 2020 est
646 1983 824 2030 proprius

327 2041 379 2078 Et
409 2051 472 2088 eqo
503 2040 560 2077 illi
593 2040 762 2089 propria,

274 2097 396 2136 Unica
426 2096 474 2134 fio
505 2098 626 2145 unius,

273 2154 380 2200 Quod
410 2155 492 2192 vult
522 2165 607 2201 una,
639 2154 719 2191 vult
749 2154 858 2203 alius,

329 2211 434 2256 Quod
465 2211 543 2247 vult
563 2222 671 2257 unus,
702 2210 784 2247 vult
804 2210 900 2256 alia;

273 2267 390 2304 Nulla
421 2268 509 2304 data
539 2272 627 2304 sunt
657 2267 782 2304 media

272 2324 466 2361 Voluntati
497 2325 689 2361 contraria

328 2380 449 2418 Unius
480 2387 517 2417 et
547 2381 716 2427 alterius,

272 2436 351 2474 Pax
382 2442 419 2473 et
450 2437 709 2474 misericordia

272 2493 512 2541 Concordant
543 2504 625 2530 cum
656 2495 812 2542 iustitia,

328 2549 526 2597 Nunquam
537 2550 732 2588 discordes
741 2550 916 2597 ampliuS.

274 2628 348 2676 Qui
370 2629 548 2676 pascitur
577 2630 762 2667 munditia

273 2684 326 2723 Ut
355 2686 438 2732 apis
469 2686 569 2723 inter
599 2685 694 2735 lilia,

328 2741 572 2790 Nequaquam
581 2747 638 2779 est
645 2753 781 2790 expers
791 2742 924 2792 mellis,

273 2797 366 2834 Eius
395 2810 469 2836 non
501 2804 604 2836 caret
636 2800 740 2837 curia

275 2853 529 2901 Diligentibus
559 2856 684 2893 dulcia

330 2910 546 2958 Virginibus
581 2918 618 2949 et
648 2912 797 2959 puellis,

987 2289 1054 2329 38.

1088 1928 1188 1973 Quas
1226 1938 1368 1964 mecum
1400 1928 1437 1964 in
1471 1929 1565 1965 caeli
1598 1929 1718 1977 cellis,

1087 1983 1163 2022 Ubi
1196 1996 1268 2021 non
1300 1992 1355 2021 est
1387 1996 1524 2022 rancor
1555 1986 1614 2022 vel
1646 1985 1706 2035 lis,

1145 2041 1272 2078 Pascit
1304 2041 1447 2078 mellita
1479 2042 1613 2088 gratia.

1088 2098 1158 2142 Qui
1190 2103 1321 2144 pastus
1353 2103 1406 2134 est
1439 2099 1476 2135 in
1508 2097 1669 2145 flagellis

1088 2155 1355 2191 Amaritudine
1387 2153 1487 2191 fellis

1141 2212 1290 2259 Agente
1318 2212 1427 2248 nimis
1458 2212 1587 2258 impia.

1086 2290 1221 2328 Donec
1251 2290 1330 2328 dies
1364 2291 1420 2327 sic
1450 2291 1606 2337 aspiret,

1086 2348 1193 2392 Quod
1225 2358 1293 2394 per
1323 2352 1360 2383 te
1392 2358 1478 2384 reus
1511 2348 1676 2394 respiret

1143 2404 1269 2451 Atque
1293 2405 1453 2441 umbrae
1473 2404 1725 2451 inclinentur,

1086 2461 1140 2497 Te
1170 2461 1405 2497 incessanter
1435 2461 1602 2508 requiret

1087 2517 1136 2555 Et
1166 2517 1305 2564 ubique
1335 2523 1372 2554 te
1403 2517 1598 2564 perquiret

1145 2574 1218 2611 Cor
1248 2584 1383 2620 meum,
1415 2578 1457 2610 ut
1487 2573 1560 2610 sibi
1583 2574 1722 2612 dentur

1088 2631 1282 2672 Induciae,
1315 2635 1355 2667 ut
1385 2630 1560 2667 laventur

1089 2687 1229 2724 Sordes
1259 2698 1348 2724 suae
1379 2692 1417 2723 et
1449 2691 1670 2735 purgentur,

1144 2744 1193 2781 Et
1223 2744 1323 2790 quod
1355 2744 1388 2780 ei
1419 2744 1474 2780 sic
1503 2744 1664 2790 inspiret

1090 2801 1315 2845 Paraclitus,
1348 2811 1420 2846 quo
1451 2805 1649 2837 moventur

1089 2857 1168 2894 Alii
1199 2861 1237 2893 et
1268 2857 1488 2903 edocentur,

1145 2913 1252 2959 Quod
1283 2913 1330 2949 ob
1362 2918 1488 2950 reatus
1519 2913 1698 2959 suspiret.
