2031 3289
0 1595 18 1733 §Qaffl'e‘ss
0 1380 18 1591 &bfsx‘fx‘s-T-’rk
3 1358 7 1368 ·

0 1825 18 1903 *132
15 1797 17 1803 .
8 1770 17 1788 ..·
10 1753 17 1760 .

11 2149 17 2165 -
0 2001 18 2127 ‚sn-<1⁴3
7 1987 11 1994 ”
0 1902 17 1970 ‘n'fi't

8 2598 15 2631 ⁴..
0 2436 17 2588 §qi-...usi
9 2389 15 2413 -.

975 150 1247 189 ,ῃρῇ

736 315 790 351 95.
827 317 909 358 (11.)
945 315 993 350 De
1017 324 1064 350 ss.
1091 314 1260 363 Philippo
1286 318 1323 352 et
1349 316 1489 354 Iacobo.

357 409 391 446 1.
425 411 467 446 In
499 409 621 456 prima
654 410 715 447 dic
745 410 867 447 Madii
1168 413 1204 449 3.
1237 412 1350 458 Ergo,
1386 412 1480 450 clari
1511 412 1693 460 signiferi,

424 465 572 503 Gemini
603 466 692 503 solis
724 466 822 503 radii
1237 468 1326 504 Plus
1360 469 1486 507 sidere
1515 467 1677 518 luciferi,

421 522 565 559 Micant
600 522 794 559 doctrinae
826 522 979 566 lumine,
1238 524 1395 562 Vestrae
1427 535 1560 572 campo
1590 526 1770 563 victoriae

422 578 533 616 Pleni
566 579 693 615 divino
720 579 883 619 numine,
1237 580 1315 618 Nos
1345 582 1522 619 mandate
1551 583 1765 622 memoriae.

349 676 388 713 2.
419 674 589 712 Vincunt
619 674 798 711 mundum
829 675 1021 712 miraculis
1169 678 1205 713 4.
1241 676 1354 713 Pater
1383 677 1711 726 incommutabilis,

420 730 553 767 Tensis
585 730 672 767 fidei
703 731 849 777 iaculis,
1236 732 1357 769 Filius
1388 733 1636 782 admirabilis,

422 787 663 824 Inimicorum
695 787 817 835 spolia
1237 789 1401 835 Spiritus
1430 789 1632 826 ineffabilis

421 843 577 880 Portant
606 845 655 881 ad
688 844 781 880 caeli
814 844 921 882 solia.
1237 845 1371 883 Cordis
1402 846 1620 883 scribantur
1650 846 1798 885 tabulis,

426 935 457 975 3,
486 936 501 968 1
528 939 699 979 praeclari
725 938 891 981 signiferi.

770 1077 824 1113 96.
861 1078 943 1121 (12.)
982 1078 1029 1113 De
1055 1079 1181 1113 sancto
1208 1077 1454 1124 sigismundo.

353 1173 388 1211 1.
422 1172 548 1209 Gallia
579 1183 661 1209 cum
693 1173 913 1220 Burgundia
1167 1177 1202 1213 3.
1236 1175 1376 1214 Uxoris
1404 1179 1513 1222 grata
1551 1175 1684 1222 copula

422 1229 479 1266 Sit
509 1229 693 1267 laudandi
725 1228 913 1280 facundia,
1233 1232 1284 1269 Et
1314 1230 1475 1268 filiorum
1508 1232 1616 1278 copia

421 1285 652 1332 Sigismundi
685 1287 880 1324 victoriam
1235 1288 1299 1325 Sic
1329 1292 1464 1324 ornent
1493 1288 1788 1335 quaternarium.

419 1343 592 1380 Reducat
622 1343 660 1380 in
692 1344 922 1384 memoriam.
1235 1346 1288 1384 Ut
1316 1355 1383 1381 nos
1414 1344 1569 1392 iungant
1601 1345 1828 1392 quinarium.

350 1441 388 1479 2.
420 1439 501 1476 Rex
532 1443 668 1486 potens
699 1440 738 1476 in
771 1439 930 1486 divitiis⁷
1163 1444 1202 1481 4.
1235 1442 1350 1478 Pater
1379 1452 1401 1478 a
1433 1451 1499 1477 suo
1530 1440 1624 1477 solio

420 1497 534 1542 Inops
565 1496 603 1532 in
636 1496 726 1533 solis
757 1496 872 1544 vitiiS,
1233 1497 1361 1535 Lectis
1392 1497 1518 1544 granis
1549 1509 1571 1534 a
1601 1497 1692 1534 lolio

420 1553 670 1589 Peccantibus
701 1552 899 1590 subveniat
1232 1554 1322 1591 Cum
1354 1553 1444 1604 filio,
1479 1564 1560 1590 cum
1591 1552 1740 1591 fiamine

421 1609 468 1645 Et
502 1615 650 1646 nostras
682 1610 811 1656 plagas
843 1610 973 1650 leniat.
1236 1610 1288 1648 Sit
1323 1611 1360 1647 in
1392 1611 1465 1647 isto
1497 1611 1725 1656 precamine.

759 1776 814 1812 97.
849 1777 929 1819 (13.)
965 1776 1013 1812 De
1039 1787 1086 1813 ss.
1112 1775 1277 1812 Simeone
1304 1778 1341 1812 et
1366 1776 1466 1812 luda.

352 1872 386 1908 1.
420 1870 537 1907 Omne
564 1881 679 1917 genus
714 1870 959 1908 monochordi
1163 1874 1200 1911 3.
1233 1871 1352 1909 Nobis
1383 1876 1553 1923 parcant,
1587 1873 1831 1922 postulemus,

419 1928 520 1963 Voce
550 1927 679 1964 laudet
710 1927 778 1964 sub
812 1928 989 1965 concordi
1234 1929 1316 1965 Hoc
1349 1930 1530 1966 concedat
1563 1939 1629 1966 rex
1662 1940 1871 1978 supremus,

422 1983 553 2020 Iudam
587 1983 697 2020 simul
729 1988 767 2020 et
798 1984 1030 2031 Taddaeum,
1233 1985 1303 2032 Qui
1328 1986 1506 2032 disponit,
1541 1986 1642 2032 quod
1666 1991 1733 2034 est,
1757 1991 1888 2031 totum,

421 2040 545 2077 Multa
577 2051 708 2086 passos
741 2046 900 2087 propter
930 2042 1062 2080 Deum.
1236 2042 1401 2090 Caelum,
1424 2047 1577 2087 terram,
1602 2043 1717 2080 maris
1733 2047 1886 2081 motum.

349 2137 387 2174 2.
421 2135 543 2173 Carne
575 2137 706 2175 vivunt
735 2135 938 2183 interfecti,
1163 2141 1200 2178 4.
1235 2139 1376 2177 Summi
1409 2139 1528 2185 patris
1561 2139 1756 2185 celsitudo,

418 2193 554 2229 Mundi
585 2193 728 2230 iudices
760 2193 895 2240 effecti,
1236 2196 1300 2233 Sui
1332 2195 1410 2232 nati
1441 2196 1640 2242 plenitudo

420 2249 572 2286 Caelum
604 2254 739 2287 ornant
770 2251 1060 2297 triumphantes,
1234 2251 1362 2289 Sancti
1394 2251 1555 2289 flaminis
1588 2263 1669 2288 cum
1702 2262 1814 2298 precc

421 2306 588 2344 Palmam
623 2307 794 2344 manibus
823 2312 1033 2354 portantes.
1234 2309 1379 2345 Levent
1411 2320 1476 2345 nos
1507 2320 1529 2345 a
1560 2309 1683 2346 carnis
1715 2307 1832 2345 faece.

426 2401 583 2442 Hymnus
617 2406 813 2434 sanctorum
845 2404 998 2434 Simonis
1032 2407 1065 2434 et.
1095 2403 1212 2435 Iudae.
1237 2420 1281 2424 —
1309 2403 1343 2442 l,
1378 2401 1398 2434 2
1426 2404 1510 2434 Hier
1542 2403 1626 2445 liegt
1657 2403 1810 2435 offenbar
1835 2404 1891 2434 eiu

335 2446 468 2487 Lapsus
495 2447 620 2478 calami
647 2458 719 2485 vor,
759 2448 803 2479 da
828 2448 931 2479 Iudas
958 2448 1026 2479 und
1051 2448 1233 2480 Taddacus
1263 2450 1347 2480 zwei
1374 2450 1506 2480 Namen
1532 2450 1586 2481 ein
1613 2449 1683 2480 und
1708 2449 1889 2480 den-selben

335 2492 613 2524 l'crsiinlichkeit
639 2493 727 2524 sind.

825 2605 881 2641 98.
909 2606 991 2648 (14.)
1023 2605 1071 2640 De
1096 2606 1223 2641 sancto
1249 2605 1398 2650 Tegulo.

350 2697 385 2735 1.
418 2697 577 2734 Sanctus
608 2698 771 2745 Tegulus
802 2709 869 2735 nos
900 2702 1002 2747 tegat
1164 2700 1201 2736 2.
1237 2699 1308 2735 Per
1339 2699 1517 2736 virtutum
1548 2701 1807 2735 ornamentum

419 2754 468 2790 Et
502 2759 653 2801 regente
686 2754 836 2792 Christo
868 2760 986 2802 regat,
1233 2755 1380 2792 Ornans
1412 2765 1494 2791 sese
1525 2754 1646 2791 modis
1679 2758 1824 2790 centum

421 2811 471 2849 Ut
501 2811 568 2847 sub
601 2811 771 2850 caritatis
804 2811 874 2848 alis
1233 2812 1393 2849 Strictos
1424 2821 1532 2848 enses
1563 2821 1635 2848 non
1667 2811 1813 2847 curavit

424 2867 668 2915 Protegamur
697 2867 816 2915 pulsis
850 2868 971 2908 malis.
1234 2868 1334 2905 Mori
1366 2868 1479 2905 vitam
1512 2867 1719 2915 deputavit,
