2031 3289
346 285 412 323 21.

351 881 416 918 22.

357 1421 423 1459 23.

359 1951 426 1990 24.

356 2482 424 2519 25.

975 168 1285 210 —654—

459 284 923 334 Flentes,heu‚super
940 281 1094 320 fiumina
1163 284 1231 321 26.
1276 282 1390 329 Eia,
1423 282 1576 320 domina
1605 283 1698 331 spei,

518 340 693 378 Civitatis
724 339 932 387 Babylonis

460 397 571 444 Elegi
603 397 732 434 damus
766 396 933 432 carmina

516 452 775 490 Recordantes
806 451 961 488 visionis

518 509 608 546 Sion
638 508 738 545 altae
769 507 985 555 mansionis,

460 566 539 611 Qua
568 564 735 611 gaudent
765 564 859 601 caeli
889 564 1041 611 agmina

516 621 609 659 Cum
640 620 771 657 mundi
800 620 909 657 huius
938 619 1094 666 colonis,

461 676 535 714 Sua
566 677 628 723 qui
660 675 796 713 flerunt
827 677 996 716 crimina.

463 880 517 917 In
547 879 678 916 mundi
707 878 816 916 huius
847 889 1007 926 vespera

519 936 573 972 Te
604 946 804 982 precamur
833 936 1007 985 sollicite,

462 991 541 1028 Fac
571 1002 638 1028 nos
670 992 774 1038 sequi
805 992 954 1039 itinera,

520 1049 595 1086 Per
622 1059 717 1094 quae
738 1049 936 1085 tendamus
957 1048 1097 1095 debite,

520 1106 574 1144 Ut
603 1105 756 1141 tandem
788 1110 891 1141 recto
922 1105 1077 1142 tramite

466 1161 537 1198 Per
567 1161 785 1198 meritorum
816 1172 933 1208 opera

522 1218 708 1263 Queamus
739 1217 878 1254 habere
910 1218 982 1255 rite

464 1275 633 1311 Aeterna
664 1273 804 1312 Christi
835 1284 1002 1312 munera.

470 1420 572 1458 Hac
603 1421 650 1458 de
682 1431 794 1458 causa
823 1432 951 1458 sumus
981 1421 1074 1467 nati,

525 1477 609 1514 Hoc
638 1481 807 1514 nostrum
840 1477 1082 1525 desiderium,

467 1534 512 1571 In
545 1534 643 1571 hanc
672 1534 793 1570 lucem
825 1534 976 1571 educati

527 1590 587 1627 Ad
628 1590 842 1627 habendum
873 1590 1102 1627 consortium

527 1647 755 1684 Cunctorum
787 1647 881 1684 caeli
913 1647 1072 1696 civium,

467 1703 546 1741 Fac
577 1703 704 1750 igitur,
737 1703 852 1740 simus
882 1703 981 1750 grati

525 1759 606 1796 Deo
637 1759 738 1806 patri
767 1770 837 1806 per
868 1759 996 1808 filium,

468 1815 538 1861 Qui
569 1816 688 1853 voluit
718 1816 765 1852 ob
796 1816 867 1852 hoc
899 1816 992 1862 pati.

472 1951 812 1989 Lacrimarum
846 1951 967 1989 dulcis
994 1955 1105 1998 potus

524 2008 632 2045 Assit
661 2018 744 2044 meo
775 2008 881 2045 cordi
912 2018 1013 2055 vere,

468 2064 543 2101 Per
573 2069 610 2101 te
640 2064 741 2101 intus
771 2068 813 2101 ut
846 2068 1051 2101 commotus

525 2122 614 2159 Mea
644 2131 776 2167 queam
808 2121 907 2158 mala
937 2119 1042 2166 flere,

523 2177 574 2214 Et
604 2188 731 2214 amore
767 2176 828 2214 fac
859 2176 1008 2214 fervere

473 2233 548 2282 Me,
581 2237 622 2270 ut
651 2233 720 2270 tibi
752 2233 820 2270 sim
854 2234 1025 2283 devotus,

527 2292 643 2336 Quem
658 2290 848 2337 conspicio
860 2290 1118 2337 siclanguere‚

470 2345 542 2396 Da,
575 2346 698 2383 sitiam
730 2348 769 2383 in
800 2350 836 2383 te
866 2350 980 2386 totuS.

469 2481 617 2518 Valle
648 2482 685 2518 in
716 2482 790 2519 ista
821 2480 939 2528 fuisti,

527 2538 638 2576 Unde
669 2538 808 2575 mundo
829 2538 893 2575 lux
916 2541 974 2574 est
994 2540 1099 2586 orta3

468 2593 644 2631 Gloriosa
675 2598 796 2631 mater
827 2594 979 2640 Christi,

525 2650 608 2687 Hac
639 2651 779 2687 lumine
810 2660 868 2686 me
900 2648 1074 2687 conforta

525 2707 618 2753 Tuo,
650 2717 745 2753 quae
777 2717 816 2743 es
847 2706 947 2744 vitae
977 2709 1100 2757 porta,

470 2763 702 2800 Succurrens
733 2763 870 2800 misero
901 2763 1001 2800 tristi

526 2820 674 2857 Gaudia
705 2821 783 2856 nati
815 2824 969 2866 reporta

469 2875 571 2921 Filii,
606 2886 713 2923 quem
746 2876 919 2923 genuisti.

1168 880 1236 918 27.
1282 879 1414 927 Ergo
1446 879 1542 929 veni,
1575 879 1758 927 accelera,

1333 339 1414 376 Tua
1443 350 1511 376 nos
1542 339 1662 386 erigat
1691 339 1812 389 laeva,

1276 395 1456 432 Accende
1486 396 1611 433 lumen
1637 394 1732 432 'fidei

1337 451 1429 489 Cum
1461 451 1619 489 caritate
1650 461 1809 501 coaeva,

1335 507 1432 545 Nam
1473 506 1642 556 infestat,
1684 508 1769 556 heu,
1814 519 1914 546 mors
1946 501 1949 503 ’

1643 574 1756 601 saeva

1279 620 1370 669 Nos,
1402 620 1501 657 filios
1532 620 1612 657 irae
1641 620 1737 667 Dei3

1337 677 1420 714 Hoc
1452 677 1554 714 virus
1586 677 1756 723 porrexit
1791 677 1874 715 Eva

1274 733 1396 779 Adae,
1430 733 1533 770 unde
1563 744 1691 770 sumus
1723 733 1790 772 rei.

1337 936 1504 982 Accede,
1539 935 1665 973 datrix
1696 945 1906 985 munerum,

1280 992 1382 1030 Nato
1414 992 1559 1039 regenti
1589 992 1744 1029 aethera

1340 1050 1437 1086 Vota
1468 1049 1620 1095 porrige
1649 1058 1870 1095 pauperum,

1337 1105 1562 1152 Imperatori
1593 1115 1774 1150 superum

1280 1163 1503 1199 Praesentet
1533 1167 1598 1199 tua
1630 1161 1804 1207 dextera,

1339 1219 1392 1257 Ut
1421 1218 1556 1255 merita
1587 1217 1650 1254 det
1684 1227 1840 1264 operum

1283 1274 1517 1321 Abstergens
1548 1277 1679 1311 nostra
1709 1274 1870 1312 scelera.

1173 1422 1240 1460 28.
1286 1421 1551 1459 Advocata
1581 1420 1748 1467 propitia

1344 1478 1573 1516 Cunctorum
1604 1477 1666 1513 hic
1693 1476 1918 1525 degentium,

1285 1534 1389 1572 Audi
1419 1538 1518 1580 vota,
1550 1537 1671 1570 mater
1701 1533 1776 1582 pia,

1342 1592 1387 1628 In
1427 1595 1465 1627 te
1505 1600 1655 1636 semper
1685 1587 1919 1636 sperantium

1343 1646 1538 1693 Nobisque
1569 1644 1629 1683 fac
1660 1644 1866 1692 propitium

1286 1702 1427 1740 Natum
1457 1706 1522 1740 tua
1553 1701 1768 1751 clementia,

1342 1759 1411 1806 Qui
1443 1769 1483 1796 se
1516 1759 1659 1796 donans
1689 1758 1728 1795 in
1756 1757 1919 1804 pretium

1286 1815 1377 1853 Alta
1408 1814 1583 1862 promisit
1613 1814 1762 1862 gaudia.

1176 1951 1242 1989 29.
1289 1950 1477 1988 Nostra
1519 1954 1560 1987 tu
1591 1961 1629 1987 es
1661 1950 1759 1987 bona
1788 1952 1922 1999 mater,

1346 2007 1424 2044 Nos
1455 2017 1601 2054 quoque
1631 2007 1686 2044 tui
1718 2003 1802 2052 filii,

1289 2063 1411 2101 Natus
1443 2068 1528 2100 tuus
1559 2066 1688 2100 noster
1717 2061 1858 2108 frater;

1346 2120 1409 2158 Ad
1440 2131 1506 2157 vos
1538 2118 1699 2167 fugimus
1731 2118 1883 2167 conscii,

1347 2177 1441 2224 Quia
1473 2187 1545 2213 non
1577 2187 1702 2213 sumus
1731 2174 1853 2222 inscii,

1289 2233 1409 2279 Quod,
1428 2243 1523 2279 quae
1541 2232 1664 2282 vultis,
1685 2230 1777 2269 facit
1790 2231 1920 2279 pat‘er;

1345 2289 1456 2331 Date,
1488 2293 1528 2325 ut
1559 2289 1686 2326 hostes
1716 2287 1824 2335 impii

1289 2345 1367 2382 Nos
1395 2356 1466 2382 non
1489 2349 1664 2391 premant
1685 2354 1804 2392 neque
1825 2347 1919 2382 ater.

1174 2483 1239 2520 30.
1286 2481 1414 2518 Illos
1446 2480 1605 2517 servatis
1635 2479 1785 2526 iugiter,

1343 2537 1415 2583 Qui
1448 2536 1608 2583 diligunt
1637 2546 1701 2572 vos
1733 2534 1891 2583 dulcius,

1284 2595 1363 2632 Aut
1393 2592 1550 2639 pandite
1581 2595 1682 2629 certe
1712 2591 1799 2638 iter,

1344 2650 1415 2687 Per
1445 2649 1546 2695 quod
1577 2648 1755 2685 incedant
1776 2646 1915 2696 tutius3

1341 2705 1496 2742 Nullum
1529 2705 1642 2742 credo
1673 2703 1838 2749 suavius,

1285 2761 1340 2800 Ob
1383 2762 1482 2808 quod
1519 2761 1568 2798 ad
1600 2771 1666 2798 vos
1696 2758 1920 2807 suppliciter

1346 2819 1524 2864 Propero.
1557 2822 1598 2854 ut
1629 2816 1854 2864 quantocius

1287 2874 1444 2912 Cursum
1476 2885 1583 2921 agam
1615 2872 1794 2913 feliciter.
