1914 3223
722 205 1027 245 -395—

138 321 175 359 7.
205 320 311 358 Haec
343 320 439 367 dico,
471 319 558 367 quia
584 319 684 356 oculi
1024 319 1246 356 Constantia
1278 317 1496 363 fortissima,

206 376 291 423 Ipsi
321 377 369 414 ad
401 377 516 413 vitam
547 376 686 412 saeculi
1024 376 1246 413 Tolerantes
1277 374 1500 420 gravissima

263 433 330 470 Me
360 433 530 480 fecerunt
560 431 724 475 avolare,
1080 432 1195 476 Mala,
1226 431 1361 477 quibus
1392 435 1478 466 sunt
1500 429 1657 479 corrosi,

206 490 313 527 Licet
345 490 504 527 salutem
536 489 667 536 populi
1025 488 1210 526 Clausura
1241 487 1495 525 secretissima

208 546 557 592 Praepensaverim,
591 545 722 582 distuli
880 558 886 563 ·
1025 544 1072 581 Se
1103 550 1297 581 servantes
1326 554 1395 581 nec
1425 543 1558 580 intima

262 602 314 639 Et
344 602 443 639 volui
475 608 696 648 exspectare
1081 601 1339 638 Monstrantes
1371 598 1463 636 facti
1495 598 1658 637 verbosi.

206 659 260 696 Te
292 659 516 706 condignam
548 670 607 695 mc
639 662 792 706 portare

206 715 258 753 Et
287 715 347 752 lac
378 715 584 762 virgineum
619 715 710 752 dare

263 772 306 808 In
339 777 486 818 pastum
517 771 587 808 mei
618 771 779 818 parvuli,
931 759 995 798 11·
1028 759 1140 796 Tales
1170 758 1268 795 Sicut
1296 768 1388 805 yrez'
1419 756 1547 794 Ovium

208 827 331 876 Unde,
364 828 394 864 si
428 839 487 864 me
517 838 725 875 properare
1026 815 1178 852 Laudes
1210 820 1293 851 tuas
1326 814 1531 850 balantium

206 884 361 933 Fecisti,
395 895 506 921 causa
537 889 605 929 est,
638 893 754 931 quare
1062 871 1173 908 Facti
1186 869 1660 916 sunt,q21aeascenderunt

266 941 385 979 Citius
416 946 603 978 tormenta
633 940 715 978 tuli.
1023 928 1085 965 DC
1115 928 1270 966 ῘαυαθΥΟ
1303 926 1532 963 (ἬΓΓΕΠῘῘἪΠ

1025 988 1234 1032 Aquarum,
1267 983 1538 1031 paenitentiam

1081 1043 1184 1088 Quae
1215 1042 1262 1078 de
1294 1040 1408 1077 corde
1440 1040 1612 1076 exierunt

135 1101 172 1140 8.
205 1099 388 1137 Homines
419 1109 530 1136 causa
562 1099 758 1145 culparum
1029 1098 1102 1135 Per
1132 1097 1271 1146 oculos,
1305 1097 1369 1143 qui
1396 1095 1581 1132 fleverunt

208 1155 319 1193 Facti
348 1156 446 1193 sicut
474 1166 566 1203 yreae
596 1165 806 1202 caprarum
1028 1154 1167 1201 Culpas
1199 1152 1320 1190 factas
1352 1158 1388 1189 et
1421 1153 1593 1189 laverunt

270 1212 458 1249 Dicuntur
488 1211 619 1258 capilli
652 1211 721 1260 tui,
1084 1211 1160 1248 Eas
1192 1211 1267 1247 ritu
1298 1209 1505 1247 dolentium

213 1269 308 1315 Quia
339 1268 501 1305 omnium
533 1279 682 1305 suarum
1030 1270 1102 1313 Ita,
1134 1267 1234 1314 quod
1267 1266 1540 1304 dealbaverunt

211 1325 411 1363 Advocata
442 1335 480 1361 es
512 1335 721 1373 causarum,
1031 1326 1120 1363 Sese
1152 1329 1188 1360 et
1219 1323 1379 1360 mundos
1412 1321 1585 1359 fecerunt

269 1381 352 1419 Nisi
383 1381 432 1418 sit
464 1380 634 1419 defectus
665 1381 745 1427 sui3
1089 1381 1162 1418 Per
1193 1380 1269 1417 tale
1299 1379 1548 1418 stillicidium.

215 1439 358 1476 Eorum
384 1435 477 1474 ‘sunt
507 1436 688 1484 superflui

216 1495 374 1542 Quidam
408 1495 586 1532 cadentes
617 1492 767 1542 proflui,

274 1551 360 1588 Tibi
392 1551 642 1588 adhaerentes
671 1560 819 1597 parum,

217 1608 386 1645 Tenaces
417 1613 453 1644 et
483 1608 626 1645 assidui

221 1665 317 1704 Sunt
347 1665 411 1702 alii
443 1668 480 1701 et
510 1664 665 1711 congrui

274 1721 468 1759 Iuvamine
497 1721 716 1769 gratiarum.

934 1530 998 1570 12.
1031 1527 1171 1567 Omnes
1199 1525 1366 1574 „clematis
1396 1525 1532 1572 fetibus

1031 1585 1123 1622 Tam
1155 1583 1280 1620 animo
1312 1593 1422 1629 quam
1454 1582 1627 1620 manibus

1090 1639 1239 1678 Debent
1269 1639 1362 1675 mihi
1393 1649 1626 1687 comparere,

1031 1698 1083 1736 Et
1113 1695 1254 1735 sterilis
1285 1695 1488 1732 virtutibus

1034 1755 1108 1793 Seu
1139 1753 1316 1790 virtuosis
1346 1751 1533 1790 fructibus

1088 1810 1180 1848 Non
1211 1813 1264 1847 est
1293 1810 1334 1846 in
1366 1809 1430 1858 eis,
1464 1811 1496 1847 si
1527 1820 1614 1847 vere

146 1869 183 1908 9.
217 1870 323 1919 Quae
358 1869 403 1906 de
432 1867 597 1906 Galaad
627 1872 811 1905 venerunt
1034 1868 1199 1914 Cupiunt
1228 1867 1320 1903 mihi
1351 1867 1514 1914 placere,

217 1927 358 1965 Gentes
389 1930 426 1962 et
455 1925 724 1972 apparuerunt
1034 1927 1153 1963 Immo
1183 1922 1477 1960 mihi.arridere

274 1983 422 2019 Acervo
451 1981 668 2030 testimonii,
1091 1981 1291 2027 Videntur,
1325 1979 1387 2026 qui
1419 1979 1610 2017 habitibus

219 2039 314 2078 Sunt
329 2039 413 2086 hae,
432 2049 528 2086 quae
543 2042 687 2074 mecum
701 2035 853 2074 fuerunt
1034 2039 1157 2077 Extra
1188 2037 1318 2074 volunt
1347 2047 1535 2084 apparere

221 2096 380 2145 Cotidie,
413 2100 499 2132 sunt
531 2100 568 2131 et
598 2098 709 2131 erunt
1034 2097 1079 2133 In
1110 2093 1308 2140 animoque
1334 2103 1465 2130 carere

277 2153 409 2190 Testes
440 2152 513 2188 mei
544 2151 697 2198 suplicii
1093 2149 1221 2189 Rectis
1251 2149 1536 2188 intentionibus,

220 2211 345 2256 Atque
375 2209 448 2246 mei
479 2207 696 2255 opprobrii3

220 2266 264 2303 In
297 2266 393 2302 atrio
426 2265 551 2302 cordis
581 2265 635 2311 pii

278 2324 468 2359 Acervum
506 2321 579 2358 sibi
611 2320 798 2368 fecerunt,

223 2379 359 2426 Sicque
391 2379 527 2427 capitis
559 2378 704 2425 proprii

222 2435 306 2483 Tui,
340 2445 482 2472 summe
513 2435 667 2482 egregii,

283 2491 331 2530 Se
355 2492 513 2540 capillos
534 2492 851 2529 monstraverunt.

939 2302 1005 2339 13.
1037 2299 1144 2337 Sicut
1173 2302 1297 2336 cortex
1327 2300 1380 2335 est
1403 2297 1543 2343 punici

1037 2355 1153 2405 Mali,
1186 2366 1258 2402 quo
1289 2360 1444 2391 servant
1474 2354 1612 2391 medici

1095 2413 1223 2450 Grana
1253 2422 1322 2458 pro
1352 2410 1644 2460 infirmantibus,

1036 2470 1100 2508 Sic
1130 2469 1290 2506 firmiter
1320 2472 1477 2514 possunt
1511 2467 1584 2504 dici

1037 2526 1169 2565 Genae
1198 2529 1288 2562 tuae
1318 2529 1355 2561 et
1387 2524 1556 2571 conspici

1094 2583 1234 2621 Plenae
1264 2580 1566 2629 medicinalibus,

129 2636 193 2676 lO-
223 2638 367 2676 Dentes
399 2638 455 2675 tui
487 2638 665 2674 ruminosi
1039 2639 1192 2678 Scilicet
1223 2638 1363 2674 sanctis
1395 2636 1583 2685 precibus,

227 2695 424 2732 Praeconii
455 2694 621 2741 gloriosi,
1039 2696 1181 2742 Quibus
1211 2694 1377 2731 medicas
1405 2694 1591 2741 omnibus,

285 2752 397 2789 Cuius
427 2756 468 2788 tu
498 2762 538 2788 es
570 2751 802 2802 dignissima,
1095 2752 1165 2799 Qui
1195 2751 1263 2787 tibi
1297 2751 1425 2787 volunt
1456 2751 1576 2787 subici

228 2807 323 2845 Sunt
351 2808 422 2845 viri
455 2807 635 2857 religiosi,
1039 2808 1195 2855 Absque
1225 2807 1380 2845 occultis
1411 2807 1583 2853 pluribus

228 2864 414 2910 Ordinati,
445 2863 611 2902 amorosi
1038 2865 1136 2903 Tuis
1165 2863 1422 2906 interioribus,

286 2921 442 2960 Unitate
472 2920 678 2970 carissima,
1097 2921 1238 2968 Quibus
1269 2920 1433 2968 gaudent
1455 2920 1664 2958 domestici.
