2031 3289
872 207 1182 247 —542—

250 341 291 345 —
319 321 371 361 15,
399 322 415 354 1
442 334 483 354 ex
508 323 652 354 fervore.
678 338 722 342 -—-
748 319 800 359 15,
826 318 846 352 6
873 320 984 361 Perge
1007 331 1140 352 mecum
1166 323 1204 352 tu
1228 322 1274 352 in.
1300 338 1343 342 -—
1363 319 1415 359 16,
1440 318 1461 353 8
1485 332 1561 354 meo
1587 325 1624 354 tu
1642 323 1810 364 iungaris.

246 387 290 390 —
324 367 375 407 16,
409 366 429 400 9
462 368 515 399 Ad
548 377 606 398 cor
642 377 753 397 meum
786 369 823 397 111
856 365 1024 406 loquaris.
1057 382 1098 388 --
1137 363 1187 403 16,
1215 364 1257 398 10
1281 376 1373 398 1111110
1398 366 1452 398 ad.
1483 383 1528 388 ——
1555 366 1605 406 17,
1634 366 1648 398 1
1677 378 1813 400 summa.

247 418 417 445 creatura.
443 431 487 434 —
515 411 566 449 17,
592 410 612 442 2
636 412 749 442 Mater
766 412 843 449 Dei,
868 411 967 452 virgo
993 421 1091 453 pura.
1116 428 1159 432 —-
1187 409 1238 450 17,
1267 409 1307 442 10
1331 411 1378 442 Ε1
1394 422 1508 443 meum
1526 412 1747 445 desiderium.
1765 432 1811 435 —

250 457 300 496 18,
333 457 354 490 2
388 459 506 500 Vin-gis
539 458 694 498 gemmis.
731 474 768 479 -
807 454 858 494 19,
893 455 908 486 1
945 460 1097 498 aspectu.
1130 473 1174 477 —
1210 454 1262 493 19,
1295 454 1315 487 2
1346 456 1491 488 defectu.
1520 474 1564 478 —
1592 455 1642 496 19,
1662 456 1689 490 ·6
1714 460 1811 490 Intra

248 504 361 535 dulcis
396 514 520 534 meum.
552 519 596 523 ——
632 500 681 539 10,
715 500 735 533 9
764 501 834 532 und
862 498 903 532 10
928 501 1136 544 umgestellt.
1165 519 1205 523 —-
1231 499 1285 539 20,
1311 499 1331 532 2
1355 502 1397 533 In
1421 512 1488 543 quo
1514 502 1616 534 111001.
1643 520 1686 525 -
1709 502 1763 544 20,
1788 502 1811 536 4

248 549 461 590 Egressuros
494 548 535 579 de
566 547 640 578 hac.
675 565 716 568 —
752 544 806 584 20,
832 544 852 577 5
877 546 930 577 Tu
955 547 1053 578 trahe
1079 557 1142 577 nos
1167 557 1248 578 non.
1275 564 1316 567 —
1342 544 1396 585 21,
1421 546 1442 578 4
1468 547 1657 579 Cantantes
1682 559 1811 580 novum

250 595 435 625 canticum.
461 610 504 614 —-
538 590 591 629 21,
617 590 636 623 9
671 602 717 623 08.
750 609 795 612 -
826 588 880 629 22,
906 589 926 622 5
952 592 1117 624 Caritatis
1144 591 1296 623 brachio.
1321 609 1365 613 —
1393 590 1446 631 22,
1472 589 1493 623 8
1519 597 1675 634 prompte
1700 594 1812 625 dabis.

248 656 291 660 —-
317 637 370 676 22,
401 636 441 670 10
466 639 558 677 Quin
583 637 694 668 dicas:
720 637 821 668 Ecce.
847 653 893 658 —
918 634 973 675 23,
1000 635 1086 668 1—5
1111 637 1248 669 lauten:

766 698 897 737 Gaude,
924 699 1027 731 decor
1051 699 1245 741 virginalis,

769 744 822 775 Tu
847 754 1015 775 conserva
1039 755 1102 775 nos
1128 755 1147 775 a
1172 745 1274 775 malis

767 789 815 820 Et
840 790 875 820 in
899 793 961 820 tua
985 789 1087 821 laude
1111 800 1192 821 vere

769 835 881 872 Dona,
906 835 1018 875 virgo,
1044 845 1108 866 nos
1133 834 1293 874 gaudere,

815 879 1050 911 Gaudentium
1075 880 1222 912 laetitia.

338 939 399 979 23,
435 939 454 972 7
488 942 620 983 absque
652 942 742 973 viro.
774 956 816 962 —
849 939 909 979 24,
940 939 960 972 2
996 941 1101 973 Cordi
1134 945 1205 973 tuo.
1231 959 1273 963 —
1307 939 1360 979 24,
1387 940 1406 972 7
1441 942 1526 974 Cum
1556 945 1589 974 te
1614 953 1691 975 mea
1716 955 1812 976 mens

248 986 400 1019 affectat.
444 1004 483 1008 —
513 984 569 1024 24,
602 984 642 1018 10
668 987 696 1018 O
721 987 820 1029 virgo
846 987 1110 1028 benignissima.
1136 1004 1181 1008 —
1205 984 1258 1023 25,
1285 985 1304 1017 7
1330 988 1415 1026 Quis
1441 997 1558 1019 amare
1584 991 1617 1020 te
1642 990 1814 1031 nequibit.

248 1050 292 1054 -—
318 1030 372 1069 25,
400 1029 441 1062 10
467 1032 610 1064 abicias.
635 1049 680 1053 --
704 1029 758 1069 26,
783 1030 804 1062 4
830 1032 882 1063 Tu
907 1032 945 1063 in
968 1042 1063 1064 vera.
1088 1050 1132 1054 —
1157 1029 1210 1070 26,
1237 1030 1257 1063 5
1281 1032 1330 1064 Ε8
1355 1036 1476 1071 totum,
1502 1033 1604 1073 quod.
1631 1053 1673 1057 —
1698 1032 1815 1073 26,10

250 1078 290 1109 In
319 1080 529 1108 sanctorum.
555 1094 599 1097 —
632 1074 686 1115 27,
711 1074 733 1107 4
758 1077 825 1116 Qui
851 1087 967 1108 amare
992 1080 1026 1109 10
1052 1077 1245 1109 addiscunt.
1271 1094 1314 1098 —-
1340 1076 1393 1116 27,
1419 1075 1440 1109 8
1467 1077 1572 1109 Cuius
1597 1079 1744 1122 fulgens.
1770 1097 1813 1102 —
1986 1083 1990 1102 ²

247 1120 301 1161 27,
334 1120 355 1154 9
392 1122 458 1153 Est
490 1121 651 1153 candoris
683 1122 973 1154 blandimentum.
1006 1139 1050 1144 ——-
1083 1120 1136 1159 28,
1171 1120 1191 1153 2
1222 1123 1264 1153 111
1297 1132 1375 1164 qua.
1401 1140 1444 1144 —
1469 1120 1524 1161 28,
1549 1121 1570 1155 3
1593 1124 1646 1156 De
1671 1135 1749 1166 qua.
1774 1142 1814 1148 —
1985 1119 2005 1164 l·

248 1165 302 1205 28,
336 1165 358 1198 4
391 1168 444 1199 De
478 1177 557 1208 qua.
588 1184 630 1188 —·
657 1164 710 1205 28,
736 1165 756 1198 9
782 1167 924 1199 vadens.
950 1185 992 1189 -—
1018 1165 1071 1205 28,
1100 1165 1141 1199 10
1166 1168 1328 1199 animam.
1355 1186 1398 1190 —
1422 1165 1477 1204 29,
1501 1167 1524 1199 4
1547 1168 1595 1200 Et
1617 1179 1677 1201 eor
1701 1181 1813 1203 meum
1988 1168 1990 1182 '

248 1213 441 1244 dulcorare.
474 1230 518 1234 —
551 1210 606 1250 29,
631 1210 652 1243 9
681 1222 733 1244 me
767 1215 934 1244 sustenta.
966 1230 1011 1234 —
1036 1210 1090 1251 29,
1118 1211 1158 1245 10
1185 1213 1328 1245 abicias.
1354 1230 1397 1235 —-
1423 1211 1477 1251 30,
1505 1211 1521 1244 1
1549 1214 1679 1251 Gaude,
1705 1219 1817 1247 mater

251 1258 349 1290 verbi
376 1259 453 1289 Dei.
479 1275 524 1279 —
548 1255 602 1295 30,
628 1255 649 1288 2
673 1258 731 1289 Μο
757 1258 893 1296 exaudi,
919 1262 952 1290 te
977 1258 1078 1300 elegi.
1104 1275 1147 1280 —-
1173 1255 1227 1297 30,
1255 1256 1276 1290 3
1300 1259 1464 1301 gaudens.
1491 1275 1534 1280 —
1559 1257 1614 1299 30,
1632 1258 1652 1291 5
1670 1260 1716 1291 Et
1731 1262 1814 1292 totis

251 1305 338 1335 meis
362 1303 509 1335 viribus.
536 1319 578 1323 —
604 1300 658 1341 30,
684 1301 705 1334 6
730 1307 768 1334 111
800 1303 936 1335 deeora.
961 1321 1005 1325 —
1038 1301 1100 1341 31,
1125 1301 1146 1335 3
1178 1304 1275 1335 Leva
1301 1305 1456 1345 lapsum,
1489 1303 1627 1336 foedum
1654 1305 1745 1337 lava.
1770 1322 1815 1328 —

251 1346 306 1388 31,
332 1346 352 1380 5
389 1352 500 1387 caste,
534 1350 643 1379 caute.
675 1366 719 1370 ——-
749 1346 805 1386 31,
837 1346 857 1380 9
890 1350 926 1379 in
958 1350 1090 1391 vigore.
1123 1368 1165 1371 —
1198 1347 1251 1387 32,
1278 1347 1299 1381 3
1324 1349 1514 1391 speculare.
1540 1368 1582 1372 -—
1608 1347 1660 1390 32,
1686 1349 1709 1382 4
1735 1361 1814 1382 con·
1988 1355 1991 1395 ς

252 1394 432 1435 templare.
459 1410 504 1414 —
528 1391 583 1431 32,
609 1391 629 1424 5
657 1394 698 1425 In
723 1403 797 1425 sua.
824 1411 868 1415 ——-
892 1392 945 1433 32,
973 1392 993 1425 6
1018 1396 1054 1425 111
1079 1404 1129 1425 eo.
1158 1412 1198 1415 —
1225 1392 1278 1433 32,
1307 1392 1348 1426 10
1372 1396 1453 1426 vivo
1479 1394 1621 1427 lumine.
1647 1413 1689 1417 -
1714 1394 1768 1433 33,
1794 1394 1817 1428 6
1988 1405 1991 1424 ι

251 1439 368 1471 Μο11111
397 1438 520 1481 gaude.
544 1456 590 1459 ——
613 1435 667 1478 33,
685 1436 706 1470 9
722 1439 772 1470 Te
790 1442 828 1470 111
845 1439 992 1478 laudem,
1016 1439 1103 1470 mihi
1128 1440 1216 1472 fave.
1238 1457 1280 1462 —
1299 1437 1353 1478 34,
1374 1438 1387 1471 1
1409 1439 1540 1478 Gaude,
1565 1450 1655 1480 cara,
1682 1451 1814 1473 carens.
1987 1439 1991 1458 ¹

251 1502 295 1506 --
320 1482 376 1522 34,
400 1484 420 1515 8
445 1484 497 1515 Νο
523 1484 569 1514 811
593 1494 691 1515 amor
717 1485 792 1516 sine
817 1494 935 1516 causa.
958 1502 1003 1506 —
1035 1482 1089 1522 35,
1115 1483 1135 1516 5
1169 1484 1237 1517 Sed
1261 1484 1356 1517 fehlt.
1386 1502 1427 1506 —-
1453 1482 1508 1523 35,
1535 1484 1554 1516 7
1580 1496 1703 1527 purum
1729 1487 1817 1518 dans

251 1529 420 1562 affectum.
455 1548 496 1551 —
522 1525 576 1566 37,
605 1527 620 1560 1
657 1529 789 1567 Gaude,
815 1540 950 1571 semper
974 1533 1047 1561 tot-a
1080 1528 1134 1569 37,
1169 1528 1190 1561 2
1222 1530 1314 1561 Audi
1345 1530 1495 1562 clemens
1528 1534 1621 1562 vota.
1645 1548 1690 1553 --
1715 1529 1769 1570 37,
1793 1528 1815 1563 3

248 1574 391 1651 gaude,
417 1574 520 1651 ‘Iba'eta
550 1574 640 1616 plus.
673 1592 717 1596 —
750 1572 803 1614 37,
837 1573 857 1606 5
890 1579 1013 1607 sonent
1045 1576 1199 1607 auribus.
1225 1592 1269 1597 —-
1293 1573 1348 1614 37,
1373 1573 1393 1607 6
1420 1576 1509 1607 Cara
1534 1586 1621 1609 mea.
1647 1594 1689 1597 -—
1714 1574 1769 1615 37,
1794 1573 1818 1608 8

279 1624 374 1652 0111111
399 1624 426 1651 ti
453 1631 476 1650 1.

574 1707 656 1742 371.
692 1707 751 1748 (3.)
785 1707 936 1743 lubilus
963 1708 1009 1742 de
1036 1708 1085 1744 D.
1113 1708 1159 1744 N.
1185 1708 1275 1743 Iesu
1302 1708 1483 1744 Christo.

216 1808 220 1810 ‘
256 1803 291 1841 1.
340 1802 425 1838 lesu
458 1800 580 1837 dulcis
611 1805 648 1837 et
680 1801 829 1847 decore,

1072 1804 1109 1842 3.
1155 1802 1250 1839 Esto
1284 1802 1377 1839 mihi
1406 1803 1551 1849 simque
1581 1801 1664 1852 tibi,

338 1858 440 1895 Rosa
470 1855 645 1904 fragrans
676 1858 771 1894 miro
802 1869 918 1905 more,

1158 1858 1232 1897 Ubi
1263 1858 1390 1908 cubas,
1422 1859 1491 1895 sim
1523 1863 1559 1896 et
1589 1858 1654 1907 ibi,

339 1914 484 1962 Sponse
514 1923 618 1950 meus
649 1925 834 1961 amorose,

339 1970 463 2017 Supra
493 1970 644 2007 modum
675 1971 857 2017 speciose,

398 2026 548 2063 Dilecte
578 2027 629 2063 mi
659 2027 926 2073 pulcherrime.

338 2082 428 2131 Ubi,
459 2093 609 2133 quaeso,
643 2084 900 2129 commoraris,

337 2139 414 2177 Ubi
446 2140 515 2186 vis,
547 2143 589 2177 111
619 2140 867 2188 perquiraris,

337 2195 413 2234 Ubi
445 2195 560 2233 cubas
592 2200 655 2233 aut
686 2196 861 2243 quiescis,

341 2252 411 2298 Qui
444 2253 499 2289 sic
529 2253 632 2299 sapis
664 2257 702 2289 et
733 2253 931 2299 dulcescis,

396 2309 425 2347 Ο
459 2309 579 2345 (1111018
611 2320 725 2356 sapor
753 2309 929 2347 animae?

288 2441 295 2448 .
342 2410 466 2447 'I'rahe
497 2421 568 2460 me,
601 2422 622 2448 0
653 2411 703 2447 mi
736 2411 886 2456 dilecte,

341 2467 467 2504 Meam
499 2467 537 2504 in
569 2471 606 2503 te
637 2471 799 2504 mentem
831 2466 952 2516 flecte,

343 2523 423 2560 Tuo
455 2534 601 2561 curram
633 2524 671 2560 in
702 2524 819 2561 odore

342 2580 520 2626 Fatigata
550 2590 642 2627 prae
673 2590 812 2622 amore,

399 2637 458 2673 Da
479 2648 629 2673 manum
653 2637 804 2674 dicens:
834 2647 1004 2683 sequere.

345 2693 442 2729 Vide
478 2697 654 2740 mentem,
695 2703 790 2740 quae
820 2697 857 2730 te
889 2693 1005 2742 videt,

347 2749 459 2786 Cuius
492 2760 557 2787 001
586 2749 635 2786 ad
667 2753 703 2786 tc
736 2749 920 2796 subridet,

345 2805 496 2842 Nullam
530 2816 657 2843 curam
689 2806 803 2843 habet
832 2806 901 2853 8111,

346 2861 397 2899 Ut
431 2862 571 2901 dilecto
602 2863 720 2909 possit
753 2862 850 2911 frui,

404 2917 482 2967 Sta,
516 2929 602 2955 care
632 2920 696 2967 mi,
728 2923 960 2957 convertere.

1156 1915 1306 1952 Mecum
1338 1925 1421 1952 meo
1452 1915 1503 1952 sis
1534 1916 1572 1952 in
1601 1915 1711 1965 lecto,

1154 1972 1208 2011 Ut
1239 1982 1321 2008 cum
1353 1972 1418 2009 tali
1448 1973 1518 2009 sim
1551 1972 1702 2015 dilecto,

1215 2028 1272 2066 Sit
1302 2029 1422 2065 lectus
1451 2032 1581 2066 noster
1609 2027 1781 2067 floridus.

1156 2084 1299 2122 Domus
1329 2088 1460 2122 nostra
1489 2085 1616 2122 liliosa

1156 2141 1330 2179 Delicata
1361 2141 1410 2178 sit
1441 2152 1522 2179 cum
1555 2152 1652 2185 rosa,

1157 2197 1254 2235 Nam
1286 2202 1322 2234 et
1352 2202 1483 2235 noster
1513 2201 1570 2234 est
1602 2197 1766 2235 dilectus

1158 2254 1321 2291 Pulcher
1356 2258 1457 2291 totus
1488 2258 1525 2291 et
1554 2252 1760 2303 perfectus,

1212 2311 1461 2348 Rubicundus
1493 2317 1530 2347 01
1560 2310 1758 2348 candidus.

1103 2441 1110 2450 .
1157 2412 1445 2461 Adpropinqua,
1489 2413 1587 2458 veni,
1619 2423 1717 2460 care,

1159 2469 1249 2505 Cum
1281 2472 1431 2505 amante
1462 2479 1704 2515 commorare,

1159 2524 1216 2562 Ne
1246 2524 1432 2562 offendam
1469 2530 1506 2561 te
1536 2526 1709 2572 amicum,

1160 2581 1280 2627 Tolle,
1313 2581 1497 2627 quidquid
1531 2587 1584 2619 est
1617 2582 1800 2628 iniquum,

1216 2637 1274 2674 De
1311 2638 1438 2675 cordis
1468 2639 1539 2675 mei
1570 2638 1708 2676 medio.

1163 2694 1280 2731 Omne
1311 2693 1448 2731 bonum
1481 2695 1527 2731 de
1557 2699 1595 2731 tc
1624 2704 1748 2744 spero,

1164 2751 1288 2788 Corde
1321 2749 1426 2788 fruor
1455 2755 1492 2787 te
1523 2751 1680 2799 sincero,

1160 2806 1218 2844 De
1247 2817 1307 2843 me
1336 2818 1492 2854 prorsus
1522 2807 1574 2844 nil
1606 2816 1819 2855 praesumo,

1165 2863 1278 2901 Cuius
1310 2864 1387 2901 vita
1417 2875 1488 2910 par
1519 2868 1573 2900 est
1606 2862 1718 2912 fumo,

1219 2920 1276 2957 Tu
1302 2920 1375 2957 scis
1397 2920 1433 2957 in
1455 2930 1526 2966 me,
1558 2919 1658 2966 quod
1679 2918 1819 2956 nescio.
