1914 3223
721 165 775 169 —
835 142 916 182 439
981 165 1030 170 —

552 309 634 345 411.
657 294 751 351 '(23.)
790 310 848 346 De
874 312 1011 346 eodem
1038 311 1204 347 Sancto.

756 392 807 423 Ad
834 392 982 424 Laudes.

408 495 445 533 1.
477 494 675 540 Temporis
706 504 818 531 cursu
848 494 950 531 iubet
984 494 1184 533 fratricida

475 549 695 588 Transferri
728 551 853 588 minax
887 555 995 588 noctc
1026 556 1170 589 tantum
1203 564 1276 590 una

477 608 633 647 Sacrum
666 607 841 656 cadaver,
875 612 1001 644 censet
1034 608 1130 645 collo
1161 610 1291 657 plecti,

571 663 686 701 Seeus
718 664 749 700 si
780 662 858 701 fiat.

406 767 443 804 2.
477 767 526 803 At
560 767 789 812 cataclysmo
820 767 920 803 rivos
952 766 1179 803 inundantes

476 822 560 859 Non
591 828 748 869 potuere
779 823 903 859 timidi
935 823 1088 869 vadare,

478 880 649 925 Repente
680 879 834 916 tandem
865 879 1077 916 vehiculum
1110 884 1269 917 cernunt

569 937 643 974 Per
673 947 713 972 se
744 936 984 975 translatum.

407 1039 444 1076 3.
478 1037 634 1085 Pragam
668 1048 750 1074 cum
781 1037 912 1074 urbem
944 1038 1115 1075 clanculo
1145 1038 1371 1075 transissent

474 1094 651 1141 Abrupto
682 1099 796 1141 ponte
829 1093 1009 1131 feretrum
1041 1095 1078 1131 in
1109 1095 1246 1132 altram

476 1151 659 1198 Migravit
689 1155 848 1200 partem,
882 1152 1071 1198 vinctique
1102 1152 1300 1188 solvuntur

567 1207 729 1246 Carcere
760 1212 897 1246 taetre.

1376 1070 1385 1088 2

403 1312 441 1347 4.
476 1309 504 1347 Ο
537 1309 774 1353 WencesIae,
808 1309 912 1357 pugil
944 1309 1015 1346 Dei
1048 1308 1171 1354 fortis,

478 1366 581 1402 Pelle
614 1366 817 1412 phalanges
851 1367 1072 1403 daemonum
1105 1372 1142 1403 et
1173 1365 1315 1414 hostes,

476 1421 613 1460 sterne
644 1427 840 1469 tyrannos,
874 1423 976 1469 erige
1006 1427 1239 1469 prostratros

563 1480 671 1517 lutor
702 1479 749 1516 ab
782 1480 870 1517 alto.

403 1583 442 1620 5.
474 1582 602 1627 thue
633 1581 795 1627 proinde
825 1585 994 1629 martyre
1023 1592 1093 1627 pro
1123 1584 1230 1618 tanto

474 1637 756 1684 Cunctipotenti
788 1638 880 1675 odas
912 1636 1134 1684 referamus,

474 1694 608 1732 Contio
639 1698 766 1731 nostra
799 1700 939 1742 pangat
971 1706 1086 1732 novas
1117 1694 1250 1731 laudes

565 1751 737 1797 Simplici
769 1752 881 1791 trinO.

404 1854 441 1892 6.
475 1852 575 1889 Laus
606 1852 685 1889 Deo
717 1853 830 1902 patri,
863 1863 1010 1899 quoque
1042 1851 1249 1899 filiarchae,

476 1910 672 1946 Pneumati
704 1910 816 1958 almo,
849 1910 888 1946 in
920 1909 1001 1946 usia
1032 1920 1116 1958 uno,

474 1966 575 2002 Arce
604 1966 668 2012 qui
698 1967 775 2012 poli
808 1970 933 2003 manet
963 1967 1157 2002 inaccesso

564 2022 723 2059 Lumine
754 2023 893 2061 lumen.

183 2121 256 2152 Fol.
295 2119 396 2153 154a
431 2121 496 2153 col.
534 2120 564 2153 2.
623 2121 696 2163 „Ad
728 2122 848 2154 laudes
881 2121 1063 2163 hymnus.“
1099 2138 1138 2141 ——
1174 2120 1214 2159 4,
1246 2120 1267 2152 4
1291 2121 1391 2153 Intus
1417 2122 1471 2153 ab.
1497 2139 1540 2144 -—
1566 2120 1601 2160 -5,
1633 2119 1649 2154 l

87 2163 255 2206 Martyris
282 2176 341 2206 pro
368 2168 468 2199 tanti.

730 2357 1015 2401 Cantilenae.

471 2464 552 2501 412.
589 2466 668 2508 (24.)
703 2467 761 2501 De
787 2466 1027 2502 sinceritate
1053 2467 1093 2501 et
1120 2476 1273 2502 amore.

107 2569 143 2606 1.
176 2568 215 2606 si
244 2581 401 2608 narrare
433 2571 566 2620 debeo,
919 2574 957 2610 2.
989 2572 1087 2609 Nam
1118 2572 1222 2609 cuius
1256 2572 1508 2611 conscientiae

177 2625 278 2663 Licet
311 2627 451 2677 dicant,
485 2629 585 2675 quod
617 2627 736 2664 hebeo
1047 2629 1196 2665 Veritas
1227 2629 1410 2675 medetur,

233 2682 376 2720 Sistens
406 2684 446 2721 in
477 2685 657 2731 vanitate,
991 2685 1132 2731 Vulgus
1163 2689 1205 2721 ut
1235 2686 1379 2732 pseudo
1411 2713 1418 2720 .
1454 2715 1462 2724 .
1497 2715 1506 2724 .

173 2737 225 2776 Ut.
255 2739 402 2777 Codrus
429 2751 501 2787 ope
533 2751 635 2788 egeo,
1046 2742 1145 2779 Fore
1176 2741 1274 2778 hunc
1306 2740 1460 2789 fatetur,

174 2793 333 2833 Ratione
361 2797 524 2845 indigeo,
989 2799 1072 2836 Hoc
1103 2802 1245 2835 certum
1266 2802 1418 2846 praesto
1439 2799 1645 2846 spernitur,

230 2850 280 2890 Ut
311 2852 492 2900 languens
522 2853 699 2892 sanitate.
1045 2855 1094 2891 Ni
1130 2854 1201 2891 rite
1232 2860 1442 2894 revocetur.
