1914 3223
163 286 200 321 εἴ.
236 283 313 319 Ilm·
346 279 455 328 primi
488 278 576 314 vitio

289 340 460 385 parentes
490 335 657 371 exsulant

233 395 283 431 Et
314 393 454 430 crebris
485 395 655 438 posteros

289 449 475 487 aerumnis
507 447 712 493 implicant,

238 507 317 544 lloc.
347 503 568 542 naturaliter

288 567 346 599 cst
376 561 450 598 illis
480 560 630 597 insitum

235 620 281 656 Et
314 618 418 665 quasi
449 617 536 654 tiliis

289 674 570 713 hereditarium.
614 720 619 725 .

165 831 201 868 4.
237 826 522 865 lmmodcratior

293 888 327 920 ct
360 883 458 919 iuter
489 883 620 929 epulas

235 940 273 977 Si
305 939 394 986 quid
425 939 617 976 addiderit

293 996 424 1042 culpae
454 995 671 1044 loquacitas,

239 1053 281 1089 ld
314 1062 458 1099 quoque
489 1057 591 1088 tuum
623 1057 678 1089 cst

296 1109 368 1145 tuis
398 1109 602 1158 ignoscere,

237 1166 306 1213 Qui
338 1165 443 1201 nobis
473 1165 634 1212 spatium

294 1232 463 1258 reservas
495 1222 635 1259 veniae.

167 1383 203 1420 Γ»,
235 1380 353 1416 Tuum
392 1369 448 1416 est
477 1380 635 1426 gratiam

295 1436 386 1472 darc
416 1436 661 1485 supplicibus,

239 1493 288 1531 Ut
318 1492 391 1528 sibi
428 1496 637 1539 temperent

293 1548 340 1585 ab
371 1549 426 1585 liis
458 1554 492 1585 et
524 1549 675 1596 talibus,

237 1605 355 1642 Tuum
388 1610 444 1642 est
475 1606 645 1643 omnibus

293 1662 443 1698 modum
474 1662 681 1710 praefigere

235 1719 360 1765 Atque
389 1719 636 1765 praecipitem

291 1780 462 1812 naturam
494 1786 638 1822 regere.

167 1935 203 1972 6.
235 1933 570 1980 Percgrinantibus

292 1990 398 2027 nobis
429 1990 606 2028 viaticum

235 2047 294 2084 Da
325 2048 590 2091 necessarium,

294 2103 385 2140 tolle
415 2103 656 2151 superfluum,

239 2159 373 2207 Sicque
403 2171 470 2198 nos
501 2166 629 2199 oneret

294 2217 492 2264 suppellex
520 2218 681 2264 modica,

238 2273 296 2310 Ne
326 2275 436 2311 tarde
466 2273 637 2322 profugis

295 2335 469 2368 occurrat
498 2332 636 2378 patria.

169 2483 204 2522 7.
236 2482 333 2529 Quid
364 2483 401 2520 in
433 2483 578 2533 exsilio,

294 2540 444 2587 quaeris
476 2541 643 2590 delicias,

238 2596 330 2634 Cum
362 2597 483 2634 nudus
514 2602 622 2635 utero

293 2654 444 2690 tandem
478 2654 564 2691 hinc
591 2664 714 2700 exeas,

240 2709 446 2756 Nudaeque
476 2709 698 2758 naufragum

296 2767 511 2804 haerentem
542 2768 694 2806 tabulae

242 2823 377 2861 Cautes
408 2823 600 2871 excipiant

296 2890 430 2918 saxoso
460 2879 605 2919 litore?

900 164 973 202 13ῑῖ

1000 280 1035 315 8.
1068 276 1136 322 Qui
1169 273 1401 320 spiritalibus

1130 342 1169 367 sc
1200 330 1294 375 cibis
1324 334 1538 376 praeparat.

1074 389 1154 425 Non
1188 391 1354 434 quaerat,
1385 385 1557 432 qualibus

1127 450 1272 480 stercus
1303 442 1488 488 conficiat,

1071 500 1232 538 caelesti
1264 510 1359 546 panc
1389 499 1451 545 qui

1126 557 1273 603 saginat
1302 556 1476 602 animam,

1073 613 1221 650 Ventris
1252 612 1436 659 rugitibus

1129 680 1200 706 non
1232 674 1387 716 quaerat
1419 669 1593 708 similam,

1003 826 1040 864 9.
1073 828 1187 871 Quem
1220 834 1331 860 vcra-⁰.
1363 822 1535 868 poculum

1131 880 1218 918 vitis
1249 879 1425 928 inebriat,

1079 937 1162 974 Vini
1195 936 1394 973 dulcedine

1129 993 1253 1041 gulam
1285 1004 1357 1029 non
1387 992 1532 1038 incitat,

1074 1052 1215 1097 Regum
1249 1049 1418 1092 deliciae,

1132 1118 1205 1143 non
1237 1106 1376 1143 Christi
1409 1116 1630 1151 pauperum,

1076 1163 1358 1202 Sollicitudines

1134 1223 1218 1256 sunt
1250 1219 1346 1256 istae
1376 1218 1552 1265 gentium.

979 1381 1040 1418 10.
1074 1380 1242 1416 'l‘crrena
1272 1378 1439 1425 cogitant

1133 1435 1181 1478 lii,
1214 1445 1287 1471 non
1319 1434 1508 1480 caelestia,

1081 1494 1227 1530 Ponunt
1258 1490 1434 1527 exsilium

1133 1548 1204 1585 sibi
1236 1559 1304 1594 pro
1335 1547 1472 1594 patria,

1077 1607 1225 1644 Sortem
1257 1614 1338 1640 cuin
1372 1603 1501 1639 bestiis

1132 1662 1171 1698 hi
1203 1672 1307 1698 suain
1339 1659 1481 1697 faciunt

1076 1719 1128 1756 Et
1159 1718 1254 1755 tales
1285 1717 1413 1754 miseri

1133 1774 1307 1812 concives
1339 1774 1492 1821 eligunt.

984 1935 1043 1972 11.
1075 1934 1219 1971 Averni
1252 1931 1403 1970 facilem

1136 1991 1357 2028 descensum
1389 1994 1584 2038 appetunt,

1079 2047 1278 2086 Caelorum
1309 2046 1468 2084 arduum

1136 2104 1271 2140 callem
1303 2102 1506 2150 refugiunt,

1082 2161 1223 2197 Ventre
1255 2165 1292 2197 et
1323 2165 1477 2207 pectore

1136 2221 1330 2264 reptantes
1361 2217 1510 2264 penitus

1080 2274 1128 2312 Se
1157 2274 1231 2312 iam
1262 2274 1436 2311 attollere

1137 2331 1263 2369 valent
1292 2331 1518 2369 nullatenus,

984 2485 1049 2523 12.
1083 2484 1134 2523 Ut
1164 2495 1304 2531 pronas
1336 2494 1495 2530 corpore

1134 2546 1269 2578 natura
1300 2540 1452 2590 bestias,

1080 2598 1142 2635 Sic
1172 2598 1264 2634 istos
1293 2598 1417 2634 animo

1139 2653 1228 2690 facit
1261 2655 1442 2700 edacitas,

1083 2711 1223 2748 Bacchi
1256 2711 1313 2746 vel
1350 2711 1504 2747 Veneris

1142 2768 1292 2814 templis
1324 2767 1465 2804 assidui

1083 2825 1125 2862 In
1160 2824 1404 2861 caeremoniis

1140 2881 1283 2919 ventris
1316 2885 1401 2917 sunt
1434 2881 1596 2928 prodigi.
