1914 3223
776 171 825 176 —
894 150 967 188 Iti-⁹3
1031 172 1078 177 —-

0 252 1 326 ζ
159 267 323 314 ipsorum
383 274 536 312 operum
586 263 826 307 allegoricam
877 274 942 299 seu
993 262 1171 299 moralem
1218 261 1488 308 expositionem
1539 262 1705 300 tradant.

0 330 1 367 l
160 325 283 369 Atque
324 322 375 359 itu
415 319 552 357 factum
594 325 672 363 est,
718 325 753 356 ut
798 319 1008 356 obscuritas
1050 318 1229 355 historiae
1262 319 1385 363 nocti,
1431 318 1494 355 lux
1526 329 1614 355 vero
1645 329 1705 354 ex-

0 370 1 383 *
131 372 135 376 ’
163 378 358 425 positionis
390 381 602 414 reservetur
634 376 719 413 «liei.
782 376 959 422 Superest
995 376 1041 412 de
1073 380 1198 411 cetero
1231 368 1365 412 restris
1393 385 1451 411 me
1472 374 1706 411 orationibus

0 424 1 473 ἶ
162 435 348 482 adiuvari,
377 438 418 470 nt
445 438 610 480 optatum
644 432 749 469 vobis
780 433 1038 469 munusculum
1071 431 1334 471 transmittam.

590 621 660 656 110.
697 623 777 658 (Ros
818 620 856 655 ln
882 617 1088 655 Nativitate
1115 618 1265 655 Domini.

774 687 810 722 ln
840 689 867 723 l.
895 693 1080 723 Nocturna.

162 797 193 835 1.
228 795 350 833 verbo
383 793 533 831 verbnm

281 851 385 898 virgo
416 851 641 897 concipiens,

226 908 281 945 Ex
314 919 353 943 se
381 918 488 944 verus

278 968 381 1000 ortus
412 969 464 1000 est
498 964 629 1001 Oriens

225 1022 258 1058 A
289 1030 360 1066 quo
389 1030 475 1057 vera

281 1076 414 1113 diffusa
445 1076 596 1114 claritas

226 1133 511 1170 t'iri·u111ductats

282 1189 436 1226 abduxit
468 1189 655 1228 tenebras.

633 995 642 1012 5

155 1304 191 1340 2.
225 1301 330 1338 Felix
364 1301 456 1342 dies.

282 1356 424 1394 dierum'
455 1358 587 1405 gloria,

228 1415 345 1451 liuius
377 1419 478 1450 ortus

278 1482 372 1516 quae.
404 1470 493 1507 vidit
528 1471 686 1517 gaudia!

227 1527 331 1564 Felix
363 1532 493 1572 mater,

281 1594 375 1629 quae
405 1583 525 1620 Deum
557 1583 695 1630 genuit,

223 1639 330 1676 Felix
362 1639 484 1685 stella,

277 1707 370 1742 quae
401 1696 515 1733 solem
546 1697 721 1742 peperit!

153 1811 189 1846 23.
222 1811 336 1853 Quam
367 1808 475 1846 beata

279 1875 422 1911 pauper
452 1876 650 1912 puerpera,

223 1921 334 1958 cuius
363 1926 492 1968 partus

290 1977 424 2014 ditavit
454 1979 597 2015 omnia!

222 2035 379 2080 Pauper,
410 2035 572 2081 inquam,

273 2091 338 2127 sed
371 2091 469 2128 celsa
499 2102 635 2137 genere

219 2146 438 2184 Pontificum

273 2209 310 2239 et
340 2214 467 2250 regum
498 2203 689 2251 sanguine.

962 797 999 833 4.
1036 794 1145 831 Vitae
1177 794 1274 830 viam

963 849 967 853 ’
1088 851 1126 887 in
1158 850 1218 887 via
1248 850 1409 897 peperit,

1032 907 1247 953 Hospitium

1089 975 1160 999 non
1194 964 1343 1000 domum
1375 961 1518 1009 habuit,

1033 1021 1174 1066 Regum
1207 1020 1332 1067 proles

1089 1080 1125 1112 et
1157 1076 1251 1112 caeli
1284 1076 1437 1112 «lomina

1038 1134 1110 1171 Pro
1141 1133 1299 1170 cameris

1089 1189 1245 1226 intravit
1275 1189 1435 1226 stabula.

965 1306 1000 1340 5.
1031 1302 1262 1340 Obstetrices

1090 1359 1128 1394 in
1156 1362 1268 1404 partu
1299 1359 1467 1404 deerant,

1033 1415 1108 1452 Sed
1139 1415 1262 1461 angeli

1089 1483 1158 1518 pro
1190 1472 1243 1508 eis
1273 1471 1445 1519 aderant,

1031 1529 1194 1575 Quorum
1223 1529 1348 1564 statim

1088 1585 1222 1620 chorus
1255 1596 1326 1620 non
1359 1585 1507 1621 modica

1032 1640 1152 1677 Huius
1183 1645 1287 1677 ortus

1088 1697 1206 1735 edixit
1236 1698 1385 1745 gaudia.

959 1813 997 1848 6.
1030 1808 1239 1847 Defuerunt

1085 1865 1257 1903 fortassis
1291 1866 1438 1914 balnea,

1029 1922 1116 1972 Sed,
1149 1934 1259 1969 quam
1291 1923 1431 1969 lavent,

1083 1991 1157 2017 non
1188 1984 1269 2016 erat
1300 1980 1457 2028 macula,

1028 2035 1112 2072 Non
1142 2040 1199 2072 est
1231 2036 1349 2086 dolor,

1082 2103 1192 2139 quam
1224 2093 1291 2130 illa
1321 2093 1504 2137 relevent,

1024 2148 1104 2186 Nec
1134 2149 1312 2197 scissura,

1082 2216 1193 2253 quam
1222 2205 1290 2243 illa
1321 2211 1510 2254 reparent.

655 2319 689 2355 7.
724 2318 766 2355 In
797 2318 955 2355 excelsis

783 2374 831 2410 sit
861 2374 941 2412 Deo
971 2375 1103 2423 gloria,

731 2431 836 2468 Pacis
868 2431 975 2468 nobis

782 2488 816 2523 in
849 2493 952 2525 terra
982 2487 1150 2536 foedera,

727 2547 842 2589 Quam
874 2555 988 2592 super
1018 2545 1075 2582 his

785 2611 892 2637 voces
923 2602 1116 2649 angelicae

726 2656 957 2694 Decantasse

782 2720 987 2752 noscuntur
1018 2715 1142 2755 hodie.

239 2822 263 2852 Β
295 2822 352 2854 fol.
381 2821 463 2853 371).
498 2840 538 2844 —
568 2825 594 2852 (Ὺ
625 2824 680 2855 fol.
713 2822 797 2856 29a.
831 2842 872 2847 —
903 2825 943 2864 3,
983 2826 997 2858 l
1032 2828 1140 2867 Quem
1173 2828 1274 2859 beata
1307 2829 1342 2859 B.
1375 2845 1418 2849 —
1449 2827 1486 2862 5.
1523 2829 1544 2860 ὃ
1578 2828 1700 2861 eduxit

147 2866 213 2897 ΒΓ.
248 2884 280 2887 -
306 2867 337 2904 7,
363 2866 385 2900 3
410 2868 509 2899 nobis
535 2869 617 2900 fehlt
643 2870 680 2900 Β.
