2031 3289
986 194 1262 233 -53—

486 307 523 343 2.
557 305 735 353 Concipis
766 305 908 353 absque
938 306 1020 343 viro
1051 310 1091 342 tu
1120 306 1212 354 sola,
1245 315 1434 352 puerpera
1463 307 1581 354 virgo,

622 362 724 407 Quae
754 362 909 399 verbum
941 361 1057 399 verbo
1088 362 1254 408 concipis
1285 362 1426 409 absque
1456 363 1550 403 viro.

492 465 526 502 3.
561 463 723 501 Tartara
753 463 853 510 quod
884 466 1067 508 metuunt,
1099 463 1211 499 tellus
1241 467 1365 512 pavet,
1399 467 1504 501 astra
1535 470 1729 512 verentur,

622 520 790 556 Pectoris
821 523 931 556 antra
962 517 1100 567 ferunt,
1133 523 1278 556 tartara
1308 520 1408 566 quod
1439 525 1622 558 metuunt.

487 622 526 659 4.
559 620 712 666 Virgine
742 620 821 657 vita
849 620 950 658 redit
981 620 1137 665 homini,
1169 630 1276 667 quem
1309 621 1416 667 virgo
1446 621 1619 667 peremit.

620 676 726 713 Mors
757 686 849 712 nece
877 676 979 713 victa
1008 676 1118 725 perit,
1152 677 1296 723 virgine
1329 677 1406 714 vita
1436 677 1547 714 redit.

490 780 526 817 5.
557 777 612 814 Tu
643 787 758 823 super
787 782 891 814 astra
921 777 1016 826 leva,
1049 777 1225 824 petimus,
1257 778 1358 824 quod
1385 777 1531 814 subruit
1561 778 1655 818 Eva.

621 833 692 870 Illa
722 838 855 880 gravat
886 833 1009 881 culpa,
1041 838 1082 870 tu
1112 844 1226 880 super
1255 839 1360 872 astra
1389 835 1485 874 leva.

489 936 525 972 6.
559 933 691 972 Gloria
720 945 864 971 summa
895 935 1006 983 patri,
1041 935 1191 982 genitae
1220 935 1270 971 sit
1300 935 1421 981 gloria
1450 935 1562 982 proli,

621 991 794 1028 Flumine
826 1002 909 1028 cum
940 991 1053 1037 parili
1083 991 1204 1040 gloria
1234 1002 1378 1028 summa
1408 992 1520 1038 patri.

440 1091 558 1131 Migne
583 1090 605 1122 l.
631 1101 658 1122 c.
685 1088 750 1123 940
775 1101 824 1132 sq.
850 1092 891 1122 A.
914 1110 959 1114 —
983 1092 1197 1133 Lipomanus
1222 1092 1244 1123 l.
1270 1102 1298 1123 c.
1325 1089 1416 1123 334ν
1442 1093 1481 1123 ss.

790 1267 845 1303 60.
881 1269 958 1311 (45.)
994 1267 1046 1303 Ad
1071 1268 1224 1304 Beatam
1248 1267 1402 1304 Mariam
1428 1269 1468 1304 V.

878 1350 1041 1382 Contra
1065 1350 1383 1392 Tempestates.

615 1466 644 1503 O
676 1466 904 1510 miseratrix,
937 1475 958 1502 o
990 1465 1234 1510 dominatrix,
1266 1465 1446 1512 praecipe
1479 1465 1594 1511 dictu,

614 1522 672 1559 Ne
705 1522 956 1569 devastemur,
989 1531 1035 1558 ne
1066 1522 1280 1568 lapidemur
1305 1515 1500 1569 grandinis
1530 1522 1620 1560 ictu.

613 1578 684 1615 Est
715 1578 784 1616 tibi
811 1579 912 1615 latus
940 1577 1195 1624 pontificatus,
1227 1583 1362 1627 mater,
1393 1578 1440 1615 ab
1472 1589 1577 1617 aevo.

615 1635 718 1682 Ergo
749 1645 961 1681 precamur,
995 1645 1040 1671 ne
1071 1635 1275 1671 moriamur
1305 1634 1457 1672 turbine
1488 1645 1613 1674 saevo,

616 1691 787 1728 Turbida
817 1692 893 1728 leni
924 1691 1045 1738 daque
1075 1692 1198 1728 sereni
1229 1692 1411 1737 temporis
1441 1702 1561 1739 usum,

617 1748 751 1785 Redde
782 1758 954 1784 serenum
985 1747 1089 1784 sidus
1120 1759 1314 1785 amoenum
1346 1747 1445 1784 nube
1477 1748 1677 1787 reclusum.

620 1805 748 1851 Virgo,
782 1815 965 1853 rogamuS,
999 1815 1046 1841 ne
1077 1815 1274 1851 pereamus
1306 1809 1414 1851 peste
1445 1805 1504 1841 vel
1533 1804 1604 1851 ira,

618 1861 758 1898 Taetra
790 1861 971 1907 diescant,
1004 1865 1116 1907 atque
1145 1862 1340 1907 quiescant
1371 1859 1520 1908 fulgura
1551 1861 1647 1899 dira.

445 1963 563 2003 Migne
589 1961 611 1993 l.
637 1972 665 1993 c.
691 1959 767 1993 940.

675 2093 723 2129 61.
763 2094 844 2137 (46.)
878 2093 917 2128 In
944 2092 1067 2129 Laude
1091 2094 1302 2129 sanctorum
1326 2092 1595 2139 Apostolorum.

566 2210 601 2249 1.
634 2209 798 2257 Spiritus
830 2211 940 2258 alme,
972 2211 1057 2247 veni
1087 2209 1284 2257 perflando
1317 2210 1486 2247 dindima
1515 2213 1659 2256 nostra,

717 2267 781 2304 Ad
811 2272 981 2304 nostrum
1012 2271 1151 2314 votum,
1184 2267 1338 2314 spiritus
1369 2267 1479 2314 alme,
1509 2266 1606 2312 veni,

560 2371 597 2408 2.
631 2369 789 2417 Templa
821 2369 947 2406 dicata
975 2369 1046 2406 tibi
1076 2369 1220 2406 valeam
1252 2380 1324 2415 quo
1355 2368 1536 2405 extollere
1567 2367 1693 2414 digne,

714 2425 909 2463 Laudibus
941 2426 1101 2462 exaltem
1128 2425 1271 2472 templa
1302 2425 1428 2462 dicata
1458 2424 1540 2467 tibi,

562 2530 600 2566 3.
632 2528 734 2573 Quae
766 2528 846 2564 sine
876 2526 950 2564 fine
977 2531 1107 2564 tenent
1138 2527 1328 2564 caelorum
1359 2526 1496 2573 gaudia
1528 2526 1642 2572 celsa,

715 2584 846 2621 Gloria
877 2594 958 2620 cum
989 2583 1133 2620 meritis
1164 2593 1260 2630 quae
1291 2584 1371 2620 sine
1402 2582 1475 2619 fine
1506 2586 1648 2619 tenent.

565 2688 601 2726 4.
635 2686 709 2724 Ore
740 2686 811 2723 Dei
841 2685 1009 2723 subolem
1041 2685 1272 2732 prophetant
1303 2685 1383 2721 iure
1414 2684 1635 2732 prophetae,

720 2743 860 2780 Promit
891 2742 1120 2789 apostolicus
1151 2752 1215 2778 ore
1249 2741 1318 2778 Dei
1349 2741 1531 2779 subolem.

566 2848 602 2884 5,
637 2844 800 2891 Virginis
832 2845 893 2881 hic
925 2845 1072 2892 genitus
1105 2845 1281 2891 purgavit
1313 2843 1469 2880 crimina
1499 2842 1642 2882 mundi,

720 2901 881 2938 Tartara
913 2900 1089 2938 contrivit
1118 2900 1273 2947 virginis
1305 2900 1366 2936 hic
1397 2899 1555 2947 genitus
