2031 3289
379 254 415 292 3.
448 252 631 298 Facitque
658 252 724 290 illa
757 252 883 299 dubia,

503 308 592 345 Cum
625 309 701 345 sint
729 309 813 355 ipsa
843 319 946 358 vera,

448 364 564 410 Cupri
595 363 671 401 fert
699 365 761 402 hic
790 366 941 411 lamina,

502 420 595 458 Cum
626 421 673 458 sit
705 421 788 458 auri
817 421 973 471 minera,

445 476 526 514 Nec
557 477 670 514 credo
701 477 792 514 orbe
823 479 963 524 vivere,

502 533 572 580 Qui
604 533 652 572 sit
682 532 758 570 fide
787 534 946 572 sincera.

359 742 410 780 4.
442 742 586 789 Vulgus
617 753 745 779 errore
774 744 972 789 praedicat

496 799 541 836 In
572 809 757 846 sensuque
788 800 970 849 captivus,

443 855 606 901 Quisque
636 866 676 892 se
707 856 761 892 sic
791 860 954 902 reputat,

501 912 609 957 Quod
638 912 784 949 ratione
815 912 936 961 divus,

443 967 701 1005 Praestantior
730 969 767 1005 in
798 969 969 1006 omnibus

499 1023 556 1061 Sit
585 1029 626 1061 ut
656 1024 695 1061 in
725 1025 796 1062 hoc
825 1026 917 1062 orbe
946 1025 1068 1065 vivus,

371 1233 409 1272 5.
439 1232 496 1271 Ob
527 1233 597 1270 hoc
626 1244 700 1270 non
734 1233 847 1284 credo
879 1264 886 1271 .
920 1264 928 1272 .
965 1265 973 1273 .

500 1293 639 1328 Amore
669 1291 814 1340 nodari,

441 1346 538 1393 Quia
567 1346 668 1393 quod
699 1347 825 1393 placet
854 1348 1029 1393 feminae,

497 1402 691 1440 Abhorret
719 1404 831 1441 modo
862 1405 968 1453 mari,

497 1459 578 1496 Nec
608 1460 689 1506 quit
719 1470 831 1497 sensu
861 1460 996 1507 iuvari,

442 1515 539 1553 Nam
571 1521 625 1553 tot
651 1526 795 1564 sensus,
829 1522 918 1563 quot
948 1518 1097 1554 animae

498 1573 726 1610 Certatrices
759 1574 806 1610 de
835 1573 985 1620 impari.

367 1783 404 1821 6.
436 1783 495 1820 De
524 1787 723 1830 parentum
753 1783 891 1820 ardore

439 1839 491 1876 Hi
520 1840 686 1876 naturali
716 1850 820 1877 more

496 1894 588 1935 Plus
619 1897 729 1944 vulgo
754 1896 996 1944 inclinantur,

441 1953 531 1990 Plus
561 1953 692 1989 horum
725 1952 806 1990 fero
839 1953 998 1990 verbera

438 2010 556 2055 Quam
588 2010 762 2046 simulata
793 2009 911 2056 basia,

495 2068 529 2103 A
572 2066 684 2113 vulgo
715 2077 809 2113 quae
840 2070 1094 2113 praestantur.

443 2274 518 2305 Fol.
554 2272 618 2305 154
635 2275 667 2306 b.
699 2276 895 2316 „Incipiunt
919 2272 1145 2306 cantilenae.“
1172 2292 1215 2296 —-
1240 2275 1326 2306 Dies
1352 2276 1397 2306 ist
1421 2285 1490 2306 von
1515 2275 1607 2306 allen
1633 2274 1824 2307 Gedichten
1849 2275 1908 2306 des

353 2318 438 2351 eod.
463 2320 541 2351 Vat.
571 2318 656 2351 1122
681 2320 742 2351 das
768 2322 934 2361 traurigst
959 2320 1196 2358 iiberlieferte,
1225 2320 1315 2351 denn
1341 2331 1376 2351 es
1402 2320 1484 2351 liisst
1508 2320 1582 2351 sich
1607 2320 1720 2351 weder
1745 2321 1802 2352 ein
1827 2320 1908 2351 fort-

1098 139 1182 181 440
1239 164 1292 171 -

1191 256 1227 293 7.
1258 255 1474 292 Amicorum
1505 255 1650 293 animus

1313 312 1463 349 Mecum
1493 323 1607 349 unum
1638 316 1696 349 est
1725 313 1835 364 velle,

1256 368 1359 414 Quae
1391 368 1532 417 dicunt,
1565 368 1658 405 haec
1686 373 1822 417 reputo

1314 423 1414 461 Fore
1444 424 1525 461 sine
1556 423 1657 474 felle,

1258 479 1350 517 Cum
1381 481 1506 517 omnia
1535 481 1736 527 prosiliant

1312 536 1372 573 Ex
1403 535 1481 574 favi
1512 537 1569 574 sui
1599 538 1741 576 melles

1186 746 1223 784 8.
1254 744 1403 782 Sodalis
1434 748 1541 791 grata
1570 745 1710 782 iunctio

1256 800 1518 847 Cordialisque
1549 802 1702 848 punctio

1310 858 1451 894 Amore
1483 858 1691 906 dulcorata,

1254 913 1363 950 Fidei
1398 924 1488 951 vera
1516 914 1644 951 unctio

1256 970 1483 1017 Amorisque
1514 970 1682 1007 inunctio

1312 1023 1543 1077 F[irma]tur
1573 1027 1628 1064 sic
1659 1027 1801 1065 dotata.

1184 1237 1221 1275 9.
1254 1236 1298 1272 In
1329 1235 1501 1273 adversis
1531 1236 1709 1284 providet

1309 1292 1360 1329 Et
1390 1293 1512 1329 tristis
1541 1293 1580 1329 in
1610 1303 1795 1336 maerore,

1253 1348 1334 1385 Nec
1365 1349 1413 1385 de
1443 1360 1629 1396 quoquam
1659 1349 1816 1400 invidet,

1311 1404 1386 1442 Sed
1416 1405 1454 1442 in
1487 1416 1576 1442 vero
1607 1404 1737 1443 favore

1253 1461 1307 1498 Te
1339 1461 1502 1498 dulciter
1530 1462 1709 1508 respiciet

1308 1518 1352 1554 In
1383 1529 1562 1564 germano
1591 1529 1730 1557 amore.

1154 1785 1217 1822 10.
1250 1784 1455 1822 Mulierum
1486 1785 1632 1821 animus

1309 1842 1466 1887 Semper
1497 1840 1744 1888 vagabundis,

1250 1897 1346 1934 Nam
1379 1908 1505 1934 earum
1535 1897 1696 1934 intentio

1308 1954 1487 1991 Fluctuat
1515 1954 1554 1990 in
1584 1953 1707 2003 undis,

1252 2010 1306 2047 Te
1338 2010 1499 2057 despicit
1530 2010 1698 2060 argutiis,

1311 2067 1555 2104 Sermonibus
1586 2066 1773 2104 facundis.

352 2364 530 2396 laufendes
563 2365 740 2397 Versrnass
771 2365 861 2397 noch
893 2367 949 2397 ein
982 2365 1381 2407 zusammenhiingender
1415 2366 1501 2397 Sinn
1533 2375 1596 2396 aus
1629 2365 1827 2398 demselben
1858 2376 1909 2397 et—

351 2409 500 2441 kennen.
540 2411 610 2441 Mir
635 2411 798 2442 scheinen
824 2410 996 2452 Strophen
1021 2411 1246 2452 ausgefallen‚
1274 2414 1372 2442 unter
1395 2410 1461 2442 den
1479 2410 1725 2442 vorhandenen
1750 2410 1806 2442 die
1822 2410 1908 2443 Ord-

352 2465 448 2496 nung
480 2459 611 2497 gestor-t
643 2467 685 2487 zu
717 2457 801 2487 sein.
859 2456 941 2487 Man
974 2457 1020 2487 ist
1053 2455 1213 2488 versueht
1243 2466 1284 2487 zu
1314 2456 1485 2497 glauben,
1520 2456 1679 2487 ,lens—rein
1710 2455 1801 2488 habe
1832 2457 1909 2487 eine

353 2500 662 2543 Jugonddichtung
701 2502 736 2532 in
774 2502 904 2533 seinem
937 2501 1034 2532 Alter
1069 2511 1131 2532 aus
1167 2501 1243 2532 dem
1275 2501 1524 2533 Gediiehtuisse
1562 2501 1909 2533 niederzuschreiben

353 2546 534 2581 versut-ht,
567 2557 637 2577 was
672 2547 742 2577 ihm
777 2547 859 2578 aber
884 2557 949 2577 nur
975 2548 1037 2577 mit
1062 2546 1242 2578 einzelnen
1270 2546 1442 2588 Strophen
1466 2547 1650 2588 gelungen.
1699 2546 1818 2579 Daher
1849 2546 1909 2578 der

351 2591 474 2622 Torso.
523 2592 578 2623 Da
607 2592 662 2623 die
687 2592 914 2623 Handschrift
943 2592 998 2623 die
1024 2593 1158 2633 einzige
1184 2593 1247 2627 ist,
1280 2591 1336 2623 die
1362 2592 1423 2623 das
1448 2591 1596 2624 Gedicht
1620 2590 1837 2630 iiberliefert,
1870 2601 1908 2623 so

352 2636 465 2668 bleibt
480 2636 594 2668 nichts
612 2638 722 2679 iibrig.
741 2637 792 2668 als
811 2637 872 2668 das
886 2637 983 2674 Lied,
1003 2638 1068 2668 wie
1086 2648 1122 2669 es
1140 2638 1233 2677 liegt,
1253 2636 1506 2668 abzudrucken.
1539 2638 1608 2669 Fiir
1623 2635 1908 2678 durchgreifende

352 2681 632 2715 Emendationen
656 2682 742 2714 fehlt
765 2682 825 2714 der
849 2683 979 2714 Boden.
1006 2699 1047 2703 ——
1080 2680 1118 2720 2,
1154 2681 1169 2714 l
1197 2683 1421 2714 conscientia.
1443 2700 1483 2703 —
1510 2679 1549 2720 3,
1581 2680 1603 2712 4
1627 2692 1704 2713 cum
1729 2683 1775 2713 im
1801 2681 1909 2714 Sinne

352 2736 420 2757 von
447 2737 503 2759 ae.
530 2729 613 2759 acsi.
641 2745 682 2749 —
707 2730 746 2766 4,
779 2726 800 2759 6
832 2731 870 2759 ut
900 2729 1125 2769 comporativ.
1151 2744 1194 2749 —
1228 2726 1266 2765 5,
1303 2726 1318 2758 1
1345 2728 1398 2759 ΑΙ)
1431 2727 1506 2759 hoc.
1535 2745 1576 2748 —
1601 2726 1639 2765 5,
1671 2725 1691 2759 5
1715 2727 1788 2759 Nec
1812 2726 1908 2769 quali

351 2781 465 2804 sensu.
490 2790 533 2794 —-
557 2770 589 2811 8,
614 2771 635 2805 4
662 2783 745 2804 vera
769 2775 903 2804 nuntio.
929 2790 970 2795 —
1004 2770 1040 2805 8,
1073 2771 1093 2804 6
1118 2773 1145 2804 F
1170 2777 1235 2804 tur.
1287 2773 1353 2804 Die
1377 2772 1497 2804 Liicke
1526 2774 1571 2804 ist
1595 2772 1683 2804 auch
1708 2782 1763 2804 am
1788 2771 1908 2805 Raude

352 2816 411 2848 des
440 2819 503 2849 Ms.
532 2819 696 2850 bemerkt.
721 2835 764 2841 --
791 2816 850 2856 10,
887 2817 901 2849 l
929 2818 1041 2850 diirfte
1067 2828 1121 2849 am
1148 2818 1361 2849 einfaelisten
1395 2821 1446 2849 est
1478 2829 1520 2849 zu
1552 2818 1723 2859 erganzen
1753 2818 1837 2849 sein.
1863 2835 1907 2840 -

351 2861 391 2892 In
422 2862 482 2895 der
508 2863 738 2895 Haudschrift
760 2864 837 2895 sind
864 2864 916 2896 als
942 2864 1115 2905 Repetitio
1140 2863 1344 2895 bezeichnet
1367 2863 1423 2894 die
1448 2862 1620 2905 Strophen
1644 2861 1675 2902 2,
1700 2861 1721 2894 5
1746 2862 1815 2894 und
1841 2859 1871 2894 8.
