2031 3289
918 182 1222 222 -128—

433 295 652 345 Benedicta,

490 356 675 389 memento
706 351 846 398 miseri⁷

432 409 502 456 Qui
532 419 573 445 se
603 411 666 445 tuo

490 464 743 512 patrocinatui

309 523 356 560 31
366 525 402 560 5.
435 521 645 568 Obsequela

305 805 398 842 320.

303 1654 365 1691 lO.

234 1907 237 1909 ⁵
302 1937 365 1975 15.

298 2787 363 2825 30.

489 577 726 614 commendat
756 576 899 619 humili,

433 634 601 671 Credens
632 644 701 681 per
731 638 781 672 te.

486 691 517 727 si
548 690 655 737 velis,
688 690 796 738 eripi.

428 746 586 791 Praebe,
617 750 750 792 mater,

487 804 647 852 gratiam
677 803 792 850 inopi,

431 859 570 897 Confer
601 870 665 896 reo

1301 306 1434 333 munus
1465 297 1607 345 auxilii,

1245 353 1407 400 Respice
1437 363 1495 389 me

1303 409 1407 447 vultu
1436 409 1616 457 placabili

1120 466 1214 503 325.
1245 466 1297 503 Et
1326 465 1483 503 obtentu

1120 749 1212 787 330.

1302 521 1377 559 oris
1409 522 1569 569 angelici
1632 557 1638 560 .

1245 579 1356 615 Vitae
1385 578 1477 614 mihi

1300 635 1448 672 ianuam
1481 635 1588 682 aperi

1244 691 1296 728 Et
1326 690 1388 728 fac
1416 691 1553 728 laetum

1299 747 1338 784 in
1369 757 1462 794 pace
1492 748 1632 794 suscipi

1245 803 1355 840 Dono
1386 804 1505 840 sancti

1302 858 1446 897 fructus
1477 860 1620 898 ventris
1652 860 1717 899 tui.

767 1036 838 1072 107.
873 1037 930 1079 (5.)
965 1035 1168 1081 Rhythmus
1194 1035 1359 1078 Quintus.

398 1143 524 1180 Maria
553 1140 743 1186 melliflua,

401 1199 519 1237 Stella
550 1199 664 1236 maris
695 1197 854 1246 'fulgida⁷

399 1256 631 1302 Angelorum
664 1255 826 1304 domina,

400 1312 512 1350 Orbis
543 1317 668 1349 terrae
698 1312 830 1360 gloria,

399 1369 515 1416 Virga
546 1379 695 1415 semper
724 1367 872 1416 florida,

399 1426 522 1464 Radix
556 1425 802 1472 nobilissima,

401 1483 646 1529 Praepollens
678 1486 712 1518 et
744 1483 847 1531 regia

397 1539 456 1576 De
487 1540 605 1586 stirpe
635 1539 835 1586 Davidica,

398 1596 514 1643 Virgo
546 1595 776 1641 beatissima,

397 1653 645 1699 Corruptelae
675 1653 813 1700 nescia,

397 1711 505 1747 Intra
536 1709 639 1746 cuius
669 1709 815 1746 viscera

396 1767 471 1804 Dei
501 1766 687 1813 sapientia

397 1823 569 1860 Membra
601 1832 750 1859 sumens
782 1834 919 1861 carnea

396 1879 559 1916 Pertulit
591 1880 778 1926 mortalia,

397 1936 606 1974 Mediatrix
637 1936 781 1982 inclita,

396 1993 568 2031 Prudens
600 1997 635 2029 et
667 1993 889 2040 castissima(

396 2050 510 2088 Cuius
542 2053 599 2086 est
629 2049 833 2097 praecipua

396 2105 693 2143 Honorificentia
706 2117 714 2154 ζ

395 2163 604 2210 Margarita
636 2163 848 2213 splendida,

358 2249 366 2258 .
399 2220 517 2257 Porta
549 2220 642 2256 caeli
674 2220 816 2266 pervia,

397 2277 470 2314 Per
500 2288 608 2323 quam
641 2277 734 2323 legis
763 2288 899 2323 aspera

396 2333 601 2379 Levigatur
632 2333 791 2382 sarcina,

396 2390 596 2427 Translata
627 2401 648 2427 a
679 2390 789 2427 litera

396 2447 458 2484 Ad
490 2446 724 2494 spiritualia;

357 2532 365 2541 .
400 2503 537 2540 Nutrix
570 2504 648 2540 eius
678 2502 801 2551 unica,

397 2559 510 2597 Cuius
541 2570 624 2597 eras
657 2558 810 2608 famula,

395 2616 633 2653 Feminarum
665 2617 821 2664 optima,

395 2673 476 2710 Tua
506 2673 762 2710 sacratissima

397 2729 649 2766 Lactaverunt
683 2729 800 2766 ubera

395 2786 627 2832 Spoliantem
660 2791 804 2824 tartara

396 2842 447 2879 Et
477 2854 586 2879 manu
618 2843 853 2880 sanctissima

397 2899 618 2936 Astrinxisti
652 2899 781 2937 fascia.

1114 1541 1180 1578 40.

1113 1825 1178 1863 45.

1114 2108 1179 2145 50.

1112 2393 1178 2429 55.

1110 2674 1176 2712 60.

1215 1142 1338 1189 Hunc,
1372 1142 1474 1179 cuius
1499 1143 1670 1188 potentia

1217 1199 1324 1236 Colla
1354 1199 1492 1245 premit
1523 1199 1668 1237 tumida

1174 1284 1183 1293 .
1214 1256 1273 1293 Ac
1304 1265 1431 1303 regum
1463 1256 1623 1302 imperia

1213 1312 1328 1359 Virga
1360 1312 1455 1360 regit
1487 1310 1624 1361 ferrea,

1213 1368 1301 1406 Sine
1330 1369 1585 1406 controversia

1214 1424 1293 1464 Sibi
1325 1425 1489 1462 subdens
1520 1425 1655 1468 omnia,

1213 1482 1322 1519 Scala
1353 1481 1632 1529 sublimissima,

1210 1540 1245 1576 A
1278 1539 1357 1576 Deo
1389 1539 1609 1585 composita,

1212 1597 1286 1633 Per
1316 1606 1425 1642 quam
1453 1595 1698 1633 tabernacula

1212 1652 1444 1690 Scandamus
1475 1652 1663 1700 aetherea,

1210 1709 1366 1747 Pietatis
1397 1708 1519 1756 ianua,

1212 1765 1306 1812 Spes
1336 1766 1526 1813 lapsorum
1558 1764 1723 1811 publica,

1212 1822 1352 1860 Salutis
1384 1823 1553 1871 materia,

1211 1879 1318 1916 Lima
1350 1879 1420 1915 Dei
1454 1879 1611 1916 dextera

1210 1936 1394 1974 Mentium
1425 1933 1623 1973 mortifera

1210 1993 1383 2031 Eradens
1415 1992 1611 2041 contagia3

1210 2050 1239 2087 Ο
1271 2060 1380 2097 quam
1413 2047 1608 2086 salutifera

1213 2107 1293 2143 Tua
1324 2109 1409 2143 sunt
1440 2105 1600 2153 eloquia,

1208 2164 1355 2209 Quanta
1385 2161 1493 2199 nobis
1523 2162 1692 2208 praemia

1209 2221 1290 2257 Tua
1319 2222 1515 2266 praestant
1545 2219 1692 2267 merita,

1209 2277 1285 2313 Per
1315 2287 1423 2323 quam
1455 2275 1577 2322 replet
1608 2275 1758 2313 saecula

1210 2334 1319 2372 Pacis
1350 2332 1594 2378 abundantia,

1209 2391 1283 2429 Per
1313 2400 1421 2436 quam
1453 2389 1582 2435 sponsi
1612 2388 1749 2436 gaudia

1209 2446 1382 2493 Suscepit
1415 2446 1595 2482 ecclesia!

1208 2503 1436 2549 Imperatrix
1469 2502 1622 2549 caelica,

1209 2560 1392 2606 Princeps
1423 2559 1695 2605 potentissima,

1210 2616 1278 2653 Cui
1311 2616 1399 2653 dant
1433 2616 1584 2652 laudum
1617 2615 1764 2652 cantica

1208 2673 1438 2720 Angelorum
1469 2672 1629 2719 agmina,

1208 2729 1480 2776 Prophetarum
1514 2728 1592 2766 filia

1208 2786 1517 2833 Religiosissima,

1209 2843 1402 2879 Probitate
1433 2843 1595 2890 plurima

1207 2899 1284 2946 Ipsi
1315 2899 1383 2936 soli
1416 2899 1576 2946 cognita,

2009 1423 2031 1477 ,-1

2021 1484 2031 1549 ³1

2025 1584 2031 1610 ,Α
