2031 3289
312 515 375 555 13.

310 1283 375 1322 14.

311 2052 374 2090 15.

313 2649 377 2690 18.

925 220 1225 261 -376-

765 391 1002 428 Christus
1041 390 1102 429 ad
1140 395 1390 438 pastores,

408 516 621 553 Ierusalem
652 527 672 552 o
703 515 819 563 filiae,
918 558 920 561 .

409 573 486 609 Vos
518 577 688 618 pastores
720 571 914 618 eeclesiae,

464 628 564 673 Quos
596 626 757 664 femineo
787 627 936 665 nomine

410 686 525 725 Voco,
557 688 598 720 ut
629 684 768 731 regatis
799 685 860 730 pie

409 742 459 779 Et
491 740 655 787 benigna
686 741 851 777 manerie

465 797 552 834 Sive
585 797 685 833 dulci
717 796 901 844 affamine,

406 854 462 892 Ut
492 865 560 900 pro
591 854 759 890 subiecto
791 853 940 890 homine

407 910 540 946 Vestra
573 910 686 956 plena
717 909 918 946 dulcedine

465 966 547 1003 Sint
578 966 695 1002 ubera
724 966 823 1002 omni
855 966 928 1012 die,

407 1022 674 1059 Praesidentes
704 1023 742 1058 in
773 1022 921 1068 agmine

407 1079 524 1122 Estis‚
555 1084 597 1115 ut
627 1079 734 1126 quasi
765 1077 927 1115 feminae

464 1135 641 1172 Nutrices
672 1135 755 1172 sitis
786 1135 944 1182 patriae.

406 1281 559 1319 Adiuro
590 1292 655 1318 vos
687 1286 723 1317 et
755 1291 886 1318 moneo

405 1339 465 1376 Ex
497 1343 576 1375 toto
609 1344 744 1374 conatu
775 1348 870 1382 meo,

462 1395 568 1441 Quod
600 1395 761 1431 animam
794 1393 1004 1442 peccatoris

407 1452 594 1488 Iacentem
626 1452 724 1487 lecto
755 1451 856 1487 luteo

406 1508 476 1544 Vel
506 1508 693 1544 irretitam
723 1508 858 1554 laqueo

463 1564 612 1602 Inimici
644 1564 834 1601 venatoris

404 1621 605 1658 Laboretis
637 1621 780 1657 cunctis
810 1620 926 1666 horis,

406 1677 457 1716 Ut
491 1679 565 1714 cito
595 1678 717 1714 locum
749 1676 906 1714 foetoris

462 1734 636 1778 Deserat,
667 1745 714 1771 ne
746 1745 826 1770 eam
858 1733 917 1769 leo

404 1791 622 1837 Explorans
652 1791 754 1827 intus
785 1795 822 1826 et
851 1788 943 1826 foris

405 1847 515 1885 Hanc
547 1849 725 1897 devoret,
764 1851 805 1883 ut
835 1851 891 1883 est
921 1844 1037 1883 moris

463 1904 595 1950 Sopito
626 1914 780 1950 pastore
809 1913 888 1941 reo.

406 2051 483 2088 Per
512 2061 670 2097 capreas
701 2053 733 2086 et
763 2060 987 2096 camporum

408 2107 545 2146 Cervos
571 2118 759 2153 nunquam
783 2111 837 2142 est
861 2106 1036 2142 decorum

464 2165 703 2200 Peccatorem
736 2163 930 2212 suscitare,

406 2221 567 2258 Venatio
598 2220 853 2266 praelatorum

405 2277 527 2314 Debet
559 2287 641 2313 esse
671 2276 925 2312 subiectorum

464 2334 605 2371 Reatus
636 2333 901 2379 exterminare,

1125 941 1189 980 16.

1125 1711 1188 1749 17.

1223 515 1371 552 Cotidie
1401 514 1638 564 praedicare,

1221 572 1346 609 Iustas
1377 571 1479 618 leges
1509 571 1698 618 ordinare,
1745 611 1749 616 ,

1278 627 1439 664 Venatio
1469 632 1526 663 est
1557 637 1697 674 eorum,

1220 683 1278 721 De
1309 694 1381 730 qua
1411 683 1551 720 habent
1583 684 1748 730 cogitare

1219 740 1346 786 Atque
1376 750 1520 776 mecum
1554 746 1772 786 computare

1277 795 1349 832 Die
1380 807 1514 843 magna
1545 800 1816 843 computorum.

1220 941 1397 979 Animam
1429 953 1517 989 ergo
1548 942 1723 980 dilectam

1219 998 1327 1035 Licet
1357 999 1523 1045 peccatis
1553 997 1733 1036 infectam

1277 1056 1350 1092 Per
1380 1053 1495 1102 feras,
1526 1066 1574 1091 ne
1602 1054 1803 1103 suscitetis,

1218 1111 1325 1158 Quod
1358 1111 1455 1157 dico⁷
1487 1111 1574 1157 quia
1606 1112 1792 1149 deiectam

1219 1168 1394 1204 Animam
1427 1171 1589 1204 vestram
1614 1179 1686 1204 non
1710 1173 1853 1206 rectam

1275 1224 1420 1261 Videns
1451 1224 1570 1260 oculis
1604 1225 1790 1275 discretis,

1220 1282 1294 1318 Pro
1325 1280 1470 1327 legibus
1501 1281 1560 1316 vel
1593 1281 1756 1318 decretis

1218 1337 1400 1375 Omnibus
1431 1337 1478 1374 ab
1510 1348 1553 1374 eo
1583 1339 1723 1384 spretis

1277 1393 1360 1430 Non
1380 1393 1605 1430 monstrabit
1622 1404 1661 1430 se
1675 1398 1852 1443 erectam,

1219 1450 1270 1486 Ni
1303 1450 1426 1486 verbis
1457 1450 1712 1496 aequiparetis

1220 1506 1420 1553 Exempla,
1452 1507 1547 1543 sicut
1581 1507 1739 1553 debetis,

1279 1563 1351 1600 Per
1380 1563 1604 1600 industriam
1639 1564 1840 1603 detectam.

1218 1710 1300 1747 Nee
1330 1721 1476 1756 quoque
1506 1709 1686 1757 eviyilare

1219 1766 1408 1814 Faeicetis,
1443 1766 1479 1802 ni
1511 1772 1722 1804 monstrare

1277 1823 1410 1859 Velitis
1441 1833 1555 1869 opere
1590 1823 1699 1869 viam,

1220 1881 1383 1926 Propter
1413 1880 1533 1916 solum
1564 1880 1790 1928 praedicare

1220 1936 1366 1973 Diebus
1397 1936 1455 1972 his
1485 1946 1524 1972 se
1556 1936 1682 1972 levare

1277 1992 1408 2029 Nescit
1437 1993 1561 2029 anima
1592 1993 1799 2041 quidpiam,

1220 2049 1355 2086 Donec
1384 2049 1470 2095 ipsa
1503 2049 1599 2086 velit.
1632 2049 1746 2086 sciam

1221 2105 1269 2142 Se
1301 2104 1426 2142 facere
1459 2116 1527 2152 per
1559 2106 1731 2152 gratiam,

1277 2163 1395 2208 Quam
1426 2162 1499 2198 sibi
1530 2163 1614 2198 volo
1647 2162 1787 2199 donare

1220 2218 1293 2255 Seu
1324 2229 1393 2265 per
1422 2219 1586 2265 aliquam
1619 2219 1771 2256 nimiam

1219 2275 1315 2312 Eam
1347 2286 1474 2322 cogam
1507 2275 1715 2322 angustiam

1278 2332 1475 2368 Valentem
1507 2332 1603 2369 banc
1631 2331 1825 2369 suscitare.

543 2524 728 2571 Angeli
771 2523 826 2560 de
867 2522 1067 2569 virgine
1111 2527 1259 2559 eunte
1300 2522 1357 2559 ad
1398 2533 1604 2560 crucem.

409 2650 516 2698 Quae
548 2652 599 2686 est
629 2648 717 2695 ista,
749 2658 847 2694 quae
872 2646 1041 2684 ascendit

408 2707 458 2744 Et
489 2706 536 2742 ad
569 2705 771 2742 calvariam
804 2704 928 2741 tendit

465 2762 673 2799 Decalvata
705 2761 864 2806 laetitia,

408 2820 509 2864 Quae
540 2819 578 2854 in
610 2817 700 2854 fletu
730 2828 770 2854 se
801 2816 994 2864 expendit,

408 2875 505 2912 Dum
538 2874 779 2911 ascendendo
810 2873 1013 2920 perpendit

466 2933 587 2969 lesum
621 2931 699 2977 pati
732 2930 947 2977 supplicia?

1222 2647 1342 2684 Estne
1373 2651 1493 2683 mater
1524 2646 1581 2683 vcl
1613 2645 1691 2683 tilia

1223 2704 1316 2741 Eius
1349 2704 1406 2740 vel
1437 2703 1503 2740 illa
1533 2702 1668 2746 Maria,

1284 2762 1324 2796 ln
1338 2771 1446 2807 quam
1460 2760 1506 2796 de
1514 2759 1618 2796 caelo
1628 2757 1854 2796 descendit?

1223 2818 1324 2855 Nota
1353 2817 1432 2853 eius
1464 2815 1619 2852 tristitia

1222 2875 1331 2911 Hanc
1361 2885 1383 2910 a
1414 2878 1543 2909 nostra
1573 2871 1709 2908 notitia

1275 2929 1391 2975 Quasi
1422 2933 1607 2965 extortam
1638 2927 1817 2965 ostendit.
