2031 3289
386 2494 451 2533 10.

381 2760 445 2798 11.

894 221 1203 261 —380—

497 335 654 382 Angele,
686 332 762 371 fide
793 343 930 381 comes,
963 334 1128 380 sapienS‚
1160 333 1387 381 venerande,
1421 333 1593 385 benigne,

496 391 560 428 Me
590 394 715 427 movet
747 393 784 426 et
814 389 943 426 turbat
974 390 1106 426 mortis
1138 388 1301 427 formido
1332 390 1518 437 malignae

495 445 738 492 Intentatque
768 446 860 482 mihi
891 457 1032 492 poenas
1064 451 1101 482 et
1131 450 1277 483 tartara
1309 446 1434 495 digne,

494 502 551 539 Tu
582 512 770 541 succurre.
802 513 951 548 precor,
984 502 1156 539 barathri
1187 513 1234 538 ne
1265 513 1414 549 mergar
1443 503 1482 540 in
1512 503 1612 550 igne.

495 604 653 650 Angele,
682 602 875 648 confiteor,
909 603 997 649 quia
1026 614 1140 649 saepe
1169 602 1284 640 fidem
1317 603 1454 640 violavi

496 659 776 706 Spiritibusque
806 660 916 696 malis
946 670 1146 696 numeroso
1178 660 1335 696 crimine
1366 658 1444 696 favi

494 717 545 753 Et
577 719 781 762 praecepta
811 716 884 752 Dei
916 727 1002 761 non,
1035 716 1132 752 sicut
1162 720 1327 763 oportet,
1358 716 1494 764 amavi,

494 773 598 810 Proh
631 773 750 818 dolor,
783 777 819 808 et
851 782 970 818 prave
1002 771 1194 809 Christum
1225 772 1388 809 vivendo
1419 773 1566 819 negavi.

497 876 656 921 Angele,
689 874 839 920 quando
870 884 972 910 meos
1004 878 1110 910 actus
1141 884 1212 920 per
1241 874 1389 920 singula
1419 878 1532 921 tango

491 931 629 977 Meque
657 941 762 967 reum
794 930 925 966 mortis
957 930 1079 978 video,
1112 940 1182 976 per
1211 930 1359 977 singula
1389 930 1539 980 plango,

493 988 567 1025 Ora
599 987 679 1033 rigo
707 987 889 1033 lacrimis,
922 991 1085 1022 mentem
1117 986 1347 1023 cruciatibus
1378 998 1496 1035 ango,

492 1043 563 1080 His
597 1054 655 1079 nie
685 1044 789 1080 solve
820 1043 941 1088 malis,
976 1048 1013 1078 et
1044 1043 1176 1080 laudes
1208 1047 1368 1090 votaque
1398 1055 1535 1090 pango,

495 1145 652 1194 Angele,
685 1156 743 1181 me
773 1145 849 1191 iugi
881 1149 946 1181 tua
976 1145 1098 1181 salvet
1130 1155 1220 1181 cura
1252 1148 1398 1191 rogatu,

494 1203 552 1240 Ne
583 1213 652 1248 pro
684 1201 904 1238 multimodo
935 1211 1088 1247 peream
1123 1202 1352 1247 damnerque
1383 1203 1503 1247 reatu,

493 1259 557 1296 Me
589 1259 636 1294 de
667 1257 830 1294 terribili
861 1262 926 1294 tua
955 1257 1095 1294 liberet
1125 1269 1187 1294 ars
1219 1258 1404 1302 cruciatu,

493 1315 638 1361 Dignus
669 1319 709 1350 ut
740 1314 913 1360 angelico
944 1315 1084 1360 possim
1118 1314 1200 1351 fieri
1232 1315 1424 1352 comitatu.

498 1417 659 1463 Angele,
691 1416 753 1462 qui
785 1415 898 1464 nosti,
929 1425 1025 1461 quae
1056 1420 1141 1452 sunt
1174 1415 1213 1451 in
1243 1414 1317 1452 fine
1349 1414 1488 1459 futura,

498 1474 566 1518 Qui
598 1472 767 1509 medicus
799 1482 901 1508 meus
933 1482 985 1519 es,
1019 1482 1102 1509 mea
1132 1482 1232 1520 spes,
1264 1483 1346 1508 mea
1377 1472 1535 1509 vulnera
1565 1481 1666 1518 cura,

497 1530 677 1576 Vulnera,
709 1539 813 1565 mens
844 1528 979 1574 quibus
1011 1534 1080 1574 est,
1112 1528 1185 1565 nisi
1218 1539 1324 1564 cures
1356 1539 1427 1575 me,
1459 1528 1645 1574 peritura;

497 1586 600 1632 Ergo
630 1585 703 1621 mei
734 1585 860 1622 cordis
893 1584 953 1621 fac
983 1585 1059 1621 sint
1089 1585 1299 1631 penetralia
1330 1596 1437 1631 pura.

498 1687 657 1733 Angele,
689 1687 807 1734 nulla,
839 1696 937 1732 reor,
971 1697 1041 1722 vox
1074 1684 1214 1722 sufficit
1247 1695 1479 1732 enumerare,

499 1745 645 1789 Quotve
676 1742 858 1789 quibusve
889 1742 1011 1779 modis
1042 1742 1154 1779 libuit
1187 1741 1325 1779 delicta
1355 1746 1522 1789 patrare,

499 1800 574 1837 Sed
605 1799 709 1848 mihi,
742 1799 806 1845 qui
837 1799 937 1845 potis
968 1809 1019 1846 eS,
1052 1797 1111 1835 fer
1141 1809 1249 1844 opem
1279 1799 1501 1844 veniamque
1531 1809 1701 1847 precare,

497 1856 646 1903 Proque
677 1856 800 1893 salute
831 1866 926 1901 mea,
960 1866 1083 1892 comes
1115 1855 1268 1902 optime,
1300 1855 1520 1893 sollicitare.

499 1959 657 2005 Angele,
689 1969 774 1995 mox
804 1962 843 1994 ut
876 1968 943 2004 ego
974 1957 1203 2004 baptismate
1233 1968 1313 1994 sum
1343 1961 1545 1994 renovatus

500 2016 549 2052 Et
582 2014 691 2061 posui
721 2015 861 2051 veteris
892 2014 1058 2051 maculas
1089 2014 1125 2050 in
1159 2012 1263 2051 fonte
1293 2019 1431 2059 reatuS,

498 2071 586 2109 Sum
618 2071 687 2107 tibi
718 2076 832 2117 tuque
863 2070 954 2107 mihi
985 2070 1159 2107 tradente
1188 2071 1268 2108 Deo
1300 2070 1484 2117 sociatus;

496 2127 588 2173 Fac,
621 2138 769 2175 precor,
802 2132 842 2164 ut
872 2132 995 2164 tecum
1026 2138 1096 2174 pro
1126 2137 1185 2163 me
1216 2133 1321 2173 roget
1352 2126 1446 2163 ordo
1478 2126 1622 2163 beatuS.

496 2229 654 2276 Angele,
687 2229 787 2266 trina
819 2229 907 2265 mali
939 2228 995 2266 vis
1024 2233 1132 2276 urget
1163 2238 1221 2264 me
1252 2228 1495 2266 vehementer

495 2286 545 2323 Et
576 2285 695 2322 trahit
725 2285 762 2321 in
794 2283 941 2322 facinus
972 2290 1210 2332 mentemque
1241 2285 1343 2331 rapit
1374 2284 1570 2332 violenter,

497 2342 652 2380 Scilicet
682 2341 847 2379 ebrietas
879 2346 916 2378 et
946 2342 1056 2378 luxus
1087 2347 1125 2378 et
1151 2342 1209 2379 ira
1239 2340 1468 2388 frequenter,

495 2398 575 2435 Has
606 2399 722 2445 igitur
753 2397 883 2447 furias,
917 2398 996 2445 has,
1029 2398 1173 2445 angele,
1206 2398 1324 2444 perde
1355 2401 1541 2444 potenter.

498 2495 656 2543 Angele,
689 2495 875 2531 communi
906 2495 1016 2531 luxus
1046 2499 1156 2531 nocet
1186 2494 1354 2539 utilitati,

494 2551 670 2588 Ebrietas
701 2550 835 2587 auffert
866 2551 972 2598 regni
1004 2551 1191 2597 promissa
1222 2550 1335 2598 beati,

493 2605 556 2646 Ira
587 2608 657 2645 viri
689 2613 843 2644 sanctae
875 2607 1064 2644 contraria
1095 2607 1138 2644 fit
1167 2607 1367 2654 gravitati3

493 2665 598 2701 Haec
628 2668 816 2711 portenta,
849 2675 951 2711 rogo,
985 2664 1175 2701 metuendi
1209 2664 1414 2710 comprime
1446 2661 1528 2701 fati.

493 2761 650 2806 Angele,
686 2760 748 2808 qui
781 2770 907 2797 veram
941 2758 1090 2797 confers
1121 2761 1268 2797 animae
1298 2759 1535 2807 medicinam,

493 2816 552 2853 Ex
585 2819 710 2854 anima
742 2817 880 2853 divelle
912 2827 995 2853 mea
1022 2821 1166 2863 pestem
1197 2817 1294 2853 hanc
1324 2816 1535 2863 genuinam,

494 2873 552 2909 No
584 2878 669 2910 ruat
698 2873 736 2909 in
769 2884 876 2909 casus
906 2873 1051 2919 aliquos
1082 2873 1260 2910 mortisve
1291 2873 1448 2920 ruinam,

494 2929 567 2967 Sed
602 2930 745 2966 valeam
777 2930 898 2966 laetus
930 2929 1108 2967 deitatem
1141 2939 1294 2966 cernere
1325 2928 1475 2968 trinam.
