1914 3223
702 187 754 192 -
814 163 895 202 2o5
955 185 1008 191 -

661 281 696 316 5.
734 278 773 314 ln
804 276 968 314 aeternis

730 333 813 370 Non
846 333 997 370 caducis

787 390 863 427 Iste
894 394 1037 436 regnat,

733 446 815 483 Non
848 447 940 483 hacc
971 446 1064 483 lollii

734 503 862 550 Neque
893 503 1009 549 cupit,

787 560 857 606 Qui
889 560 951 596 dat
983 560 1061 596 illa.

174 654 198 685 Β
232 653 288 684 fol.
321 650 406 684 93b.
441 669 482 673 —-
516 651 542 682 C
575 650 631 682 fol.
665 649 748 682 2321.
774 666 817 671 -—
846 648 879 685 l,
915 647 929 679 l
967 647 1163 679 lat-tandum
1193 648 1228 677 Β.
1273 665 1294 667 a
1323 644 1362 681 33,
1394 643 1632 683 :3'1‘21111q11am

84 698 288 740 stupendum
308 699 343 729 Β.
362 716 403 720 --
422 695 452 734 3,
478 695 498 728 4
523 707 596 739 sqq.
614 696 706 735 Quid
726 706 745 726 a
763 699 885 726 natura
905 695 1054 725 hnmana
1072 696 1140 723 tam
1161 695 1327 723 remotum
1348 691 1383 721 B.
1402 706 1441 710 —
1462 687 1493 723 4,
1518 687 1539 719 4
1560 698 1635 729 sqq.

89 745 165 776 Nun
192 754 301 775 meum
329 744 439 784 inquit
467 753 606 783 regnum
635 745 686 773 cst
710 741 751 772 dc
778 741 840 772 110«-
867 739 992 771 mundo
1020 740 1056 770 13.

601 885 684 921 21⁴.
721 886 824 925 (104.)
859 884 914 919 Ad
941 883 1107 918 Laudes.

134 983 163 1019 1.
197 981 262 1018 Est
294 981 331 1017 in
363 981 481 1019 Rama
842 1016 855 1021 ,
934 980 971 1014 4.
1004 976 1146 1013 'fundit
1179 979 1321 1021 pectus,

153 1061 156 1064 ·
197 1038 276 1074 Vox
306 1037 410 1074 adita
1003 1032 1151 1071 Scindit
1182 1032 1284 1068 sinus

250 1094 390 1131 Rachel
422 1092 558 1138 flentis,

195 1151 317 1196 Super
347 1155 453 1187 natos

194 1205 419 1244 lutei-sectos

248 1263 446 1300 Eiulantis.

125 1355 161 1391 2.
195 1352 382 1390 Lacerata
416 1365 419 1371 ·

195 1410 322 1446 Iacent
353 1408 519 1446 membra

253 1465 497 1503 Parvulorum

195 1522 245 1559 Et
275 1526 350 1558 tam
381 1522 478 1558 lacte

194 1580 312 1624 Quam
343 1588 474 1615 cruore

249 1634 384 1681 Rigant
415 1635 578 1673 humum.

126 1727 162 1765 3.
194 1725 264 1762 His
295 1725 513 1762 incumbens

194 1781 295 1819 Orba
325 1792 461 1828 parens

249 1838 435 1875 Eiulando

192 1894 407 1932 Recollecta

192 1952 310 1989 Fovet
342 1950 464 1989 frusta

249 2007 340 2045 sinu
370 2009 444 2055 pio.

1061 1089 1203 1127 Caecus
1233 1087 1350 1130 furor,

1005 1148 1119 1194 Quem
1152 1149 1342 1182 maternus

1004 1204 1055 1241 Et
1086 1203 1266 1239 humanus

1059 1259 1168 1296 Facit
1198 1269 1315 1296 amor.

935 1353 973 1390 5.
1005 1348 1201 1388 Interfecti

1004 1407 1098 1444 Sunt
1126 1407 1248 1456 inviti,

1060 1463 1134 1500 Sed
1166 1474 1235 1510 pro
1267 1463 1366 1509 vita·.

1005 1521 1226 1557 Meritorum

1007 1578 1093 1615 Fuit
1125 1577 1280 1625 nullum,

1060 1634 1208 1671 Merces
1239 1633 1368 1670 multa.

933 1727 970 1763 6.
1004 1725 1152 1762 Merces
1182 1725 1266 1771 ipsa

1004 1781 1091 1818 Fuit
1124 1782 1213 1828 vita,

1060 1838 1177 1884 Quam
1209 1843 1246 1874 et
1275 1837 1350 1884 ipsi

1003 1895 1215 1939 Moriend0‚

1005 1951 1088 1988 Non
1122 1951 1312 1999 loquendo

1061 2008 1154 2046 Sunt
1185 2007 1358 2046 confessi.

173 2097 198 2128 B
224 2096 281 2128 fol.
306 2094 389 2128 94a.
414 2114 456 2118 —
482 2098 508 2129 C
532 2097 590 2128 fol.
616 2095 659 2129 28
672 2108 702 2129 a.
729 2115 772 2118 —
799 2097 836 2136 1,
863 2096 883 2128 6
909 2098 1079 2140 epilantes
1105 2099 1144 2129 B.
1172 2115 1211 2119 —
1238 2094 1276 2136 3,
1301 2096 1322 2129 5
1345 2098 1473 2129 frustra
1498 2098 1564 2130 BC.
1592 2113 1633 2118 -

80 2139 110 2179 3,
135 2139 157 2172 6
183 2143 240 2174 Sic
265 2143 367 2184 cupio
393 2143 430 2174 B.
456 2159 499 2164 —
524 2141 556 2180 4,
587 2141 601 2174 l
631 2143 758 2175 Fundit
781 2147 899 2186 pectus
926 2144 963 2175 B.
991 2161 1032 2166 —
1057 2142 1088 2180 4,
1115 2143 1136 2174 2
1162 2145 1257 2175 sinus
1283 2142 1411 2174 scindit
1437 2144 1474 2174 Β.

498 2287 578 2323 215.
615 2288 716 2330 (105.)
751 2288 807 2323 De
834 2290 976 2325 sancto
1002 2289 1210 2333 Dionysio.

711 2359 869 2401 Hymnus
895 2361 1000 2402 prior.

129 2450 164 2489 1.
195 2450 289 2488 Ave,
312 2450 475 2495 praesul,
493 2450 573 2487 laus
590 2451 816 2496 praesulum.
932 2453 968 2491 3.
1002 2452 1058 2488 Tu
1090 2462 1189 2499 vero,
1223 2456 1262 2488 tu
1294 2451 1485 2489 miraculis

193 2507 287 2554 Ave,
320 2511 475 2552 martyr,
498 2506 578 2543 laus
599 2513 817 2554 martyrum,
1001 2510 1080 2547 Hos
1113 2512 1334 2545 convertens
1366 2508 1413 2545 ab
1445 2508 1557 2545 idolis

195 2561 504 2608 Philosophorum
537 2563 710 2610 maxime,
1004 2565 1205 2602 Abstulisti
1238 2565 1400 2607 diabolo,

193 2618 402 2655 Galliarum
434 2619 617 2665 apostole.
1003 2625 1102 2668 Quos
1134 2622 1359 2668 mancipasti
1391 2621 1564 2658 Domino.

122 2709 160 2746 2.
194 2709 267 2746 Per
296 2714 332 2745 te
363 2709 557 2748 Gallorum
588 2710 763 2757 populum
931 2714 968 2752 4.
1001 2713 1088 2757 (ira,
1122 2717 1242 2760 pater,
1276 2725 1345 2759 pro
1376 2711 1560 2760 omnibus,

193 2765 432 2808 Insolentem,
463 2766 684 2803 indomitum
1002 2769 1174 2816 Dionysi,
1207 2768 1395 2818 fidelibus,

1001 2825 1075 2862 Sed
1109 2837 1176 2872 pro
1206 2835 1319 2872 regno
1351 2825 1566 2872 praecipue,

1001 2882 1106 2928 Quod
1139 2882 1331 2929 acquisisti
1363 2883 1555 2929 sanguine.

195 2821 321 2858 Virtus
352 2833 513 2869 superna
546 2823 687 2859 domuit

192 2877 334 2926 Hisque
364 2879 487 2927 iugum
519 2879 708 2927 imposuit.
