1914 3223
145 331 210 368 21.

137 1041 203 1078 22.

136 1757 202 1796 23.

133 2570 201 2609 27.

755 157 809 162 -
867 134 947 175 397

609 249 847 286 Christus
883 249 945 286 ad
983 250 1208 296 angelos.

242 329 434 367 Descendi
467 329 538 366 Dei
572 327 672 366 filius
960 331 1027 368 24.
1060 330 1151 366 Cum
1182 329 1299 366 multa
1329 329 1405 365 sint
1436 328 1606 373 florifica,

241 386 291 423 In
325 385 534 430 ecclesiam,
566 396 675 432 quam
708 385 792 432 pius

301 443 410 479 Volui
440 442 591 479 hortum
623 442 749 478 dicere

241 499 409 546 Nucum,
442 499 529 545 quia
560 499 727 536 exterius

242 557 421 592 Amaram
455 561 492 591 et
522 555 681 592 interius

300 612 470 659 Dulcem‚
481 612 543 658 qni
553 616 686 648 testam
699 609 874 657 frangere

241 669 344 712 Vult,
376 669 564 716 quoniam,
596 669 658 715 qni
689 668 835 704 sincere

243 725 518 761 Paenitentiam
548 723 674 762 facere

299 781 355 818 Ibi
387 781 479 829 vult,
513 792 679 818 amaram
710 781 827 827 prius,

242 837 380 874 Dulees
414 836 558 874 fructus
591 838 768 884 colligere

239 895 387 931 Poterit
418 899 455 930 et
483 895 655 940 recipere

295 951 501 997 Oleuinque
533 951 733 997 posterius.

241 1040 289 1079 Ut
314 1052 436 1088 poma
470 1041 681 1077 redolentia

241 1097 436 1135 Commllis
467 1102 504 1134 et
536 1096 745 1144 fragrantia

295 1154 368 1192 Seu
400 1164 512 1191 verae
544 1154 767 1191 humilitatis

249 1207 440 1259 Viderem,
474 1211 561 1258 quia
591 1211 684 1248 talia

236 1267 334 1305 Mihi
367 1272 451 1304 sunt
486 1267 763 1314 complacentia

297 1324 347 1362 Et
378 1334 421 1361 ea
454 1324 569 1370 diligo
600 1324 703 1373 satisz

238 1382 354 1418 Poma
384 1391 473 1422 vero
506 1381 684 1418 vanitatis

235 1438 308 1476 Seu
340 1438 658 1474 monstruositatis

291 1494 386 1531 Mihi
417 1505 489 1531 non
522 1498 609 1530 sunt
641 1493 795 1540 habilia,

234 1551 351 1588 Immo
381 1550 474 1597 ipsis
505 1551 738 1597 propulsatis

234 1606 414 1645 Omnibus
446 1607 652 1644 humiliatis

293 1664 450 1712 Semper
477 1675 601 1701 assum
625 1675 706 1700 cum
730 1663 865 1710 gratia.

234 1755 277 1794 Si
307 1754 416 1792 vinea
449 1755 697 1792 humanarum

232 1811 446 1850 Floruisset
476 1812 698 1860 animarum,

293 1868 343 1906 Ut
371 1867 615 1915 inspicerem,
648 1867 841 1914 descendi,

234 1925 330 1963 Nam
362 1936 407 1962 ex
437 1923 594 1962 floribus
625 1935 752 1962 earum

233 1981 418 2019 Futurum
451 1980 613 2018 fructum
646 1992 802 2018 uvarum

291 2039 519 2085 Aliqualiter
550 2039 759 2087 perpendi;

234 2094 294 2132 Ex
324 2093 478 2132 floribus
509 2095 733 2132 attendendi

233 2150 326 2188 Sunt
357 2150 500 2189 fructus
532 2157 568 2188 et
599 2151 850 2200 supponendi‚

282 2208 360 2244 Nec
369 2213 453 2245 sunt
463 2209 648 2255 plurimae
657 2209 885 2260 plantarum,

231 2264 291 2302 Ex
322 2265 457 2311 quibus
489 2265 561 2301 sint
594 2265 797 2312 colligendi

231 2320 394 2358 Fructus
423 2322 482 2358 vel
515 2321 725 2368 reeipiendi

287 2377 374 2414 Sine
403 2376 574 2415 floritura
604 2389 776 2425 quarum.

955 1042 1022 1080 25.

952 1756 1018 1794 26.

1058 387 1159 432 Quae
1191 398 1263 431 non
1295 384 1389 422 fiunt
1421 385 1622 430 fructifica,

1117 442 1255 478 Videre
1286 453 1431 488 quoque
1465 442 1577 489 volui,

1057 499 1099 536 Si
1129 498 1406 544 qermimtssewt
1429 499 1579 545 punica

1057 555 1184 603 Mala,
1219 566 1313 601 quae
1345 560 1429 591 sunt
1461 555 1634 602 gratifica

1115 612 1327 648 Sitientium
1363 613 1499 658 gustui,

1056 668 1182 714 Opera
1214 669 1347 704 dantes
1379 667 1515 704 fructui

1060 724 1259 761 Laudabili
1291 730 1327 760 et
1358 725 1440 761 usui

1116 782 1170 818 Re
1201 781 1350 827 privata
1381 786 1417 817 et
1450 780 1603 827 publica

1059 838 1247 874 Bonorum
1279 837 1466 884 appetitui

1056 894 1237 931 Germina
1269 894 1358 931 dant
1390 898 1427 930 et
1459 893 1554 930 visui

1114 950 1279 988 Grandis
1311 950 1399 987 boni
1430 950 1612 997 significa.

1055 1040 1218 1088 Nescimf,
1252 1040 1439 1087 sapientia

1053 1098 1123 1144 Qui
1155 1097 1226 1134 Dei
1257 1109 1337 1134 sum
1368 1102 1405 1134 et
1435 1097 1560 1134 omnia

1113 1154 1198 1191 Seio
1229 1165 1379 1200 semper
1410 1159 1447 1190 et
1479 1154 1600 1203 video,

1057 1211 1096 1248 Si
1127 1217 1296 1248 metuens
1328 1211 1519 1257 supplicia

1055 1270 1134 1306 Iam
1173 1268 1294 1305 dicam
1328 1278 1418 1314 prae
1449 1266 1604 1314 angaria

1115 1325 1292 1361 Praevisa
1323 1324 1444 1370 patri:
1479 1323 1592 1360 redeo

1055 1381 1116 1419 Ad
1149 1386 1208 1429 ἴθ’,
1242 1392 1324 1418 nam
1357 1381 1467 1417 homo
1496 1381 1609 1418 timeo

1056 1438 1218 1475 Mortem
1252 1448 1321 1474 nee
1351 1448 1430 1474 eam
1465 1437 1584 1474 debeo

1108 1495 1228 1532 Natus
1258 1494 1297 1531 in
1327 1494 1554 1543 innocentia,

1050 1551 1120 1588 Vel
1153 1551 1389 1588 oboediendo
1421 1550 1502 1587 Deo

1052 1608 1114 1645 Sic
1142 1608 1278 1645 vadam
1310 1608 1404 1644 mori
1435 1618 1504 1653 pro
1535 1617 1579 1644 eo

1108 1664 1339 1711 comparans
1371 1675 1438 1701 sua
1471 1664 1573 1701 vitia.

1049 1756 1214 1802 Propter
1244 1755 1456 1802 quaclrz'yas
1487 1753 1628 1791 saeculi

1049 1811 1276 1849 Aminadab
1307 1816 1344 1848 et
1375 1811 1506 1858 populi

1106 1869 1173 1906 Me
1202 1868 1444 1906 conturbavit
1474 1867 1623 1915 anima,

1051 1925 1148 1962 Nam
1179 1926 1390 1962 animarum
1420 1925 1540 1971 geruli

1050 1982 1187 2020 Omnes
1218 1982 1291 2018 mei
1324 1981 1501 2028 discipuli

1106 2039 1172 2076 Me
1203 2039 1343 2076 donato
1373 2049 1443 2084 pro
1476 2038 1628 2076 victima

1049 2096 1166 2142 Rupti
1203 2101 1309 2132 erunt
1342 2095 1392 2132 ad
1421 2095 1565 2140 intima,

1048 2153 1130 2190 Nec
1161 2153 1233 2189 erit
1263 2152 1341 2189 ulla
1371 2152 1540 2193 lacrima,

1099 2212 1218 2255 Quam
1254 2219 1327 2245 non
1360 2208 1533 2245 emittant
1563 2207 1672 2259 oculi,

1048 2266 1136 2303 Sola
1167 2265 1352 2312 quadriga
1383 2265 1532 2311 parvuli

1047 2323 1125 2359 Mei
1157 2322 1285 2370 stabit,
1319 2321 1378 2358 oui
1411 2321 1552 2358 contuli

1108 2379 1158 2418 Ut
1188 2389 1337 2425 semper
1361 2378 1411 2414 sit
1433 2377 1661 2418 firmissima.

594 2491 833 2530 Christus
872 2492 930 2530 ad
974 2492 1195 2530 animam.

231 2569 261 2608 0
290 2569 493 2607 Sulamitis
524 2570 674 2617 misera,

232 2626 370 2664 Anima
402 2637 478 2673 rea,
511 2637 676 2673 propera

285 2685 410 2729 Atque
439 2683 487 2719 ad
520 2693 579 2719 me
608 2687 803 2731 revertere,

229 2738 438 2784 Rea-arcere,
471 2740 654 2790 accelera,

232 2796 336 2841 Quae
364 2795 478 2832 abisti
510 2801 595 2842 post
625 2797 772 2834 scelera

288 2851 460 2889 Volendo
492 2863 551 2889 me
582 2853 816 2903 relinquere3

1042 2572 1252 2620 Revertere,
1285 2573 1482 2617 revertere,

1049 2629 1098 2667 Ut
1126 2628 1349 2665 intueamur
1380 2637 1468 2664 vere

1100 2685 1154 2722 Te
1185 2695 1252 2731 ego
1284 2690 1321 2720 et
1351 2693 1552 2730 puerpera,

1042 2742 1145 2788 Quae
1176 2751 1310 2789 rogare
1340 2746 1377 2777 et
1406 2746 1537 2786 petere

1046 2799 1120 2836 Pro
1150 2802 1188 2834 te
1218 2802 1256 2834 et
1285 2802 1349 2834 tuo
1381 2797 1525 2834 scelere

1101 2853 1185 2891 Non
1217 2858 1340 2891 cessat
1370 2851 1578 2891 salutifere.
