2031 3289
19 0 25 97 Ι

13 51 24 111 ΞΙ

14 111 17 133 Ι

14 113 28 280 1}
985 168 1041 174 -
1098 145 1181 185 444
1241 167 1291 175 -

814 261 852 298 3.
885 260 927 296 In
959 269 1088 296 mensa
1117 259 1366 296 iumentorum

21 281 27 390 β
884 315 1072 361 Suumque
1103 315 1239 352 stravit
1268 315 1429 364 thorum,

0 405 19 421 2,
943 371 1165 418 Praesaepis
1194 371 1232 408 in
1264 382 1426 408 concavo

0 395 29 584 ἡ
882 428 957 466 Hic
986 428 1079 465 latet
1109 438 1176 464 rex
1208 427 1409 466 caelorum.

17 565 29 582 ,Δ
883 529 1029 565 Taurus
1060 528 1234 564 brunello
1263 539 1356 575 pare

0 580 27 635 {1¹3
884 585 1045 622 Domino
1076 583 1261 621 famulare

0 528 3 577 ἒ

0 618 20 644 τ,

755 659 758 662 >
939 641 1105 687 Cupiunt
1135 641 1349 686 spiramine,

883 697 1090 734 Tonantem
1121 698 1295 735 adorare.

884 798 999 845 Ergo,
1033 797 1112 835 veri
1142 798 1319 845 athletae,

886 855 992 891 Haec
1022 865 1237 891 resonemus
1267 855 1366 891 laete

944 910 1173 948 Harmoniae
1203 911 1378 959 modulis,

0 1163 5 1191 ι

942 969 1175 1004 Acceutuum
1207 967 1350 1004 sedulis

887 1023 1049 1060 Vocibus
1080 1023 1257 1073 invalete,

7 1085 34 1181 ἕξ
887 1125 939 1163 Ut
969 1124 1113 1161 meritis
1144 1125 1290 1162 Mariae

27 1216 32 1236 Ι
888 1181 967 1218 Nos
998 1180 1115 1218 faeiat
1145 1181 1251 1218 adire

27 1258 32 1283 2
942 1238 1080 1275 Verum
1115 1237 1382 1286 habitaculum,

22 1329 32 1349 ὖ
945 1294 1137 1331 Scelerum
1169 1294 1356 1340 piaculum

22 1349 33 1421 P
888 1353 979 1390 Post
1010 1350 1121 1388 funus
1152 1351 1283 1387 mortis
1317 1351 1434 1391 dirae,

456 1465 530 1498 Fol.
558 1462 622 1496 155
637 1475 667 1496 a.
696 1465 767 1505 „De
792 1460 1009 1495 nativitate.“
1028 1480 1071 1484 —-
1097 1462 1205 1494 Leich
1230 1465 1292 1494 mit
1315 1463 1510 1504 doppeltem
1539 1463 1734 1505 Abgesang.
1752 1461 1843 1501 —2‚
1871 1461 1922 1502 10,

368 1511 555 1543 Cherubim
587 1510 639 1541 als
673 1509 846 1551 Singular.
880 1526 924 1529 ——
958 1506 994 1543 2,
1028 1506 1048 1539 5
1081 1508 1242 1539 salutata.
1268 1526 1313 1530 —
1344 1506 1382 1546 2,
1423 1506 1460 1539 11
1499 1508 1717 1539 indicaverit.
1741 1525 1784 1530 -
1809 1506 1846 1546 2,
1882 1506 1923 1540 13

363 1556 463 1596 Quod
495 1559 534 1587 ut
558 1555 716 1587 Christus
742 1555 914 1596 apparuit.
943 1571 986 1575 -—
1011 1551 1041 1591 3,
1068 1551 1088 1584 5
1113 1563 1246 1594 parare.
1270 1570 1315 1575 -—
1339 1554 1404 1585 Am
1430 1553 1585 1585 Schlul's:
1621 1557 1684 1585 etc.
1732 1554 1806 1586 Das
1831 1553 1919 1586 Lied

367 1603 413 1634 ist
439 1602 522 1633 aber
548 1601 637 1632 nach
662 1601 765 1632 Form
790 1599 860 1631 und
885 1599 1001 1631 lnhalt
1027 1609 1068 1630 zu
1093 1598 1203 1631 Ende.

907 1766 990 1802 418.
1026 1766 1106 1809 (30.)
1140 1767 1198 1801 De
1223 1767 1375 1802 eadem.

386 1875 421 1913 1.
453 1875 538 1922 Dic,
570 1884 751 1921 quaenam
785 1873 957 1910 doctrina

453 1931 511 1968 De
541 1931 692 1968 natione
722 1931 817 1966 mira

513 1987 666 2032 Probat,
698 1986 819 2032 rabbi,
852 1985 990 2033 incipe,

457 2045 562 2082 Haec
592 2045 668 2081 alta
702 2042 857 2081 divina?

1199 1875 1236 1913 5,
1269 1872 1409 1919 Logica
1440 1873 1477 1908 in
1508 1882 1692 1918 sermone,

1269 1928 1602 1977 Sermocinatione,

1325 1985 1389 2022 Nil
1420 1984 1491 2022 fari
1521 1984 1748 2022 ineffabilem

1267 2042 1358 2078 Vult
1388 2041 1655 2088 garrulatione.

414 2176 423 2186 .
455 2146 563 2192 Quod
598 2149 700 2182 artes
730 2143 920 2191 liberales,

454 2202 606 2249 Septem
639 2206 677 2238 et
706 2201 886 2248 plurales,

511 2259 563 2297 Ut
584 2258 746 2305 probent
762 2257 945 2303 virginem
963 2265 1115 2302 parere,

455 2315 530 2354 Hic
564 2319 651 2352 sunt
680 2313 909 2360 inaequales,

417 2447 425 2455 .
458 2417 715 2455 Grammatica
745 2414 929 2453 infantum

455 2474 530 2511 Dat
561 2474 740 2511 alimenta
771 2477 934 2519 tantum,

515 2530 612 2576 Quid
643 2530 737 2566 haec
766 2532 925 2575 prosunt
956 2527 1115 2574 parvula

454 2587 517 2624 Ad
548 2591 680 2633 partus
712 2583 1002 2623 documentum?

414 2718 422 2726 .
454 2688 660 2726 Rhetorica
691 2687 828 2724 decore

456 2746 498 2782 In
531 2745 684 2781 rcmisto
715 2753 887 2780 sermone

513 2801 597 2838 Non
625 2804 772 2847 partum
796 2800 894 2836 hunc
915 2798 1113 2836 sublimem

457 2857 541 2894 Tali
573 2857 710 2904 probat
740 2857 881 2903 lepore.

1228 2174 1236 2182 .
1269 2143 1428 2190 Musica,
1461 2144 1626 2190 ignotum

1269 2199 1366 2236 Nam
1398 2199 1467 2236 tibi
1499 2204 1622 2236 exstat
1652 2203 1783 2244 totum,

1326 2257 1368 2292 In
1401 2256 1595 2293 harmonia
1625 2255 1781 2294 iubiles:

1270 2313 1339 2349 Est
1371 2312 1527 2349 verbum
1560 2323 1647 2349 caro
1678 2310 1832 2350 factum.

1229 2443 1238 2452 .
1270 2413 1499 2461 Geometria,
1531 2414 1715 2451 mensuris

1270 2471 1340 2507 His
1371 2481 1462 2517 prae
1494 2471 1600 2507 vanis
1632 2471 1731 2507 curis

1329 2528 1555 2565 Immensum
1586 2527 1676 2574 quid
1709 2526 1852 2563 metiris

1271 2585 1314 2621 In
1345 2584 1454 2620 lineis
1485 2582 1684 2620 obscuris?

1228 2714 1236 2723 .
1270 2685 1514 2722 Astronomia
1544 2688 1666 2721 motus

1270 2741 1352 2780 Poli
1383 2752 1457 2778 non
1488 2742 1602 2788 capit,
1634 2744 1734 2777 totus

1326 2798 1423 2835 Nam
1458 2798 1612 2844 virginis
1644 2797 1790 2834 alvulus

1269 2855 1380 2891 Hunc
1410 2854 1568 2901 suscipit
1600 2854 1769 2893 devotus.
