2031 3289
857 209 1166 250 —494—

545 379 626 413 3238.
663 379 720 420 (1.)
755 377 977 420 Rhythmus
1004 375 1198 411 Heri-adis
1225 375 1472 421 abbatissae,

230 446 304 483 per
329 446 442 481 quem
461 435 823 477 Hohenburgenses
848 432 1108 476 virgunculas
1134 431 1367 467 amabiliter
1394 431 1548 466 salutat
1575 431 1614 465 et
1638 431 1688 474 ad
1704 431 1791 466 veri

468 490 604 535 sponsi
630 490 747 524 fldem
772 488 1111 531 dilectionemque
1137 487 1362 523 salubriter
1386 487 1551 522 invitat.

261 588 297 626 1.
344 586 466 634 Salve,
500 584 633 622 cohors
665 582 850 630 virginum

347 639 756 687 Hohenburgiensium,

347 698 492 735 Albens
523 697 629 744 quasi
660 695 793 744 lilium,

345 757 488 793 Amans
519 753 591 790 Dei
622 751 753 790 filium.

292 885 301 895 .
349 856 491 893 Herrat
522 853 777 900 devotissima,

351 913 432 949 Tua
460 910 684 949 fidelissima

344 969 472 1006 Mater
510 971 545 1004 et
577 966 770 1013 ancillula,

350 1025 489 1063 Cantat
519 1023 588 1060 tibi
621 1022 781 1060 cantica.

261 1150 300 1165 ·.
348 1126 402 1163 Te
433 1125 573 1162 salutat
602 1124 741 1160 millies

347 1182 397 1220 Et
429 1184 584 1228 exoptat
613 1180 652 1217 in
684 1180 776 1230 dies,

347 1238 400 1276 Ut
430 1238 531 1275 laeta
563 1237 720 1274 victoria

348 1295 488 1331 Vincas
519 1293 752 1332 transitoria.

293 1426 301 1434 .
349 1396 379 1434 O
411 1395 613 1432 multorum
645 1394 853 1441 speculum,

351 1452 508 1500 Sperne,
542 1461 679 1497 sperne
711 1450 915 1497 saeculum,

351 1508 523 1546 Virtutes
555 1507 770 1555 adcumula,

351 1565 441 1602 Veri
473 1565 600 1611 sponsi
632 1564 809 1601 turmula.

296 1695 305 1705 .
352 1665 516 1703 Insistas
546 1665 751 1702 luctamine

351 1721 466 1759 Diros
496 1721 623 1759 hostes
654 1725 838 1768 sternere,

351 1778 405 1815 Te
436 1788 502 1815 rex
534 1788 661 1824 regum
693 1777 863 1825 adiuvat,

351 1834 447 1880 Quia
477 1838 515 1871 te
547 1834 751 1872 desiderat.

295 1963 304 1974 .
352 1937 442 1983 Ipse
471 1939 576 1972 tuum
607 1935 771 1972 animum

352 1992 500 2029 Firmat
530 1996 663 2029 contra
696 1991 883 2042 zabulum,

353 2049 442 2095 Ipse
473 2052 560 2095 post
590 2048 787 2085 victoriam

350 2105 469 2142 Dabit
499 2104 606 2152 regni
636 2105 809 2151 gloriam.

297 2235 304 2244 .
353 2205 407 2242 Te
439 2205 575 2242 dec-ent
607 2205 778 2251 deliciae,

350 2261 549 2299 Debentur
582 2261 750 2306 divitiae,

351 2317 438 2355 Tibi
469 2318 563 2355 caeli
595 2318 700 2355 curia

353 2373 488 2412 Servat
518 2374 617 2412 bona
648 2374 822 2421 plurima.

299 2504 307 2513 .
354 2475 528 2514 Christus
559 2479 671 2522 parat
702 2475 854 2522 nuptias

353 2531 476 2569 Miras
507 2541 577 2578 per
608 2531 779 2580 delicias,

350 2587 463 2624 Hunc
493 2592 690 2634 exspectes
721 2587 935 2635 principem

354 2644 408 2681 Te
439 2644 627 2682 servando
658 2644 857 2691 virginem.

296 2773 304 2781 .
353 2745 508 2781 Interim
539 2746 694 2783 monilia

352 2800 574 2839 Circumdes
606 2802 748 2840 nobilia

351 2855 400 2893 Et
433 2868 591 2895 exornes
623 2857 757 2895 faciem

350 2912 492 2950 Mentis
524 2925 689 2962 purgans
720 2915 852 2954 aciem.

1053 582 1117 620 10.

1056 851 1120 889 11.

1058 1120 1122 1160 12.

1059 1393 1122 1432 13.

1059 1665 1124 1702 14.

1062 1934 1126 1974 15.

1058 2203 1123 2242 16.

1061 2474 1125 2514 17.

1056 2746 1120 2785 18.

1165 580 1339 618 Christus
1370 581 1451 618 odit
1480 581 1659 627 maculas,

1164 637 1290 683 Rugas
1322 637 1467 683 spernit
1499 637 1656 683 vetulas,

1163 693 1350 730 Pulchras
1382 694 1461 731 vult
1493 693 1745 740 virgunculas,

1163 749 1310 796 Turpes
1341 749 1451 796 pellit
1482 748 1654 788 feminas,

1165 850 1263 888 Fide
1296 861 1376 888 cum
1408 854 1579 888 turturea

1167 907 1353 954 Sponsum
1383 908 1495 945 istum
1528 908 1696 956 redama,

1169 965 1221 1002 Ut
1253 967 1317 1001 tua
1348 962 1564 1001 formositas

1172 1019 1259 1056 Fiat
1289 1031 1427 1068 perpes
1460 1021 1625 1058 claritas.

1171 1121 1309 1159 Vivens
1341 1122 1422 1158 sine
1453 1120 1651 1158 fraudibus

1167 1178 1220 1215 Es
1252 1178 1440 1215 monenda
1469 1177 1660 1225 laudibus,

1170 1235 1220 1272 Ut
1254 1244 1486 1271 consummes
1516 1235 1659 1282 optima

1171 1291 1242 1327 Tui
1273 1291 1414 1337 gradus
1444 1301 1573 1337 opera.

1171 1393 1229 1430 Ne
1261 1393 1419 1430 vacilles
1450 1391 1563 1428 dubia

1171 1450 1276 1487 Inter
1308 1448 1439 1486 mundi
1469 1447 1634 1496 flumina,

1173 1506 1298 1542 Yerax
1331 1505 1433 1542 Deus
1464 1504 1633 1553 praemia

1174 1562 1346 1608 Spondet
1375 1566 1466 1608 post
1497 1561 1697 1600 curricula.

1173 1665 1309 1702 Patere
1334 1674 1434 1700 nunc
1459 1672 1596 1709 aspera

1172 1720 1303 1757 Mundi
1336 1729 1519 1766 spernens
1551 1727 1749 1766 prospera,

1171 1776 1281 1813 Nunc
1312 1776 1363 1812 sis
1396 1776 1517 1812 crucis
1549 1775 1664 1823 socia,

1170 1833 1291 1880 Regni
1323 1843 1475 1870 consors
1505 1835 1650 1878 postea.

1173 1935 1247 1972 Per
1277 1934 1348 1971 hoc
1378 1943 1481 1970 mare
1511 1933 1647 1980 naviga

1173 1991 1383 2028 Sanctitate
1414 1989 1584 2037 gravida,

1172 2047 1269 2084 Dum
1304 2047 1350 2084 de
1381 2047 1469 2083 navi
1499 2056 1624 2090 exeas,

1174 2103 1263 2140 Sion
1295 2108 1464 2140 sanctam
1495 2106 1636 2140 teneas.

1171 2203 1261 2241 Sion
1292 2204 1408 2240 turris
1441 2203 1592 2252 caelica,

1169 2260 1278 2297 Bella
1307 2264 1439 2297 tenens
1472 2260 1601 2306 astria,

1169 2316 1256 2355 Tibi
1286 2315 1354 2354 fiat
1385 2316 1498 2353 statio

1168 2373 1267 2410 Aeto
1298 2373 1398 2411 vitae
1428 2372 1564 2421 spatio.

1172 2474 1230 2512 lbi
1261 2485 1329 2512 rex
1363 2474 1551 2521 virgineus

1172 2531 1223 2568 Et
1254 2531 1401 2568 Mariae
1431 2530 1529 2567 filius

1171 2588 1417 2634 Amplectens
1447 2590 1485 2623 te
1516 2586 1699 2637 redamat,

1172 2646 1206 2681 A
1239 2653 1410 2681 maerore
1440 2643 1597 2683 relevat.

1169 2745 1455 2791 Parvipendens
1485 2744 1609 2781 omnia

1166 2802 1384 2839 Tentatoris
1415 2801 1537 2838 iacula

1166 2858 1273 2895 'l‘unc
1304 2857 1486 2905 gaudebis
1517 2856 1656 2904 iugiter

1166 2914 1369 2953 lubilando
1400 2913 1578 2951 suaviter.
