1914 3223
774 153 823 158 --
885 130 963 170 491
1027 152 1082 158 —

260 243 324 282 10.
369 242 417 280 Et
467 242 538 279 hoc
578 242 616 279 in
660 243 738 280 alta
780 254 871 281 voce
912 245 1038 292 omnia
1080 245 1265 282 elementa
1306 245 1508 282 audierunt
1549 251 1586 283 et
1626 250 1714 284 ante

99 298 101 301 ’
144 299 322 337 thronum
354 298 424 336 Dei
458 299 657 336 dixerunt:
1210 300 1214 304 ‘

261 357 326 394 11.
376 355 512 402 Waeh‚
546 355 781 393 rubicundus
813 357 965 404 sanguis
997 356 1209 394 innocentis
1241 358 1326 405 agni
1357 358 1394 395 in
1422 358 1713 406 desponsatione

142 423 210 450 sua
239 411 376 449 effusus
408 415 476 448 est.

259 469 322 506 12.
370 468 453 505 Hoc
495 468 653 506 audiant
694 478 823 505 omnes
855 468 950 506 caeli
983 472 1020 505 et
1050 470 1090 505 in
1124 481 1268 506 summa
1300 471 1526 517 symphonia
1557 471 1714 509 laudent

141 536 277 572 agnum
312 524 406 564 Dei.
443 524 530 571 quia
560 529 691 571 guttur
723 525 912 572 serpentis
943 525 1090 572 antiqui
1123 526 1161 562 in
1192 526 1275 563 istis
1307 529 1522 574 margaritis
1554 528 1712 565 materie

141 581 248 620 verbi
282 581 352 618 Dei
383 580 604 618 suffocatum
637 585 705 621 est.

706 757 788 793 335.
825 757 905 800 (12.)
942 758 1132 802 Hymnus.

257 865 292 903 1.
343 863 434 901 Cum
475 875 548 901 vox
590 863 782 910 sanguinis
815 863 980 902 Ursulae
1025 868 1061 901 et
1102 865 1314 903 innocentis
1346 866 1480 903 turbae
1512 867 1591 903 eius
1622 871 1711 904 ante

139 921 315 958 thronum
348 920 418 957 Dei
455 920 602 969 sonuit,
645 920 800 967 antiqua
838 920 1041 967 prophetia
1073 922 1176 959 venit
1207 933 1276 969 per
1308 923 1474 960 radicem
1507 923 1709 960 Mambrae

139 977 177 1015 in
210 987 300 1014 vera
331 977 546 1014 ostensione
577 976 761 1013 trinitatis
793 980 829 1013 et
862 977 980 1015 dixit:

256 1035 295 1073 2.
343 1035 420 1071 Iste
452 1034 604 1080 sanguis
636 1044 702 1070 nos
736 1033 870 1081 tangit,
902 1043 1002 1070 nunc
1033 1044 1162 1072 omnes
1193 1035 1436 1082 gaudeamus.

255 1092 291 1130 3.
338 1090 389 1128 Et
435 1094 568 1137 postea
613 1090 717 1126 venit
764 1090 1004 1137 congregatio
1049 1092 1135 1139 agni
1183 1101 1252 1138 per
1296 1092 1454 1129 arietem
1502 1094 1539 1129 in
1585 1093 1707 1141 spinis

139 1147 368 1196 pendentem
400 1151 435 1183 et
469 1147 587 1185 dixit:

255 1206 295 1242 4.
342 1204 443 1241 Laus
476 1204 524 1240 sit
555 1203 594 1239 in
626 1203 831 1240 Ierusalem
864 1213 933 1250 per
963 1203 1142 1241 ruborem
1173 1204 1283 1241 huius
1316 1205 1523 1251 sanguinis.

252 1263 290 1300 5.
337 1260 487 1298 Deinde
526 1259 629 1297 venit
668 1259 895 1296 sacrificium
928 1259 1057 1308 vituli,
1101 1261 1201 1308 quod
1232 1265 1341 1298 vetus
1373 1261 1435 1298 lex
1467 1261 1705 1309 ostendebat,

133 1315 361 1354 sacrificium
401 1317 526 1354 laudis
569 1316 849 1353 circumamicta.
890 1316 1076 1354 varietate
1107 1322 1144 1354 et
1176 1328 1271 1364 quae
1304 1318 1440 1355 faciem
1476 1318 1544 1355 Dei
1579 1318 1706 1366 Moysi

132 1373 392 1423 obnubilabat,
428 1374 580 1410 dorsum
611 1372 667 1409 illi
699 1373 916 1413 ostendens.

247 1432 284 1470 6.
331 1431 414 1468 Hoc
444 1433 531 1466 sunt
561 1429 802 1475 sacerdotes,
844 1430 908 1476 qui
939 1439 1008 1476 per
1037 1430 1186 1477 linguas
1217 1441 1303 1468 suas
1334 1430 1457 1468 Deum
1488 1431 1693 1468 ostendunt

135 1491 172 1524 et
204 1485 375 1534 perfecte
407 1497 492 1523 eum
524 1486 658 1523 videre
689 1497 762 1522 non
795 1491 965 1533 possunt.

249 1544 286 1582 7.
331 1542 383 1580 Et
415 1543 614 1580 dixerunt:
647 1542 676 1580 Ο
708 1542 945 1580 nobilissima
976 1543 1101 1592 turba,
1134 1542 1240 1590 virgo
1273 1543 1357 1592 ista,
1391 1553 1487 1590 quae
1517 1543 1556 1580 in
1583 1544 1698 1580 terris

134 1599 276 1638 Ursula
319 1605 501 1647 vocatur,
546 1599 586 1636 in
632 1599 786 1636 summis
833 1599 1006 1637 columba
1046 1600 1282 1645 nominatur,
1330 1600 1417 1646 quia
1458 1600 1699 1637 innocentem

135 1656 285 1694 turbam
316 1657 365 1694 ad
395 1667 435 1693 se
468 1655 633 1702 collegit.

249 1713 285 1752 8.
332 1713 462 1750 Turba
510 1723 666 1759 magna,
723 1723 835 1759 quam
884 1712 1143 1750 incombustus
1193 1711 1332 1759 rubus,
1384 1723 1496 1759 quem
1546 1713 1703 1761 Moyses

134 1769 305 1816 viderat,
350 1768 538 1816 significat
577 1774 615 1805 et
654 1779 765 1815 quam
808 1769 907 1806 Deus
948 1769 986 1806 in
1028 1769 1151 1816 prima
1192 1768 1321 1806 radice
1352 1770 1617 1819 plantaverat,
1667 1769 1707 1806 in

136 1826 298 1873 homine,
341 1836 451 1873 quem
483 1825 530 1862 de
560 1825 651 1862 limo
683 1823 927 1875 formaverat,
956 1830 998 1862 ut
1028 1825 1110 1862 sine
1140 1816 1406 1862 commixtione
1435 1826 1509 1863 viri
1542 1826 1702 1873 viveret,

136 1893 220 1920 cum
252 1883 462 1919 clarissima
493 1892 584 1919 voce
616 1882 793 1919 clamavit
823 1883 861 1919 in
893 1882 1096 1929 purissimo
1127 1893 1240 1931 aure,
1283 1882 1434 1929 topazio
1466 1887 1502 1919 et
1534 1882 1707 1930 saphyro

137 1939 422 1977 circumamicta
451 1939 488 1976 in
520 1949 625 1976 auro.

253 1998 291 2036 9.
340 1996 448 2033 Nunc
492 1995 682 2043 gaudeant
726 2005 854 2032 onmes
900 1994 995 2032 caeli
1040 1999 1077 2031 et
1122 2005 1251 2032 omnes
1292 1995 1447 2042 populi,
1496 2005 1579 2032 cum
1626 1995 1703 2032 illis

137 2058 330 2092 ornentur.
395 2053 530 2090 Amen.

552 2172 635 2209 336.
672 2172 752 2216 (13.)
790 2171 1035 2217 symphonia
1059 2172 1284 2216 virginum.

254 2279 290 2316 1.
337 2278 367 2317 O
409 2278 626 2315 dulcissime
666 2283 828 2323 amator,
872 2290 893 2316 o
936 2278 1153 2316 dulcissime
1184 2277 1434 2324 amplexator,
1469 2277 1608 2314 adiuva
1638 2287 1706 2314 nos

141 2334 333 2372 custodire
365 2334 623 2381 virginitatem
654 2340 836 2373 nostram.

256 2393 293 2431 2.
342 2385 419 2428 Nos
449 2402 563 2428 sunus
595 2396 700 2429 ortae
730 2392 769 2428 in
801 2393 971 2439 pulvere,
1014 2391 1099 2438 heu,
1132 2391 1216 2438 heu,
1248 2394 1285 2427 et
1315 2390 1353 2426 in
1386 2390 1541 2426 crimine
1572 2389 1704 2440 Adae3

140 2447 253 2485 valde
283 2447 417 2485 durum
450 2454 506 2484 est
539 2449 812 2498 contradicere,
846 2448 946 2495 quod
977 2447 1091 2485 habet
1123 2451 1254 2495 gustus
1276 2446 1400 2494 pomi3
1436 2451 1475 2483 tu
1498 2446 1601 2493 erige
1622 2457 1704 2495 nos,

141 2504 309 2542 salvator
341 2503 502 2544 Christe.

265 2562 302 2599 3.
348 2560 427 2598 Nos
469 2560 729 2598 desideramus
768 2561 949 2599 ardenter
989 2564 1026 2598 te
1066 2561 1193 2607 sequi3
1236 2570 1257 2596 o
1298 2569 1409 2606 quam
1448 2568 1566 2605 grave
1597 2557 1706 2595 nobis

149 2616 298 2654 miserIs
327 2621 383 2654 est
414 2621 451 2654 te
481 2617 761 2655 immaculatum
793 2622 831 2655 et
860 2619 1098 2655 innocentem
1130 2626 1254 2663 regem
1287 2615 1505 2662 augelorum
1539 2614 1703 2652 imitari!

266 2676 304 2711 4.
347 2673 489 2711 Tamen
521 2672 743 2711 confidimus
765 2675 803 2712 in
825 2679 874 2721 te,
907 2674 1006 2721 quod
1028 2679 1069 2710 tu
1091 2673 1285 2710 desideres
1308 2682 1491 2719 gemmam
1512 2671 1707 2718 requirere

141 2730 181 2766 in
213 2729 425 2776 putredine.

260 2789 297 2824 5.
344 2785 454 2823 Nunc
504 2785 732 2824 advocamus
783 2790 820 2824 te
867 2797 1047 2834 sponsum
1094 2790 1130 2822 et
1177 2784 1473 2833 consolatorem,
1529 2783 1593 2830 qui
1638 2794 1706 2821 nos

144 2841 339 2880 redemisti
369 2842 406 2879 in
439 2852 561 2881 cruce.
