1914 3223
765 187 1068 229 —415—

629 300 687 331 vl.
725 300 784 331 De
819 291 999 342 Spirit'u
1033 302 1212 333 Sancto.

220 354 418 387 Paraclitus
445 356 632 394 increatus,
1039 359 1160 398 Qualis
1188 364 1296 401 pater,
1323 359 1404 390 talis
1432 363 1545 398 uatus,

219 400 341 441 Neque
367 400 479 432 factus
504 411 616 442 neque
641 404 756 438 natus,
973 401 1013 435 10
1035 404 1135 435 -Talis
1163 406 1343 446 utriusque
1370 404 1482 436 flatus.

219 445 318 477 Patri
343 455 486 477 consors
511 447 701 488 genitoque
1038 449 1142 480 Pater
1167 450 1266 487 alter,
1293 450 1352 481 sed
1378 449 1567 491 gignendo,

223 491 281 523 Sic
307 491 463 532 procedit
488 491 532 523 ab
559 495 716 533 utroque,
1038 494 1149 525 Natus
1176 494 1275 533 alter,
1302 495 1362 526 scd
1388 495 1574 533 nascendo,

175 534 198 567 5
222 536 274 567 Ne
300 537 346 568 sit
370 537 485 568 minor
509 541 700 578 protestate
1038 539 1183 571 Flamen
1209 540 1252 571 ab
1279 540 1332 571 his
1360 540 1592 581 procedendo,

222 581 286 612 Vel
313 581 484 613 discretus
509 584 704 614 maiestate.
1037 584 1124 616 Tres
1150 589 1231 616 sunt
1254 596 1359 616 unum
1387 585 1628 624 sul›sistend‹›;

226 626 386 664 Quantus
413 631 520 669 pater,
547 631 665 659 tantus
690 630 804 668 natus,
978 626 1018 660 15
1044 630 1200 670 Quisque
1225 631 1329 661 trium
1357 631 1479 672 plenus
1506 631 1611 668 Deus,

223 672 357 704 Tantus
382 674 563 715 utriusque
587 673 708 712 flatus;
1044 675 1122 706 Non
1149 679 1218 707 tres
1243 676 1290 713 di,
1316 676 1375 707 sed
1401 686 1490 708 uuus
1515 677 1622 708 Deus.

584 765 661 796 VII.
699 765 760 796 De
793 765 885 796 Deo
919 765 1041 796 trino
1075 768 1116 796 et
1146 776 1239 796 uno.

221 832 260 863 lu
288 832 354 863 hoc
378 842 447 863 uno
474 833 548 864 Deo
574 843 656 864 vero
1042 833 1141 865 Unus
1166 835 1272 865 trium
1296 835 1440 866 verbum
1468 836 1578 876 patris

220 876 279 909 Sic
304 880 373 909 tres
399 888 506 909 unum
531 888 705 917 assevero,
973 874 1016 909 20
1042 879 1098 910 Fit
1123 889 1183 920 per
1207 879 1326 911 flatum
1352 890 1432 911 caro
1459 880 1590 911 matris.

218 922 269 954 Ut
292 924 391 954 usiae
415 925 584 955 unitatem
1040 925 1155 963 Pater,
1182 924 1275 956 filius
1302 935 1342 956 ac
1367 935 1502 962 munus,

220 967 267 999 Et
292 969 450 1009 personis
475 969 666 1000 trinitatem
1039 969 1125 1000 Tres
1152 980 1321 1011 personae
1348 971 1442 1001 Deus
1468 979 1576 1010 unus·.

174 1010 196 1044 5
222 1013 411 1056 Assignare
437 1025 507 1046 non
532 1014 725 1053 formidem,
1039 1014 1140 1047 Unde
1167 1016 1261 1047 Deus
1287 1019 1356 1047 tres
1384 1025 1552 1057 personae

219 1058 304 1090 Cum
331 1061 379 1090 sit
403 1060 516 1091 trinus
541 1070 632 1092 unus
658 1059 762 1092 idem.
1039 1061 1131 1092 Vera
1157 1064 1237 1092 sunt
1263 1061 1491 1092 confessione.

219 1105 260 1136 In
286 1105 445 1146 personis
470 1105 569 1136 nulla
594 1107 699 1147 prior,
972 1101 1015 1136 25
1039 1105 1126 1137 Tres
1152 1105 1188 1137 hi
1214 1106 1326 1138 tribus
1352 1107 1389 1137 in
1414 1107 1572 1147 personis

220 1149 327 1181 Nulla
352 1151 475 1189 minor,
500 1151 598 1183 nulla
623 1152 746 1190 maior,
1040 1152 1157 1184 Unum
1182 1150 1248 1183 fide
1274 1152 1433 1189 rationis,

223 1196 464 1237 Unaquaeque
490 1206 626 1238 semper
650 1197 738 1238 ipsa,
1040 1196 1121 1229 Una
1145 1198 1249 1228 trium
1276 1200 1330 1228 est
1352 1198 1442 1229 usia-

151 1237 194 1272 10
219 1240 279 1273 Sic
304 1244 356 1272 est
380 1244 544 1273 constans
571 1245 674 1284 atque
699 1241 778 1281 fixa,
1039 1243 1140 1275 Unus
1165 1244 1271 1273 trium
1297 1242 1338 1274 de
1364 1242 1490 1273 Maria.

222 1286 267 1317 Ut
292 1297 355 1318 nec
381 1288 417 1318 in
443 1297 478 1318 se
503 1289 659 1319 varietur
1040 1288 1119 1320 Una
1145 1289 1248 1319 trium
1273 1297 1343 1319 non
1368 1296 1528 1329 persona,

218 1331 290 1363 Nec
315 1333 353 1363 in
377 1332 485 1364 ullam
510 1336 772 1364 transmutetur.
970 1328 1015 1363 30
1040 1333 1108 1365 Sed
1133 1336 1259 1364 natura
1283 1332 1386 1364 valde
1413 1333 1514 1370 bona,

216 1376 378 1409 Summus
404 1381 511 1419 pater,
538 1388 692 1410 summus
717 1382 832 1417 natus,
1038 1377 1178 1410 Summe
1203 1379 1306 1418 bona,
1334 1388 1505 1409 summum
1532 1377 1672 1415 bonum,

217 1422 379 1454 Summus
404 1424 587 1464 utriusque
611 1424 725 1461 θείης,
1037 1424 1078 1455 Iu
1104 1434 1172 1465 quo
1197 1423 1288 1455 nihil
1314 1424 1527 1464 passionum.

149 1464 191 1500 15
216 1467 265 1499 Hi
291 1471 362 1500 tres
388 1478 477 1500 unus
504 1479 657 1500 summus
683 1469 790 1508 Deus,
1038 1468 1119 1500 Una
1144 1470 1249 1500 trium
1275 1472 1328 1500 est
1352 1472 1488 1505 natura,

216 1512 314 1545 Unus
340 1515 444 1545 trium
470 1513 698 1546 homo-Deus.
1037 1514 1164 1545 Nullus
1189 1515 1293 1545 trium
1319 1517 1489 1553 creatura,

215 1559 330 1597 Pater,
355 1559 511 1598 verbum,
538 1569 636 1591 sacer
659 1560 775 1597 flatus,
968 1556 1012 1591 35
1037 1560 1139 1591 Licet
1163 1570 1252 1590 unus
1278 1560 1382 1590 trium
1407 1562 1510 1590 natus

217 1603 303 1636 Tres
329 1608 411 1636 sunt
435 1615 524 1636 unus
550 1607 770 1647 potentatus3
1039 1604 1093 1637 Sit
1118 1615 1159 1636 ex
1184 1608 1292 1636 matre
1320 1607 1532 1646 procreatus.

365 1695 462 1727 VIII.
501 1696 624 1735 Quod
659 1695 870 1728 Christus
904 1697 965 1726 sit
996 1696 1141 1727 tertia
1173 1696 1210 1727 in
1242 1696 1454 1727 trinitate

648 1758 856 1794 persona,
889 1762 973 1783 non
1005 1755 1177 1794 quarta.

219 1820 390 1859 Christus,
414 1820 555 1852 clausae
580 1821 701 1851 matris
727 1823 858 1861 partus,
1035 1821 1151 1851 Homo
1177 1817 1284 1851 verbi'
1300 1819 1436 1850 unitate

219 1866 299 1897 Non
323 1876 399 1897 cum
425 1866 538 1897 tribus
563 1869 616 1897 est
639 1868 678 1897 ut
703 1868 858 1906 quartus,
1036 1865 1138 1897 Unus
1164 1869 1217 1896 est
1242 1864 1282 1896 de
1312 1865 1482 1895 trinitate.

218 1910 287 1943 Sed
313 1921 355 1942 ex
380 1911 492 1943 tribus
517 1911 622 1942 trium
647 1921 748 1942 unus,
1036 1911 1122 1942 Tres
1149 1919 1317 1951 personae
1343 1907 1566 1951 principales,

216 1956 303 1988 Tres
328 1955 364 1987 hi
390 1959 501 1998 pater,
525 1960 640 1994 natus,
666 1966 804 1988 munus,
1037 1956 1261 1993 Coaeternae,
1287 1953 1507 1995 coaequales,

171 1999 193 2033 5
217 2002 302 2034 Tres
331 2005 411 2033 sunt
435 2005 544 2043 pater,
570 2004 684 2040 natus,
711 2011 848 2039 munus,
972 1998 1012 2033 15
1037 2001 1133 2032 Deus
1158 2011 1258 2038 unus,
1285 2001 1381 2032 Deus
1406 2001 1529 2036 trinus,

216 2047 332 2079 Homo
360 2048 455 2079 Deus
480 2048 585 2078 trium
609 2057 710 2084 unus,
1036 2046 1133 2078 Nihil
1163 2047 1288 2084 maius,
1313 2044 1402 2076 nihil
1428 2045 1553 2076 minus.

215 2092 330 2124 Divae
355 2093 477 2124 matris
502 2092 604 2124 divus
630 2095 760 2134 partus,
1034 2092 1075 2123 In
1101 2092 1167 2123 hac
1193 2092 1285 2122 trina
1310 2092 1456 2127 unitate,

217 2138 318 2170 Unus
343 2138 460 2175 trium,
486 2137 604 2169 nullus
629 2140 785 2179 quartus.
1035 2138 1077 2169 In
1102 2137 1168 2168 hac
1192 2146 1262 2168 una
1286 2137 1445 2167 trinitate

215 2183 295 2216 Una
319 2184 425 2215 trium
451 2193 677 2224 personarum
1035 2183 1151 2214 Patris
1177 2191 1300 2214 manus
1325 2184 1430 2222 atque
1456 2190 1580 2211 munus

151 2225 194 2260 10
217 2229 333 2260 Homo
358 2238 502 2270 compar
526 2232 579 2260 cst
603 2228 761 2266 duarum,
969 2225 1012 2260 20
1036 2228 1102 2259 Est
1127 2238 1205 2259 cum
1230 2230 1327 2269 patre
1353 2224 1447 2258 Deus
1472 2235 1572 2256 unus.

198 2319 261 2351 IX.
299 2319 423 2359 Quod
455 2318 670 2351 Christus
701 2320 746 2350 in
778 2319 959 2351 naturis
995 2318 1166 2350 duabus
1199 2327 1279 2349 una
1313 2318 1373 2348 sit
1405 2324 1606 2358 persona.

212 2386 367 2420 Verbum
392 2396 472 2418 caro
498 2390 579 2418 sunt
602 2387 703 2418 uuita
987 2384 1007 2417 5
1032 2387 1130 2418 Haec
1155 2388 1188 2417 et
1210 2385 1295 2417 haec
1322 2388 1373 2416 est
1399 2394 1441 2415 ex
1466 2382 1600 2414 duobus

216 2431 314 2464 Sicut
339 2441 423 2464 auro
449 2432 650 2474 margarita,
1032 2431 1079 2463 Et
1106 2434 1285 2472 permanet
1310 2431 1346 2461 in
1372 2428 1552 2467 ambobus,

212 2478 294 2510 Una
318 2476 357 2509 fit
382 2488 423 2509 ex
447 2477 502 2509 his
528 2487 668 2515 corona,
1034 2478 1114 2509 Una
1141 2480 1257 2507 tamen
1281 2479 1334 2507 est
1359 2479 1506 2514 utraque

212 2522 294 2555 Una
319 2523 370 2554 sic
395 2533 436 2554 ex
461 2522 516 2554 his
540 2532 700 2563 persona.
1034 2522 1127 2554 Vera
1151 2521 1217 2553 fide
1243 2528 1503 2562 usquequaque.

439 2613 482 2644 X.
521 2613 582 2644 De
614 2612 850 2654 personali
883 2614 923 2645 et
953 2611 1158 2644 naturali
1191 2611 1363 2642 unione.

213 2681 294 2713 Una
318 2681 431 2722 magis
456 2677 544 2712 haec
568 2690 717 2722 persona
1032 2679 1215 2710 Adunatus
1243 2679 1278 2709 in
1304 2686 1464 2718 persona,

216 2727 327 2766 Quam
353 2726 399 2757 sit
423 2735 493 2757 una
517 2725 603 2758 haec
627 2735 767 2767 corona,
1031 2725 1110 2756 Nou
1135 2727 1335 2764 compactus
1360 2725 1399 2753 ut
1423 2730 1563 2753 corona.

214 2771 296 2803 Una
319 2770 406 2802 haec
431 2775 483 2802 est
507 2772 646 2810 unione,
1031 2769 1126 2801 Unio
1152 2768 1237 2800 haec
1265 2766 1459 2809 personalis

213 2816 294 2849 Una
319 2815 404 2848 haec
427 2817 628 2848 conexione.
964 2812 1005 2847 10
1030 2814 1075 2846 Et
1101 2815 1240 2846 omnino
1267 2811 1447 2850 naturalis,

167 2860 190 2894 5
214 2862 342 2894 Factor
365 2861 477 2893 factus
502 2865 555 2894 est
579 2862 714 2893 factura
1031 2860 1098 2891 Illa
1122 2869 1235 2900 neque
1260 2857 1432 2889 naturalis

212 2907 420 2940 Geminatus
447 2907 483 2938 in
506 2910 642 2944 natura,
1031 2906 1103 2936 Nec
1129 2905 1271 2936 omnino
1298 2902 1503 2945 personalis.
