2031 3289
956 215 1261 257 -252—

421 337 502 373 263.
537 338 618 380 (14.)
654 338 711 373 De
737 339 876 373 sancto
903 339 1087 384 ingone,
1114 340 1261 375 abbate
1288 340 1555 386 cluniacensi,
1581 341 1804 386 rhythmus.

565 423 600 460 1.
633 423 754 470 Hug0,
788 422 872 468 pius
903 426 1024 469 pater,
1058 423 1180 460 clarus
1213 425 1390 471 prosapia

631 479 781 522 Exstat,
814 479 1046 525 praeclarior
1077 479 1256 516 virtutum
1287 481 1423 526 gratia,

633 535 789 571 Clausus
821 535 945 571 adhuc
975 535 1067 572 latet
1099 536 1228 572 matris
1260 537 1297 572 in
1329 542 1448 585 utero,

632 592 805 628 lmmolat
836 591 994 628 hostiam
1026 602 1134 628 sacer
1164 603 1233 639 pro
1264 603 1393 639 puero.

565 684 601 720 2.
636 682 753 719 Index
782 682 819 718 in
853 682 970 718 calice
1000 682 1124 728 magni
1154 683 1326 719 miraculi

632 740 760 785 Imago
792 738 958 774 cernitur
989 739 1106 785 ipsius
1138 739 1300 787 parvuli,

632 795 670 831 Si
702 800 857 841 quaerat
888 795 1036 842 aliquis,
1069 795 1160 843 quid
1192 796 1282 832 inde
1313 797 1485 845 sentiam,

635 852 854 898 Praesignat
887 851 1010 888 hostia
1041 850 1168 889 futura
1199 852 1373 890 hostiam.

566 943 603 981 3.
637 942 737 978 Hinc
767 952 861 987 puer
892 942 1060 978 nascitur
1091 946 1127 978 et
1158 948 1267 978 natus
1298 943 1424 987 alitur,

630 998 779 1036 Aetatis
810 998 944 1035 ordine
975 999 1073 1034 vires
1104 999 1329 1046 assequitur,

633 1054 809 1101 Corporis
842 1054 984 1091 viribus
1015 1058 1072 1090 sat
1103 1055 1330 1092 iuvenilibus

633 1111 797 1149 Ardenti
829 1111 955 1148 studio
987 1111 1112 1148 studet
1144 1111 1360 1150 virtutibus.

567 1205 603 1242 4.
638 1201 850 1239 contemnit
882 1202 1073 1238 saeculum
1107 1207 1142 1238 et
1174 1202 1252 1238 eius
1283 1203 1421 1247 gaudia

633 1259 870 1305 Cognoscens
901 1259 1025 1294 omnia
1055 1258 1129 1295 cito
1159 1258 1337 1300 labentia,

634 1315 780 1352 Mundo
811 1315 1012 1361 renuntiat,
1045 1325 1085 1351 se
1113 1315 1195 1351 Deo
1226 1315 1356 1358 sociat,

633 1372 695 1408 Sic
725 1375 864 1408 terram
897 1370 1043 1418 fugiens
1075 1372 1178 1408 caelo
1208 1372 1422 1419 adpropiat.

569 1465 605 1501 5.
639 1462 777 1499 Divino
809 1462 1046 1507 postmodum
1079 1460 1240 1499 adflatus
1271 1463 1408 1509 spiritu

636 1519 786 1556 Mutato
818 1523 970 1564 pectore
1002 1523 1169 1555 mutatur
1199 1518 1343 1566 habitu,

634 1576 739 1611 Intra
771 1575 958 1611 dominica
990 1582 1115 1612 manet
1145 1575 1259 1612 ovilia

637 1631 778 1669 Christi
811 1642 891 1667 cum
923 1632 1056 1668 ovibus
1087 1633 1166 1668 ovis
1199 1632 1361 1681 egregia.

572 1726 607 1762 6.
643 1723 810 1760 Pastoris
842 1722 994 1759 nutibus
1026 1723 1179 1760 oboedit
1210 1723 1342 1760 sedula

636 1779 699 1816 Nil
731 1780 862 1816 horum
894 1780 1091 1826 praeterit,
1123 1790 1218 1826 quae
1249 1779 1351 1816 iubet
1384 1781 1525 1828 regula,

635 1836 741 1875 Forti
773 1836 966 1873 conamine
997 1837 1116 1873 calcat
1148 1836 1364 1882 superbiam

636 1894 679 1929 In
711 1893 897 1939 sapientia
929 1893 1081 1930 vincens
1114 1893 1308 1931 malitiam.

570 1985 605 2022 7.
639 1984 742 2020 Tulit
772 1984 939 2021 iustitiae
970 1988 1137 2020 sanctam
1171 1984 1344 2033 esuriem,

637 2041 790 2077 Beatam
823 2041 992 2087 sequitur
1024 2040 1165 2077 Christi
1197 2041 1427 2088 pauperiem.

637 2098 821 2134 Processu
851 2098 1032 2144 temporis
1065 2107 1238 2134 crescens
1271 2098 1472 2135 virtutibus

636 2155 732 2200 Ipsis
764 2155 941 2200 apparuit
974 2154 1170 2192 mirandus
1202 2154 1364 2193 senibus,

571 2247 608 2283 8.
640 2246 785 2282 Mundo
817 2245 889 2281 iam
922 2251 1089 2282 mortuus
1121 2245 1271 2283 Christo
1303 2256 1342 2282 se
1374 2246 1503 2282 vivere

639 2302 777 2339 Sancto
808 2302 1031 2338 mortalibus
1064 2302 1297 2339 demonstrat
1327 2313 1464 2351 opere,

636 2359 735 2395 Hinc
767 2363 897 2405 pastor
928 2359 1097 2407 moritur,
1128 2359 1207 2395 ovis
1242 2358 1472 2408 praeficitur,

630 2416 797 2453 Pastoris
829 2421 979 2452 strenue
1008 2416 1109 2451 vices
1142 2416 1369 2461 exsequitur.

571 2509 607 2544 9.
640 2507 785 2543 Edocet
818 2506 989 2542 subditos
1021 2506 1146 2542 verbis
1178 2511 1213 2543 et
1245 2506 1393 2544 actibus

637 2563 684 2600 Se
718 2563 861 2600 donans
892 2562 1082 2608 specimen
1111 2562 1290 2599 bonorum
1323 2562 1508 2608 omnibus,

639 2620 752 2656 Dirus
783 2620 831 2656 ad
864 2620 1009 2656 scelera
1040 2620 1339 2657 misericorditer

640 2676 848 2722 Utrumque
879 2680 1094 2722 temperans
1125 2676 1165 2712 fit
1197 2687 1337 2722 aequus
1368 2675 1524 2714 arbiter.

547 2768 608 2804 10.
643 2767 692 2804 Ut
726 2767 892 2813 prudens
925 2766 1090 2803 medicus
1122 2771 1303 2813 perunget
1336 2767 1527 2814 languida,

641 2827 742 2870 Quae
774 2824 875 2859 salus
906 2823 1033 2862 abicit.
1066 2823 1251 2869 praecidit
1285 2823 1450 2870 putrida,

642 2880 722 2917 Non
756 2881 860 2916 illum
895 2880 1026 2916 extulit
1059 2880 1168 2916 sedes
1200 2880 1383 2926 superior,

640 2937 709 2983 Qui
741 2941 863 2973 mente
895 2942 1089 2983 permanet
1121 2938 1264 2973 cunctis
1296 2935 1467 2975 inferior.
