<?xml version="1.0" encoding="UTF-8"?>
<!DOCTYPE html PUBLIC "-//W3C//DTD XHTML 1.0 Transitional//EN"
    "http://www.w3.org/TR/xhtml1/DTD/xhtml1-transitional.dtd">
<html xmlns="http://www.w3.org/1999/xhtml" xml:lang="en" lang="en">
 <head>
  <title>
</title>
<meta http-equiv="Content-Type" content="text/html;charset=utf-8" />
  <meta name='ocr-system' content='tesseract 3.04.00' />
  <meta name='ocr-capabilities' content='ocr_page ocr_carea ocr_par ocr_line ocrx_word'/>
</head>
<body>
  <div class='ocr_page' id='page_1' title='image "./hymnographilatin01drevuoft_1152.png"; bbox 0 0 2031 3289; ppageno 0'>
   <div class='ocr_carea' id='block_1_1' title="bbox 915 181 1225 222">
    <p class='ocr_par' dir='ltr' id='par_1_1' title="bbox 915 181 1225 222">
     <span class='ocr_line' id='line_1_1' title="bbox 915 181 1225 222; baseline -0.006 1"><span class='ocrx_word' id='word_1_1' title='bbox 915 181 1225 222; x_wconf 84' lang='lat'>—594—</span> 
     </span>
    </p>
   </div>
   <div class='ocr_carea' id='block_1_2' title="bbox 295 291 1860 648">
    <p class='ocr_par' dir='ltr' id='par_1_2' title="bbox 295 291 1860 648">
     <span class='ocr_line' id='line_1_2' title="bbox 382 291 1853 337; baseline -0.001 -12"><span class='ocrx_word' id='word_1_2' title='bbox 382 295 460 337; x_wconf 87' lang='lat' dir='ltr'>Vgl.</span> <span class='ocrx_word' id='word_1_3' title='bbox 494 295 555 326; x_wconf 90' lang='lat' dir='ltr'><strong>das</strong></span> <span class='ocrx_word' id='word_1_4' title='bbox 580 295 734 327; x_wconf 87' lang='lat' dir='ltr'><strong>Weitere</strong></span> <span class='ocrx_word' id='word_1_5' title='bbox 758 295 860 326; x_wconf 80' lang='lat' dir='ltr'><strong>Anal.</strong></span> <span class='ocrx_word' id='word_1_6' title='bbox 885 295 926 331; x_wconf 88' lang='lat' dir='ltr'><strong>V,</strong></span> <span class='ocrx_word' id='word_1_7' title='bbox 962 292 1003 325; x_wconf 88' lang='grc'><strong>19</strong></span> <span class='ocrx_word' id='word_1_8' title='bbox 1028 303 1114 335; x_wconf 88' lang='lat' dir='ltr'>sqq.,</span> <span class='ocrx_word' id='word_1_9' title='bbox 1139 303 1192 324; x_wconf 87' lang='lat' dir='ltr'><strong>wo</strong></span> <span class='ocrx_word' id='word_1_10' title='bbox 1216 293 1291 324; x_wconf 83' lang='lat' dir='ltr'><strong>dies</strong></span> <span class='ocrx_word' id='word_1_11' title='bbox 1319 291 1466 324; x_wconf 83' lang='lat' dir='ltr'><strong>Officum</strong></span> <span class='ocrx_word' id='word_1_12' title='bbox 1490 291 1706 334; x_wconf 83' lang='lat' dir='ltr'><strong>abgedruckt</strong></span> <span class='ocrx_word' id='word_1_13' title='bbox 1728 293 1784 324; x_wconf 91' lang='lat' dir='ltr'><strong>ist.</strong></span> <span class='ocrx_word' id='word_1_14' title='bbox 1810 310 1853 315; x_wconf 90' lang='lat'>—</span> 
     </span>
     <span class='ocr_line' id='line_1_3' title="bbox 296 337 1854 382; baseline -0.003 -10"><span class='ocrx_word' id='word_1_15' title='bbox 296 341 346 372; x_wconf 88' lang='lat' dir='ltr'><strong>Zu</strong></span> <span class='ocrx_word' id='word_1_16' title='bbox 375 341 441 372; x_wconf 89' lang='lat' dir='ltr'><strong>den</strong></span> <span class='ocrx_word' id='word_1_17' title='bbox 474 340 551 371; x_wconf 86' lang='lat' dir='ltr'><strong>dort</strong></span> <span class='ocrx_word' id='word_1_18' title='bbox 581 340 811 382; x_wconf 84' lang='lat' dir='ltr'><strong>mitgeteilten</strong></span> <span class='ocrx_word' id='word_1_19' title='bbox 836 339 983 379; x_wconf 85' lang='lat' dir='ltr'><strong>Quellen</strong></span> <span class='ocrx_word' id='word_1_20' title='bbox 1017 339 1134 370; x_wconf 71' lang='lat' dir='ltr'><strong>waren</strong></span> <span class='ocrx_word' id='word_1_21' title='bbox 1161 337 1434 378; x_wconf 83' lang='lat' dir='ltr'><strong>hinzuzuffigen:</strong></span> <span class='ocrx_word' id='word_1_22' title='bbox 1469 337 1612 369; x_wconf 88' lang='lat' dir='ltr'><strong>Collect.</strong></span> <span class='ocrx_word' id='word_1_23' title='bbox 1637 347 1700 369; x_wconf 88' lang='lat' dir='ltr'><strong>ms.</strong></span> <span class='ocrx_word' id='word_1_24' title='bbox 1725 337 1854 368; x_wconf 86' lang='lat' dir='ltr'><strong>Cantu-</strong></span> 
     </span>
     <span class='ocr_line' id='line_1_4' title="bbox 297 380 1852 417; baseline -0.001 0"><span class='ocrx_word' id='word_1_25' title='bbox 297 387 433 417; x_wconf 81' lang='lat' dir='ltr'><strong>ariense</strong></span> <span class='ocrx_word' id='word_1_26' title='bbox 458 386 540 416; x_wconf 87' lang='lat' dir='ltr'><strong>anni</strong></span> <span class='ocrx_word' id='word_1_27' title='bbox 570 383 666 416; x_wconf 84' lang='lat'>1452.</span> <span class='ocrx_word' id='word_1_28' title='bbox 716 384 797 416; x_wconf 87' lang='lat' dir='ltr'>Cod.</span> <span class='ocrx_word' id='word_1_29' title='bbox 822 381 1022 416; x_wconf 89' lang='lat' dir='ltr'><strong>Londinen.</strong></span> <span class='ocrx_word' id='word_1_30' title='bbox 1046 384 1097 415; x_wconf 86' lang='lat' dir='ltr'><strong>Re</strong></span> <span class='ocrx_word' id='word_1_31' title='bbox 1123 405 1131 412; x_wconf 94' lang='lat'><strong>.</strong></span> <span class='ocrx_word' id='word_1_32' title='bbox 1159 380 1201 414; x_wconf 91' lang='lat'><strong>10</strong></span> <span class='ocrx_word' id='word_1_33' title='bbox 1224 383 1253 414; x_wconf 93' lang='lat' dir='ltr'>B</span> <span class='ocrx_word' id='word_1_34' title='bbox 1277 382 1338 414; x_wconf 89' lang='lat' dir='ltr'><strong>IX.</strong></span> <span class='ocrx_word' id='word_1_35' title='bbox 1364 399 1409 403; x_wconf 97' lang='lat'><strong>—</strong></span> <span class='ocrx_word' id='word_1_36' title='bbox 1424 382 1524 413; x_wconf 77' lang='lat' dir='ltr'><strong>Brev.</strong></span> <span class='ocrx_word' id='word_1_37' title='bbox 1550 391 1613 413; x_wconf 87' lang='lat' dir='ltr'><strong>ms.</strong></span> <span class='ocrx_word' id='word_1_38' title='bbox 1630 382 1852 415; x_wconf 83' lang='lat' dir='ltr'><strong>Franciscan.</strong></span> 
     </span>
     <span class='ocr_line' id='line_1_5' title="bbox 295 394 1853 470; baseline -0.003 -8"><span class='ocrx_word' id='word_1_39' title='bbox 295 440 385 462; x_wconf 85' lang='lat' dir='ltr'><strong>saec.</strong></span> <span class='ocrx_word' id='word_1_40' title='bbox 413 428 464 461; x_wconf 89' lang='lat'><strong>14.</strong></span> <span class='ocrx_word' id='word_1_41' title='bbox 512 429 596 462; x_wconf 89' lang='lat' dir='ltr'>Cod.</span> <span class='ocrx_word' id='word_1_42' title='bbox 621 429 995 470; x_wconf 82' lang='lat' dir='ltr'><strong>Claustroneoburgen.</strong></span> <span class='ocrx_word' id='word_1_43' title='bbox 1032 394 1129 460; x_wconf 50' lang='lat'>1165.</span> <span class='ocrx_word' id='word_1_44' title='bbox 1153 444 1198 449; x_wconf 95' lang='lat'>—</span> <span class='ocrx_word' id='word_1_45' title='bbox 1222 429 1323 459; x_wconf 79' lang='lat' dir='ltr'><strong>Brev.</strong></span> <span class='ocrx_word' id='word_1_46' title='bbox 1350 437 1411 458; x_wconf 87' lang='lat' dir='ltr'><strong>ms.</strong></span> <span class='ocrx_word' id='word_1_47' title='bbox 1437 419 1773 458; x_wconf 75' lang='lat' dir='ltr'><strong>Franciscan.&#39;saee-.</strong></span> <span class='ocrx_word' id='word_1_48' title='bbox 1801 424 1853 458; x_wconf 88' lang='lat'><strong>15.</strong></span> 
     </span>
     <span class='ocr_line' id='line_1_6' title="bbox 297 469 1855 508; baseline -0.002 -1"><span class='ocrx_word' id='word_1_49' title='bbox 297 475 380 508; x_wconf 92' lang='lat' dir='ltr'>Cod.</span> <span class='ocrx_word' id='word_1_50' title='bbox 405 475 556 507; x_wconf 85' lang='lat' dir='ltr'><strong>Parisin.</strong></span> <span class='ocrx_word' id='word_1_51' title='bbox 590 472 717 506; x_wconf 78' lang='lat'>13244.</span> <span class='ocrx_word' id='word_1_52' title='bbox 746 492 785 495; x_wconf 97' lang='lat'><strong>—</strong></span> <span class='ocrx_word' id='word_1_53' title='bbox 812 474 913 505; x_wconf 86' lang='lat' dir='ltr'>Brev.</span> <span class='ocrx_word' id='word_1_54' title='bbox 939 484 1001 504; x_wconf 89' lang='lat' dir='ltr'><strong>ms.</strong></span> <span class='ocrx_word' id='word_1_55' title='bbox 1026 473 1249 504; x_wconf 78' lang='lat' dir='ltr'><strong>Franciscan.</strong></span> <span class='ocrx_word' id='word_1_56' title='bbox 1275 481 1364 504; x_wconf 86' lang='lat' dir='ltr'><strong>saec.</strong></span> <span class='ocrx_word' id='word_1_57' title='bbox 1393 470 1444 503; x_wconf 87' lang='grc'><strong>15.</strong></span> <span class='ocrx_word' id='word_1_58' title='bbox 1492 471 1575 504; x_wconf 90' lang='lat' dir='ltr'>Cod.</span> <span class='ocrx_word' id='word_1_59' title='bbox 1600 472 1752 504; x_wconf 78' lang='lat' dir='ltr'><strong>Par-isin.</strong></span> <span class='ocrx_word' id='word_1_60' title='bbox 1776 469 1855 504; x_wconf 77' lang='lat'>760.</span> 
     </span>
     <span class='ocr_line' id='line_1_7' title="bbox 295 514 1856 558; baseline -0.003 -6"><span class='ocrx_word' id='word_1_61' title='bbox 295 538 339 542; x_wconf 93' lang='lat'>—</span> <span class='ocrx_word' id='word_1_62' title='bbox 372 521 474 552; x_wconf 77' lang='lat' dir='ltr'><strong>Brev.</strong></span> <span class='ocrx_word' id='word_1_63' title='bbox 505 530 568 551; x_wconf 86' lang='lat' dir='ltr'><strong>ms.</strong></span> <span class='ocrx_word' id='word_1_64' title='bbox 599 521 820 551; x_wconf 84' lang='lat' dir='ltr'><strong>Francisean.</strong></span> <span class='ocrx_word' id='word_1_65' title='bbox 855 528 944 550; x_wconf 88' lang='lat' dir='ltr'><strong>saec.</strong></span> <span class='ocrx_word' id='word_1_66' title='bbox 982 516 1034 549; x_wconf 91' lang='lat'><strong>15.</strong></span> <span class='ocrx_word' id='word_1_67' title='bbox 1083 517 1166 549; x_wconf 92' lang='lat' dir='ltr'>Cod.</span> <span class='ocrx_word' id='word_1_68' title='bbox 1201 518 1365 558; x_wconf 84' lang='lat' dir='ltr'><strong>Borgian.</strong></span> <span class='ocrx_word' id='word_1_69' title='bbox 1397 517 1434 548; x_wconf 81' lang='lat' dir='ltr'><strong>M</strong></span> <span class='ocrx_word' id='word_1_70' title='bbox 1459 517 1508 548; x_wconf 91' lang='lat' dir='ltr'><strong>VI</strong></span> <span class='ocrx_word' id='word_1_71' title='bbox 1532 514 1586 548; x_wconf 83' lang='grc'><strong>23.</strong></span> <span class='ocrx_word' id='word_1_72' title='bbox 1633 517 1763 548; x_wconf 85' lang='lat' dir='ltr'><strong>Feruer</strong></span> <span class='ocrx_word' id='word_1_73' title='bbox 1787 516 1856 549; x_wconf 85' lang='lat' dir='ltr'><strong>alle</strong></span> 
     </span>
     <span class='ocr_line' id='line_1_8' title="bbox 297 560 1860 604; baseline -0.003 -7"><span class='ocrx_word' id='word_1_74' title='bbox 297 560 723 601; x_wconf 82' lang='lat' dir='ltr'><strong>Brevierhandschriften‚</strong></span> <span class='ocrx_word' id='word_1_75' title='bbox 753 564 809 595; x_wconf 82' lang='lat' dir='ltr'><strong>die</strong></span> <span class='ocrx_word' id='word_1_76' title='bbox 842 574 885 594; x_wconf 90' lang='lat' dir='ltr'><strong>zu</strong></span> <span class='ocrx_word' id='word_1_77' title='bbox 915 563 981 594; x_wconf 90' lang='lat' dir='ltr'><strong>den</strong></span> <span class='ocrx_word' id='word_1_78' title='bbox 1015 562 1200 604; x_wconf 75' lang='lat' dir='ltr'><strong>folgenden</strong></span> <span class='ocrx_word' id='word_1_79' title='bbox 1233 562 1306 593; x_wconf 89' lang='lat' dir='ltr'><strong>drei</strong></span> <span class='ocrx_word' id='word_1_80' title='bbox 1330 563 1495 603; x_wconf 81' lang='lat' dir='ltr'><strong>Hymnen</strong></span> <span class='ocrx_word' id='word_1_81' title='bbox 1518 561 1675 593; x_wconf 85' lang='lat' dir='ltr'><strong>namhaft</strong></span> <span class='ocrx_word' id='word_1_82' title='bbox 1698 561 1860 601; x_wconf 81' lang='lat' dir='ltr'><strong>gemacht</strong></span> 
     </span>
     <span class='ocr_line' id='line_1_9' title="bbox 295 604 1855 648; baseline -0.002 -8"><span class='ocrx_word' id='word_1_83' title='bbox 295 610 443 642; x_wconf 80' lang='lat' dir='ltr'><strong>werden.</strong></span> <span class='ocrx_word' id='word_1_84' title='bbox 480 627 522 631; x_wconf 97' lang='lat'><strong>—</strong></span> <span class='ocrx_word' id='word_1_85' title='bbox 558 609 704 641; x_wconf 81' lang='lat' dir='ltr'><strong>Betreffs</strong></span> <span class='ocrx_word' id='word_1_86' title='bbox 742 609 802 640; x_wconf 88' lang='lat' dir='ltr'><strong>der</strong></span> <span class='ocrx_word' id='word_1_87' title='bbox 834 607 1059 639; x_wconf 86' lang='lat' dir='ltr'><strong>Autorschaft</strong></span> <span class='ocrx_word' id='word_1_88' title='bbox 1089 607 1284 638; x_wconf 86' lang='lat' dir='ltr'><strong>Peckhams</strong></span> <span class='ocrx_word' id='word_1_89' title='bbox 1317 607 1386 648; x_wconf 81' lang='lat' dir='ltr'>vgl.</span> <span class='ocrx_word' id='word_1_90' title='bbox 1423 606 1525 638; x_wconf 90' lang='lat' dir='ltr'><strong>Anal.</strong></span> <span class='ocrx_word' id='word_1_91' title='bbox 1558 607 1698 643; x_wconf 83' lang='lat' dir='ltr'>XXIII,</span> <span class='ocrx_word' id='word_1_92' title='bbox 1733 604 1754 637; x_wconf 92' lang='lat'>5</span> <span class='ocrx_word' id='word_1_93' title='bbox 1787 617 1855 648; x_wconf 49' lang='lat' dir='ltr'><strong>sqq</strong></span> 
     </span>
    </p>
   </div>
   <div class='ocr_carea' id='block_1_3' title="bbox 294 651 1902 693">
    <p class='ocr_par' dir='ltr' id='par_1_3' title="bbox 294 651 1902 693">
     <span class='ocr_line' id='line_1_10' title="bbox 294 651 1902 693; baseline -0.003 -6"><span class='ocrx_word' id='word_1_94' title='bbox 294 655 413 693; x_wconf 86' lang='lat' dir='ltr'>XXV,</span> <span class='ocrx_word' id='word_1_95' title='bbox 448 654 483 687; x_wconf 88' lang='lat'><strong>5:</strong></span> <span class='ocrx_word' id='word_1_96' title='bbox 516 655 648 685; x_wconf 87' lang='lat' dir='ltr'><strong>Martin</strong></span> <span class='ocrx_word' id='word_1_97' title='bbox 681 654 703 684; x_wconf 96' lang='lat' dir='ltr'><strong>l.</strong></span> <span class='ocrx_word' id='word_1_98' title='bbox 736 664 764 684; x_wconf 89' lang='lat' dir='ltr'><strong>c.</strong></span> <span class='ocrx_word' id='word_1_99' title='bbox 797 654 862 693; x_wconf 89' lang='lat'>111,</span> <span class='ocrx_word' id='word_1_100' title='bbox 887 653 1046 685; x_wconf 84' lang='lat' dir='ltr'>CXXIX.</span> <span class='ocrx_word' id='word_1_101' title='bbox 1071 669 1113 673; x_wconf 90' lang='grc'>-</span> <span class='ocrx_word' id='word_1_102' title='bbox 1139 652 1254 684; x_wconf 88' lang='lat' dir='ltr'><strong>Einen</strong></span> <span class='ocrx_word' id='word_1_103' title='bbox 1278 651 1538 683; x_wconf 82' lang='lat' dir='ltr'><strong>ausffihrlichen</strong></span> <span class='ocrx_word' id='word_1_104' title='bbox 1563 652 1790 683; x_wconf 86' lang='lat' dir='ltr'><strong>Kommentar</strong></span> <span class='ocrx_word' id='word_1_105' title='bbox 1813 662 1858 683; x_wconf 92' lang='lat' dir='ltr'><strong>zu</strong></span> <span class='ocrx_word' id='word_1_106' title='bbox 1896 652 1902 657; x_wconf 92' lang='lat'>&#39;</span> 
     </span>
    </p>
   </div>
   <div class='ocr_carea' id='block_1_4' title="bbox 295 696 1859 1011">
    <p class='ocr_par' dir='ltr' id='par_1_4' title="bbox 295 696 1859 1011">
     <span class='ocr_line' id='line_1_11' title="bbox 296 696 1858 732; baseline -0.002 -1"><span class='ocrx_word' id='word_1_107' title='bbox 296 700 426 732; x_wconf 86' lang='lat' dir='ltr'><strong>diesem</strong></span> <span class='ocrx_word' id='word_1_108' title='bbox 452 699 612 731; x_wconf 85' lang='lat' dir='ltr'><strong>Officium</strong></span> <span class='ocrx_word' id='word_1_109' title='bbox 645 698 780 730; x_wconf 81' lang='lat' dir='ltr'><strong>sehrieb</strong></span> <span class='ocrx_word' id='word_1_110' title='bbox 806 699 1014 730; x_wconf 88' lang='lat' dir='ltr'><strong>Franciscus</strong></span> <span class='ocrx_word' id='word_1_111' title='bbox 1041 696 1283 728; x_wconf 88' lang='lat' dir='ltr'><strong>Titelmannus</strong></span> <span class='ocrx_word' id='word_1_112' title='bbox 1316 700 1417 728; x_wconf 92' lang='lat' dir='ltr'><strong>unter</strong></span> <span class='ocrx_word' id='word_1_113' title='bbox 1440 696 1517 728; x_wconf 75' lang='lat' dir='ltr'><strong>dem</strong></span> <span class='ocrx_word' id='word_1_114' title='bbox 1541 696 1652 728; x_wconf 89' lang='lat' dir='ltr'><strong>Titel:</strong></span> <span class='ocrx_word' id='word_1_115' title='bbox 1684 696 1791 728; x_wconf 88' lang='lat' dir='ltr'><strong>Liber</strong></span> <span class='ocrx_word' id='word_1_116' title='bbox 1814 696 1858 728; x_wconf 86' lang='lat' dir='ltr'><strong>de</strong></span> 
     </span>
     <span class='ocr_line' id='line_1_12' title="bbox 297 740 1858 785; baseline -0.003 -9"><span class='ocrx_word' id='word_1_117' title='bbox 297 748 521 776; x_wconf 77' lang='lat' dir='ltr'><strong>sacrosancta</strong></span> <span class='ocrx_word' id='word_1_118' title='bbox 547 748 579 775; x_wconf 82' lang='lat' dir='ltr'><strong>et</strong></span> <span class='ocrx_word' id='word_1_119' title='bbox 605 743 895 785; x_wconf 80' lang='lat' dir='ltr'><strong>superbenedicta</strong></span> <span class='ocrx_word' id='word_1_120' title='bbox 917 743 1101 779; x_wconf 87' lang='lat' dir='ltr'><strong>Trinitate‚</strong></span> <span class='ocrx_word' id='word_1_121' title='bbox 1127 743 1163 773; x_wconf 91' lang='lat' dir='ltr'><strong>in</strong></span> <span class='ocrx_word' id='word_1_122' title='bbox 1187 753 1255 784; x_wconf 91' lang='lat' dir='ltr'><strong>quo</strong></span> <span class='ocrx_word' id='word_1_123' title='bbox 1281 742 1556 773; x_wconf 84' lang='lat' dir='ltr'><strong>ecclesiasticum</strong></span> <span class='ocrx_word' id='word_1_124' title='bbox 1581 740 1742 779; x_wconf 89' lang='lat' dir='ltr'><strong>officium,</strong></span> <span class='ocrx_word' id='word_1_125' title='bbox 1765 741 1858 782; x_wconf 91' lang='lat' dir='ltr'><strong>quod</strong></span> 
     </span>
     <span class='ocr_line' id='line_1_13' title="bbox 298 785 1859 830; baseline -0.003 -9"><span class='ocrx_word' id='word_1_126' title='bbox 298 791 334 821; x_wconf 94' lang='lat' dir='ltr'><strong>in</strong></span> <span class='ocrx_word' id='word_1_127' title='bbox 361 790 456 821; x_wconf 88' lang='lat' dir='ltr'><strong>illius</strong></span> <span class='ocrx_word' id='word_1_128' title='bbox 482 790 716 820; x_wconf 82' lang='lat' dir='ltr'><strong>sollemnitate</strong></span> <span class='ocrx_word' id='word_1_129' title='bbox 740 789 827 830; x_wconf 83' lang='lat' dir='ltr'><strong>legit</strong></span> <span class='ocrx_word' id='word_1_130' title='bbox 850 788 1009 820; x_wconf 88' lang='lat' dir='ltr'><strong>Romana</strong></span> <span class='ocrx_word' id='word_1_131' title='bbox 1027 787 1175 819; x_wconf 85' lang='lat' dir='ltr'><strong>ecclesia</strong></span> <span class='ocrx_word' id='word_1_132' title='bbox 1199 787 1291 818; x_wconf 87' lang='lat' dir='ltr'><strong>clare</strong></span> <span class='ocrx_word' id='word_1_133' title='bbox 1308 785 1491 827; x_wconf 86' lang='lat' dir='ltr'><strong>lucideque</strong></span> <span class='ocrx_word' id='word_1_134' title='bbox 1509 786 1728 826; x_wconf 73' lang='lat' dir='ltr'><strong>explanatur,</strong></span> <span class='ocrx_word' id='word_1_135' title='bbox 1754 786 1859 818; x_wconf 87' lang='lat' dir='ltr'><strong>simul</strong></span> 
     </span>
     <span class='ocr_line' id='line_1_14' title="bbox 299 831 1857 876; baseline -0.003 -10"><span class='ocrx_word' id='word_1_136' title='bbox 299 840 342 873; x_wconf 86' lang='lat' dir='ltr'><strong>et,</strong></span> <span class='ocrx_word' id='word_1_137' title='bbox 373 834 542 876; x_wconf 89' lang='lat' dir='ltr'><strong>quidquid</strong></span> <span class='ocrx_word' id='word_1_138' title='bbox 567 834 608 866; x_wconf 90' lang='lat' dir='ltr'><strong>de</strong></span> <span class='ocrx_word' id='word_1_139' title='bbox 633 834 696 865; x_wconf 86' lang='lat' dir='ltr'><strong>illa</strong></span> <span class='ocrx_word' id='word_1_140' title='bbox 720 833 786 865; x_wconf 87' lang='lat' dir='ltr'><strong>fide</strong></span> <span class='ocrx_word' id='word_1_141' title='bbox 811 833 998 865; x_wconf 89' lang='lat' dir='ltr'><strong>tenendum</strong></span> <span class='ocrx_word' id='word_1_142' title='bbox 1026 836 1088 870; x_wconf 86' lang='lat' dir='ltr'><strong>est,</strong></span> <span class='ocrx_word' id='word_1_143' title='bbox 1113 832 1208 863; x_wconf 86' lang='lat' dir='ltr'><strong>facili</strong></span> <span class='ocrx_word' id='word_1_144' title='bbox 1234 831 1437 873; x_wconf 81' lang='lat' dir='ltr'><strong>compendio</strong></span> <span class='ocrx_word' id='word_1_145' title='bbox 1463 833 1637 863; x_wconf 86' lang='lat' dir='ltr'><strong>succincte</strong></span> <span class='ocrx_word' id='word_1_146' title='bbox 1662 832 1857 871; x_wconf 81' lang='lat' dir='ltr'><strong>exponitur.</strong></span> 
     </span>
     <span class='ocr_line' id='line_1_15' title="bbox 295 873 1858 918; baseline -0.003 -7"><span class='ocrx_word' id='word_1_147' title='bbox 295 880 362 911; x_wconf 86' lang='lat' dir='ltr'><strong>Per</strong></span> <span class='ocrx_word' id='word_1_148' title='bbox 386 880 525 911; x_wconf 88' lang='lat' dir='ltr'><strong>fratrem</strong></span> <span class='ocrx_word' id='word_1_149' title='bbox 551 879 777 911; x_wconf 87' lang='lat' dir='ltr'><strong>Franciscum</strong></span> <span class='ocrx_word' id='word_1_150' title='bbox 801 878 1062 910; x_wconf 90' lang='lat' dir='ltr'><strong>Titelmannum</strong></span> <span class='ocrx_word' id='word_1_151' title='bbox 1086 877 1350 909; x_wconf 81' lang='lat' dir='ltr'><strong>Hassellensem</strong></span> <span class='ocrx_word' id='word_1_152' title='bbox 1375 880 1438 908; x_wconf 84' lang='lat' dir='ltr'><strong>ete.</strong></span> <span class='ocrx_word' id='word_1_153' title='bbox 1456 877 1677 918; x_wconf 83' lang='lat' dir='ltr'><strong>Antwerpiae</strong></span> <span class='ocrx_word' id='word_1_154' title='bbox 1700 873 1796 907; x_wconf 87' lang='lat'>1530.</span> <span class='ocrx_word' id='word_1_155' title='bbox 1814 894 1858 899; x_wconf 85' lang='lat'>—</span> 
     </span>
     <span class='ocr_line' id='line_1_16' title="bbox 300 921 1858 957; baseline -0.002 -1"><span class='ocrx_word' id='word_1_156' title='bbox 300 924 412 956; x_wconf 86' lang='lat' dir='ltr'><strong>Unter</strong></span> <span class='ocrx_word' id='word_1_157' title='bbox 444 925 564 957; x_wconf 76' lang='lat' dir='ltr'><strong>Sixtus</strong></span> <span class='ocrx_word' id='word_1_158' title='bbox 595 925 654 956; x_wconf 84' lang='lat' dir='ltr'><strong>IV.</strong></span> <span class='ocrx_word' id='word_1_159' title='bbox 693 924 787 955; x_wconf 73' lang='lat' dir='ltr'><strong>ward</strong></span> <span class='ocrx_word' id='word_1_160' title='bbox 818 923 880 955; x_wconf 82' lang='lat' dir='ltr'><strong>das</strong></span> <span class='ocrx_word' id='word_1_161' title='bbox 913 922 1074 954; x_wconf 87' lang='lat' dir='ltr'>Officium</span> <span class='ocrx_word' id='word_1_162' title='bbox 1104 922 1300 953; x_wconf 85' lang='lat' dir='ltr'><strong>Peckhams</strong></span> <span class='ocrx_word' id='word_1_163' title='bbox 1333 923 1388 953; x_wconf 89' lang='lat' dir='ltr'><strong>ins</strong></span> <span class='ocrx_word' id='word_1_164' title='bbox 1413 921 1584 954; x_wconf 70' lang='lat' dir='ltr'><strong>rtimische</strong></span> <span class='ocrx_word' id='word_1_165' title='bbox 1608 921 1752 953; x_wconf 85' lang='lat' dir='ltr'><strong>Brevier</strong></span> <span class='ocrx_word' id='word_1_166' title='bbox 1784 921 1858 953; x_wconf 87' lang='lat' dir='ltr'><strong>auf-</strong></span> 
     </span>
     <span class='ocr_line' id='line_1_17' title="bbox 298 967 1306 1011; baseline -0.003 -10"><span class='ocrx_word' id='word_1_167' title='bbox 298 979 514 1011; x_wconf 87' lang='lat' dir='ltr'><strong>genommen,</strong></span> <span class='ocrx_word' id='word_1_168' title='bbox 540 973 641 1000; x_wconf 88' lang='lat' dir='ltr'><strong>unter</strong></span> <span class='ocrx_word' id='word_1_169' title='bbox 664 969 750 1000; x_wconf 92' lang='lat' dir='ltr'><strong>Pius</strong></span> <span class='ocrx_word' id='word_1_170' title='bbox 774 969 816 999; x_wconf 68' lang='lat' dir='ltr'><strong>V.</strong></span> <span class='ocrx_word' id='word_1_171' title='bbox 843 968 970 1000; x_wconf 89' lang='lat' dir='ltr'><strong>daraus</strong></span> <span class='ocrx_word' id='word_1_172' title='bbox 994 967 1124 999; x_wconf 80' lang='lat' dir='ltr'><strong>wieder</strong></span> <span class='ocrx_word' id='word_1_173' title='bbox 1148 967 1306 999; x_wconf 83' lang='lat' dir='ltr'><strong>entfernt.</strong></span> 
     </span>
    </p>
   </div>
   <div class='ocr_carea' id='block_1_5' title="bbox 679 1143 1473 1256">
    <p class='ocr_par' dir='ltr' id='par_1_5' title="bbox 679 1143 1473 1256">
     <span class='ocr_line' id='line_1_18' title="bbox 679 1143 1473 1189; baseline -0.005 -8"><span class='ocrx_word' id='word_1_174' title='bbox 679 1146 760 1183; x_wconf 81' lang='lat'>391.</span> <span class='ocrx_word' id='word_1_175' title='bbox 798 1146 858 1189; x_wconf 80' lang='lat'>(2.)</span> <span class='ocrx_word' id='word_1_176' title='bbox 897 1146 955 1181; x_wconf 86' lang='lat' dir='ltr'><strong>De</strong></span> <span class='ocrx_word' id='word_1_177' title='bbox 981 1145 1237 1181; x_wconf 86' lang='lat' dir='ltr'><strong>sanctissima</strong></span> <span class='ocrx_word' id='word_1_178' title='bbox 1261 1143 1473 1180; x_wconf 77' lang='lat' dir='ltr'><strong>Trinitate.</strong></span> 
     </span>
     <span class='ocr_line' id='line_1_19' title="bbox 946 1215 1208 1256; baseline -0.004 -10"><span class='ocrx_word' id='word_1_179' title='bbox 946 1215 1001 1246; x_wconf 90' lang='lat' dir='ltr'><strong>Ad</strong></span> <span class='ocrx_word' id='word_1_180' title='bbox 1025 1215 1208 1256; x_wconf 83' lang='lat' dir='ltr'><strong>Vesperas.</strong></span> 
     </span>
    </p>
   </div>
   <div class='ocr_carea' id='block_1_6' title="bbox 298 1313 1855 2099">
    <p class='ocr_par' dir='ltr' id='par_1_6' title="bbox 300 1313 1776 1527">
     <span class='ocr_line' id='line_1_20' title="bbox 300 1313 1776 1363; baseline -0.005 -5"><span class='ocrx_word' id='word_1_181' title='bbox 300 1321 337 1360; x_wconf 90' lang='lat'><strong>1.</strong></span> <span class='ocrx_word' id='word_1_182' title='bbox 383 1320 427 1357; x_wconf 92' lang='lat' dir='ltr'><strong>In</strong></span> <span class='ocrx_word' id='word_1_183' title='bbox 455 1318 664 1356; x_wconf 80' lang='lat' dir='ltr'><strong>maiestatis</strong></span> <span class='ocrx_word' id='word_1_184' title='bbox 695 1318 789 1355; x_wconf 90' lang='lat' dir='ltr'><strong>solio</strong></span> <span class='ocrx_word' id='word_1_185' title='bbox 1111 1319 1149 1355; x_wconf 89' lang='lat'><strong>4.</strong></span> <span class='ocrx_word' id='word_1_186' title='bbox 1195 1317 1279 1354; x_wconf 91' lang='lat' dir='ltr'><strong>Hoc</strong></span> <span class='ocrx_word' id='word_1_187' title='bbox 1309 1315 1487 1363; x_wconf 83' lang='lat' dir='ltr'><strong>gaudium</strong></span> <span class='ocrx_word' id='word_1_188' title='bbox 1518 1319 1573 1351; x_wconf 86' lang='lat' dir='ltr'><strong>est</strong></span> <span class='ocrx_word' id='word_1_189' title='bbox 1605 1313 1776 1361; x_wconf 87' lang='lat' dir='ltr'><strong>spiritus,</strong></span> 
     </span>
     <span class='ocr_line' id='line_1_21' title="bbox 384 1370 1760 1424; baseline -0.004 -11"><span class='ocrx_word' id='word_1_190' title='bbox 384 1376 481 1413; x_wconf 90' lang='lat' dir='ltr'><strong>Tres</strong></span> <span class='ocrx_word' id='word_1_191' title='bbox 512 1375 649 1414; x_wconf 86' lang='lat' dir='ltr'><strong>sedent</strong></span> <span class='ocrx_word' id='word_1_192' title='bbox 677 1374 717 1411; x_wconf 90' lang='lat' dir='ltr'><strong>in</strong></span> <span class='ocrx_word' id='word_1_193' title='bbox 748 1374 926 1424; x_wconf 88' lang='lat' dir='ltr'><strong>triclinio,</strong></span> <span class='ocrx_word' id='word_1_194' title='bbox 1197 1373 1278 1418; x_wconf 88' lang='lat' dir='ltr'><strong>Quo</strong></span> <span class='ocrx_word' id='word_1_195' title='bbox 1308 1372 1411 1419; x_wconf 88' lang='lat' dir='ltr'><strong>patri</strong></span> <span class='ocrx_word' id='word_1_196' title='bbox 1439 1375 1551 1408; x_wconf 85' lang='lat' dir='ltr'><strong>natus</strong></span> <span class='ocrx_word' id='word_1_197' title='bbox 1581 1370 1760 1418; x_wconf 86' lang='lat' dir='ltr'><strong>iungitur,</strong></span> 
     </span>
     <span class='ocr_line' id='line_1_22' title="bbox 380 1425 1757 1469; baseline -0.004 0"><span class='ocrx_word' id='word_1_198' title='bbox 380 1432 477 1469; x_wconf 84' lang='lat' dir='ltr'><strong>Nam</strong></span> <span class='ocrx_word' id='word_1_199' title='bbox 510 1442 585 1469; x_wconf 90' lang='lat' dir='ltr'><strong>non</strong></span> <span class='ocrx_word' id='word_1_200' title='bbox 615 1434 670 1467; x_wconf 88' lang='lat' dir='ltr'><strong>est</strong></span> <span class='ocrx_word' id='word_1_201' title='bbox 701 1430 908 1467; x_wconf 84' lang='lat' dir='ltr'><strong>consolatio</strong></span> <span class='ocrx_word' id='word_1_202' title='bbox 1195 1429 1247 1466; x_wconf 90' lang='lat' dir='ltr'><strong>Et</strong></span> <span class='ocrx_word' id='word_1_203' title='bbox 1276 1439 1390 1466; x_wconf 88' lang='lat' dir='ltr'><strong>unum</strong></span> <span class='ocrx_word' id='word_1_204' title='bbox 1421 1427 1559 1465; x_wconf 89' lang='lat' dir='ltr'><strong>bonum</strong></span> <span class='ocrx_word' id='word_1_205' title='bbox 1587 1425 1757 1464; x_wconf 83' lang='lat' dir='ltr'><strong>funditus</strong></span> 
     </span>
     <span class='ocr_line' id='line_1_23' title="bbox 378 1483 1763 1527; baseline -0.005 -1"><span class='ocrx_word' id='word_1_206' title='bbox 378 1487 555 1527; x_wconf 83' lang='lat' dir='ltr'><strong>Perfecta</strong></span> <span class='ocrx_word' id='word_1_207' title='bbox 585 1487 769 1526; x_wconf 83' lang='lat' dir='ltr'><strong>solitario.</strong></span> <span class='ocrx_word' id='word_1_208' title='bbox 1195 1486 1240 1522; x_wconf 94' lang='lat' dir='ltr'><strong>In</strong></span> <span class='ocrx_word' id='word_1_209' title='bbox 1269 1484 1391 1522; x_wconf 88' lang='lat' dir='ltr'><strong>tribus</strong></span> <span class='ocrx_word' id='word_1_210' title='bbox 1421 1484 1480 1521; x_wconf 89' lang='lat' dir='ltr'><strong>his</strong></span> <span class='ocrx_word' id='word_1_211' title='bbox 1512 1483 1763 1521; x_wconf 79' lang='lat' dir='ltr'><strong>concluditur.</strong></span> 
     </span>
    </p>

    <p class='ocr_par' dir='ltr' id='par_1_7' title="bbox 298 1595 1855 1817">
     <span class='ocr_line' id='line_1_24' title="bbox 298 1595 1747 1642; baseline -0.007 -1"><span class='ocrx_word' id='word_1_212' title='bbox 298 1603 336 1641; x_wconf 86' lang='lat'><strong>2.</strong></span> <span class='ocrx_word' id='word_1_213' title='bbox 382 1604 572 1639; x_wconf 83' lang='lat' dir='ltr'><strong>Aeternae</strong></span> <span class='ocrx_word' id='word_1_214' title='bbox 601 1599 738 1636; x_wconf 89' lang='lat' dir='ltr'><strong>mentis</strong></span> <span class='ocrx_word' id='word_1_215' title='bbox 768 1598 876 1635; x_wconf 90' lang='lat' dir='ltr'><strong>oculo</strong></span> <span class='ocrx_word' id='word_1_216' title='bbox 1114 1601 1151 1638; x_wconf 88' lang='grc'><strong>5.</strong></span> <span class='ocrx_word' id='word_1_217' title='bbox 1198 1598 1243 1635; x_wconf 93' lang='lat' dir='ltr'><strong>In</strong></span> <span class='ocrx_word' id='word_1_218' title='bbox 1273 1597 1395 1634; x_wconf 88' lang='lat' dir='ltr'><strong>tribus</strong></span> <span class='ocrx_word' id='word_1_219' title='bbox 1423 1600 1479 1633; x_wconf 89' lang='lat' dir='ltr'><strong>est</strong></span> <span class='ocrx_word' id='word_1_220' title='bbox 1509 1595 1747 1642; x_wconf 84' lang='lat' dir='ltr'><strong>simplicitas,</strong></span> 
     </span>
     <span class='ocr_line' id='line_1_25' title="bbox 384 1650 1855 1705; baseline -0.005 -10"><span class='ocrx_word' id='word_1_221' title='bbox 384 1657 484 1695; x_wconf 88' lang='lat' dir='ltr'><strong>Dum</strong></span> <span class='ocrx_word' id='word_1_222' title='bbox 515 1660 625 1705; x_wconf 84' lang='lat' dir='ltr'><strong>pater</strong></span> <span class='ocrx_word' id='word_1_223' title='bbox 654 1656 692 1692; x_wconf 89' lang='lat' dir='ltr'><strong>in</strong></span> <span class='ocrx_word' id='word_1_224' title='bbox 725 1665 767 1691; x_wconf 88' lang='lat' dir='ltr'><strong>se</strong></span> <span class='ocrx_word' id='word_1_225' title='bbox 796 1653 973 1701; x_wconf 85' lang='lat' dir='ltr'><strong>flectitur,</strong></span> <span class='ocrx_word' id='word_1_226' title='bbox 1197 1654 1297 1699; x_wconf 83' lang='lat' dir='ltr'><strong>Quos</strong></span> <span class='ocrx_word' id='word_1_227' title='bbox 1338 1664 1413 1690; x_wconf 91' lang='lat' dir='ltr'><strong>non</strong></span> <span class='ocrx_word' id='word_1_228' title='bbox 1451 1652 1648 1700; x_wconf 87' lang='lat' dir='ltr'><strong>distinguit</strong></span> <span class='ocrx_word' id='word_1_229' title='bbox 1678 1650 1855 1698; x_wconf 78' lang='lat' dir='ltr'><strong>qualitas,</strong></span> 
     </span>
     <span class='ocr_line' id='line_1_26' title="bbox 382 1707 1751 1758; baseline -0.004 -8"><span class='ocrx_word' id='word_1_230' title='bbox 382 1714 427 1750; x_wconf 92' lang='lat' dir='ltr'><strong>In</strong></span> <span class='ocrx_word' id='word_1_231' title='bbox 456 1713 552 1750; x_wconf 89' lang='lat' dir='ltr'><strong>lucis</strong></span> <span class='ocrx_word' id='word_1_232' title='bbox 584 1722 674 1749; x_wconf 81' lang='lat' dir='ltr'><strong>suae</strong></span> <span class='ocrx_word' id='word_1_233' title='bbox 703 1712 859 1758; x_wconf 87' lang='lat' dir='ltr'><strong>speculo</strong></span> <span class='ocrx_word' id='word_1_234' title='bbox 1197 1710 1279 1747; x_wconf 84' lang='lat' dir='ltr'><strong>Nec</strong></span> <span class='ocrx_word' id='word_1_235' title='bbox 1307 1709 1434 1746; x_wconf 84' lang='lat' dir='ltr'><strong>obstat</strong></span> <span class='ocrx_word' id='word_1_236' title='bbox 1463 1708 1584 1745; x_wconf 87' lang='lat' dir='ltr'><strong>tribus</strong></span> <span class='ocrx_word' id='word_1_237' title='bbox 1613 1707 1751 1755; x_wconf 87' lang='lat' dir='ltr'><strong>unitas,</strong></span> 
     </span>
     <span class='ocr_line' id='line_1_27' title="bbox 382 1764 1780 1817; baseline -0.004 -10"><span class='ocrx_word' id='word_1_238' title='bbox 382 1770 510 1817; x_wconf 86' lang='lat' dir='ltr'><strong>Imago</strong></span> <span class='ocrx_word' id='word_1_239' title='bbox 540 1779 611 1815; x_wconf 88' lang='lat' dir='ltr'><strong>par</strong></span> <span class='ocrx_word' id='word_1_240' title='bbox 641 1767 878 1814; x_wconf 85' lang='lat' dir='ltr'><strong>exprimitur.</strong></span> <span class='ocrx_word' id='word_1_241' title='bbox 1197 1766 1316 1812; x_wconf 83' lang='lat' dir='ltr'><strong>Quam</strong></span> <span class='ocrx_word' id='word_1_242' title='bbox 1345 1765 1504 1812; x_wconf 85' lang='lat' dir='ltr'><strong>ampliat</strong></span> <span class='ocrx_word' id='word_1_243' title='bbox 1533 1764 1780 1802; x_wconf 86' lang='lat' dir='ltr'><strong>immensitas.</strong></span> 
     </span>
    </p>

    <p class='ocr_par' dir='ltr' id='par_1_8' title="bbox 301 1876 1715 2099">
     <span class='ocr_line' id='line_1_28' title="bbox 301 1876 1715 1929; baseline -0.006 -8"><span class='ocrx_word' id='word_1_244' title='bbox 301 1884 339 1922; x_wconf 86' lang='lat'><strong>3.</strong></span> <span class='ocrx_word' id='word_1_245' title='bbox 385 1881 563 1929; x_wconf 86' lang='lat' dir='ltr'><strong>Imaginis</strong></span> <span class='ocrx_word' id='word_1_246' title='bbox 594 1880 822 1918; x_wconf 79' lang='lat' dir='ltr'><strong>consortium</strong></span> <span class='ocrx_word' id='word_1_247' title='bbox 1113 1880 1151 1916; x_wconf 89' lang='grc'><strong>6.</strong></span> <span class='ocrx_word' id='word_1_248' title='bbox 1199 1879 1272 1916; x_wconf 89' lang='lat' dir='ltr'><strong>Per</strong></span> <span class='ocrx_word' id='word_1_249' title='bbox 1302 1878 1422 1914; x_wconf 86' lang='lat' dir='ltr'><strong>solam</strong></span> <span class='ocrx_word' id='word_1_250' title='bbox 1452 1877 1529 1915; x_wconf 83' lang='lat' dir='ltr'><strong>vim</strong></span> <span class='ocrx_word' id='word_1_251' title='bbox 1559 1876 1715 1924; x_wconf 86' lang='lat' dir='ltr'><strong>originis</strong></span> 
     </span>
     <span class='ocr_line' id='line_1_29' title="bbox 381 1933 1681 1983; baseline -0.005 -7"><span class='ocrx_word' id='word_1_252' title='bbox 381 1939 542 1977; x_wconf 86' lang='lat' dir='ltr'><strong>Nativus</strong></span> <span class='ocrx_word' id='word_1_253' title='bbox 573 1936 732 1983; x_wconf 85' lang='lat' dir='ltr'><strong>praebet</strong></span> <span class='ocrx_word' id='word_1_254' title='bbox 762 1935 898 1982; x_wconf 85' lang='lat' dir='ltr'><strong>exitus,</strong></span> <span class='ocrx_word' id='word_1_255' title='bbox 1198 1933 1416 1972; x_wconf 91' lang='lat' dir='ltr'><strong>Commuuio</strong></span> <span class='ocrx_word' id='word_1_256' title='bbox 1446 1933 1488 1970; x_wconf 90' lang='lat' dir='ltr'><strong>fit</strong></span> <span class='ocrx_word' id='word_1_257' title='bbox 1519 1933 1681 1970; x_wconf 88' lang='lat' dir='ltr'><strong>numinis</strong></span> 
     </span>
     <span class='ocr_line' id='line_1_30' title="bbox 383 1989 1684 2040; baseline -0.005 -7"><span class='ocrx_word' id='word_1_258' title='bbox 383 1995 620 2040; x_wconf 85' lang='lat' dir='ltr'><strong>Consorsque</strong></span> <span class='ocrx_word' id='word_1_259' title='bbox 650 1993 798 2040; x_wconf 86' lang='lat' dir='ltr'><strong>spirant</strong></span> <span class='ocrx_word' id='word_1_260' title='bbox 828 1991 1005 2039; x_wconf 84' lang='lat' dir='ltr'><strong>gaudium</strong></span> <span class='ocrx_word' id='word_1_261' title='bbox 1198 1990 1328 2028; x_wconf 83' lang='lat' dir='ltr'><strong>Nativi</strong></span> <span class='ocrx_word' id='word_1_262' title='bbox 1360 1990 1474 2028; x_wconf 87' lang='lat' dir='ltr'><strong>ductu</strong></span> <span class='ocrx_word' id='word_1_263' title='bbox 1504 1989 1684 2037; x_wconf 87' lang='lat' dir='ltr'><strong>germinis</strong></span> 
     </span>
     <span class='ocr_line' id='line_1_31' title="bbox 381 2046 1659 2099; baseline -0.005 -11"><span class='ocrx_word' id='word_1_264' title='bbox 381 2052 575 2099; x_wconf 86' lang='lat' dir='ltr'><strong>Ingenitus</strong></span> <span class='ocrx_word' id='word_1_265' title='bbox 607 2053 645 2086; x_wconf 87' lang='lat' dir='ltr'><strong>et</strong></span> <span class='ocrx_word' id='word_1_266' title='bbox 673 2048 834 2096; x_wconf 86' lang='lat' dir='ltr'><strong>genitus.</strong></span> <span class='ocrx_word' id='word_1_267' title='bbox 1198 2046 1399 2093; x_wconf 88' lang='lat' dir='ltr'><strong>Votivique</strong></span> <span class='ocrx_word' id='word_1_268' title='bbox 1429 2046 1659 2093; x_wconf 87' lang='lat' dir='ltr'><strong>spiraminis.</strong></span> 
     </span>
    </p>
   </div>
   <div class='ocr_carea' id='block_1_7' title="bbox 774 2158 1390 2368">
    <p class='ocr_par' dir='ltr' id='par_1_9' title="bbox 774 2158 1390 2368">
     <span class='ocr_line' id='line_1_32' title="bbox 774 2158 1250 2208; baseline -0.011 -8"><span class='ocrx_word' id='word_1_269' title='bbox 774 2162 810 2200; x_wconf 84' lang='lat'><strong>7.</strong></span> <span class='ocrx_word' id='word_1_270' title='bbox 854 2159 1027 2208; x_wconf 86' lang='lat' dir='ltr'><strong>Ingenito</strong></span> <span class='ocrx_word' id='word_1_271' title='bbox 1057 2163 1094 2196; x_wconf 87' lang='lat' dir='ltr'><strong>et</strong></span> <span class='ocrx_word' id='word_1_272' title='bbox 1124 2158 1250 2207; x_wconf 86' lang='lat' dir='ltr'><strong>genito</strong></span> 
     </span>
     <span class='ocr_line' id='line_1_33' title="bbox 860 2215 1336 2262; baseline -0.004 -8"><span class='ocrx_word' id='word_1_273' title='bbox 860 2216 952 2254; x_wconf 90' lang='lat' dir='ltr'><strong>Cum</strong></span> <span class='ocrx_word' id='word_1_274' title='bbox 983 2215 1121 2262; x_wconf 88' lang='lat' dir='ltr'><strong>spiritu</strong></span> <span class='ocrx_word' id='word_1_275' title='bbox 1150 2215 1336 2262; x_wconf 85' lang='lat' dir='ltr'><strong>paraclito</strong></span> 
     </span>
     <span class='ocr_line' id='line_1_34' title="bbox 856 2271 1339 2319; baseline -0.004 -9"><span class='ocrx_word' id='word_1_276' title='bbox 856 2272 1022 2310; x_wconf 83' lang='lat' dir='ltr'><strong>Honoris</strong></span> <span class='ocrx_word' id='word_1_277' title='bbox 1051 2271 1178 2319; x_wconf 88' lang='lat' dir='ltr'><strong>simpli</strong></span> <span class='ocrx_word' id='word_1_278' title='bbox 1210 2271 1339 2309; x_wconf 90' lang='lat' dir='ltr'><strong>debito</strong></span> 
     </span>
     <span class='ocr_line' id='line_1_35' title="bbox 857 2327 1390 2368; baseline 0.002 -1"><span class='ocrx_word' id='word_1_279' title='bbox 857 2329 1069 2367; x_wconf 83' lang='lat' dir='ltr'><strong>Psallamus</strong></span> <span class='ocrx_word' id='word_1_280' title='bbox 1101 2328 1216 2365; x_wconf 88' lang='lat' dir='ltr'><strong>corde</strong></span> <span class='ocrx_word' id='word_1_281' title='bbox 1248 2327 1390 2368; x_wconf 86' lang='lat' dir='ltr'><strong>dedito.</strong></span> 
     </span>
    </p>
   </div>
   <div class='ocr_carea' id='block_1_8' title="bbox 387 2434 1860 2480">
    <p class='ocr_par' dir='ltr' id='par_1_10' title="bbox 387 2434 1860 2480">
     <span class='ocr_line' id='line_1_36' title="bbox 387 2434 1860 2480; baseline -0.006 -4"><span class='ocrx_word' id='word_1_282' title='bbox 387 2446 486 2477; x_wconf 82' lang='lat' dir='ltr'>Brev.</span> <span class='ocrx_word' id='word_1_283' title='bbox 520 2453 582 2474; x_wconf 86' lang='lat' dir='ltr'><strong>ms.</strong></span> <span class='ocrx_word' id='word_1_284' title='bbox 616 2443 888 2474; x_wconf 81' lang='lat' dir='ltr'><strong>Franciseanum</strong></span> <span class='ocrx_word' id='word_1_285' title='bbox 923 2450 1013 2472; x_wconf 85' lang='lat' dir='ltr'><strong>saec.</strong></span> <span class='ocrx_word' id='word_1_286' title='bbox 1045 2437 1096 2470; x_wconf 90' lang='lat'><strong>14.</strong></span> <span class='ocrx_word' id='word_1_287' title='bbox 1147 2438 1231 2472; x_wconf 89' lang='lat' dir='ltr'>Cod.</span> <span class='ocrx_word' id='word_1_288' title='bbox 1257 2438 1631 2480; x_wconf 84' lang='lat' dir='ltr'><strong>Claustroneoburgen.</strong></span> <span class='ocrx_word' id='word_1_289' title='bbox 1659 2434 1755 2468; x_wconf 88' lang='grc'><strong>1164.</strong></span> <span class='ocrx_word' id='word_1_290' title='bbox 1781 2435 1860 2468; x_wconf 71' lang='lat' dir='ltr'><strong>add„</strong></span> 
     </span>
    </p>
   </div>
   <div class='ocr_carea' id='block_1_9' title="bbox 297 2482 1859 2657">
    <p class='ocr_par' dir='ltr' id='par_1_11' title="bbox 297 2482 1859 2657">
     <span class='ocr_line' id='line_1_37' title="bbox 297 2482 1858 2522; baseline -0.006 0"><span class='ocrx_word' id='word_1_291' title='bbox 297 2500 387 2522; x_wconf 82' lang='lat' dir='ltr'><strong>saec.</strong></span> <span class='ocrx_word' id='word_1_292' title='bbox 424 2488 510 2521; x_wconf 70' lang='lat' dir='ltr'>¹4s15.</span> <span class='ocrx_word' id='word_1_293' title='bbox 542 2488 583 2519; x_wconf 81' lang='lat' dir='ltr'><strong>A.</strong></span> <span class='ocrx_word' id='word_1_294' title='bbox 617 2505 661 2509; x_wconf 92' lang='lat'>—</span> <span class='ocrx_word' id='word_1_295' title='bbox 694 2488 795 2519; x_wconf 65' lang='lat' dir='ltr'>BreV.</span> <span class='ocrx_word' id='word_1_296' title='bbox 832 2496 894 2517; x_wconf 87' lang='lat' dir='ltr'><strong>ms.</strong></span> <span class='ocrx_word' id='word_1_297' title='bbox 927 2485 1149 2517; x_wconf 84' lang='lat' dir='ltr'><strong>Franciscan.</strong></span> <span class='ocrx_word' id='word_1_298' title='bbox 1182 2483 1306 2516; x_wconf 85' lang='lat' dir='ltr'><strong>Gallie.</strong></span> <span class='ocrx_word' id='word_1_299' title='bbox 1344 2493 1433 2515; x_wconf 82' lang='lat' dir='ltr'><strong>saec.</strong></span> <span class='ocrx_word' id='word_1_300' title='bbox 1470 2482 1522 2514; x_wconf 93' lang='lat'><strong>15.</strong></span> <span class='ocrx_word' id='word_1_301' title='bbox 1556 2482 1642 2515; x_wconf 89' lang='lat' dir='ltr'>Clm.</span> <span class='ocrx_word' id='word_1_302' title='bbox 1677 2483 1858 2514; x_wconf 80' lang='lat' dir='ltr'><strong>Monacen.</strong></span> 
     </span>
     <span class='ocr_line' id='line_1_38' title="bbox 298 2526 1858 2570; baseline -0.006 -3"><span class='ocrx_word' id='word_1_303' title='bbox 298 2532 425 2567; x_wconf 88' lang='lat'>19299.</span> <span class='ocrx_word' id='word_1_304' title='bbox 459 2536 496 2566; x_wconf 92' lang='lat' dir='ltr'><strong>B.</strong></span> <span class='ocrx_word' id='word_1_305' title='bbox 535 2550 579 2555; x_wconf 91' lang='lat'><strong>—</strong></span> <span class='ocrx_word' id='word_1_306' title='bbox 609 2533 710 2564; x_wconf 81' lang='lat' dir='ltr'>Brev.</span> <span class='ocrx_word' id='word_1_307' title='bbox 745 2542 806 2563; x_wconf 77' lang='lat' dir='ltr'><strong>ms.</strong></span> <span class='ocrx_word' id='word_1_308' title='bbox 841 2531 1079 2562; x_wconf 83' lang='lat' dir='ltr'><strong>Lambacense</strong></span> <span class='ocrx_word' id='word_1_309' title='bbox 1117 2539 1205 2561; x_wconf 85' lang='lat' dir='ltr'><strong>saec.</strong></span> <span class='ocrx_word' id='word_1_310' title='bbox 1240 2526 1308 2570; x_wconf 89' lang='lat'>[14.</span> <span class='ocrx_word' id='word_1_311' title='bbox 1343 2527 1390 2569; x_wconf 68' lang='lat' dir='ltr'><strong>et}</strong></span> <span class='ocrx_word' id='word_1_312' title='bbox 1426 2527 1477 2560; x_wconf 88' lang='grc'><strong>15.</strong></span> <span class='ocrx_word' id='word_1_313' title='bbox 1533 2527 1616 2560; x_wconf 90' lang='lat' dir='ltr'>Cod.</span> <span class='ocrx_word' id='word_1_314' title='bbox 1650 2527 1858 2559; x_wconf 89' lang='lat' dir='ltr'><strong>Lambacen.</strong></span> 
     </span>
     <span class='ocr_line' id='line_1_39' title="bbox 300 2570 1858 2615; baseline -0.006 -3"><span class='ocrx_word' id='word_1_315' title='bbox 300 2580 493 2612; x_wconf 83' lang='lat' dir='ltr'>CLXXIII.</span> <span class='ocrx_word' id='word_1_316' title='bbox 527 2579 564 2611; x_wconf 87' lang='lat' dir='ltr'>C.</span> <span class='ocrx_word' id='word_1_317' title='bbox 598 2595 640 2599; x_wconf 92' lang='lat'><strong>—</strong></span> <span class='ocrx_word' id='word_1_318' title='bbox 666 2578 792 2608; x_wconf 84' lang='lat' dir='ltr'><strong>Dium.</strong></span> <span class='ocrx_word' id='word_1_319' title='bbox 825 2586 887 2607; x_wconf 90' lang='lat' dir='ltr'><strong>ms.</strong></span> <span class='ocrx_word' id='word_1_320' title='bbox 918 2577 952 2607; x_wconf 83' lang='lat' dir='ltr'><strong>S.</strong></span> <span class='ocrx_word' id='word_1_321' title='bbox 979 2575 1074 2606; x_wconf 88' lang='lat' dir='ltr'><strong>Petri</strong></span> <span class='ocrx_word' id='word_1_322' title='bbox 1100 2574 1339 2615; x_wconf 82' lang='lat' dir='ltr'><strong>Salisburgen.</strong></span> <span class='ocrx_word' id='word_1_323' title='bbox 1362 2572 1534 2611; x_wconf 82' lang='lat' dir='ltr'><strong>(Monial.)</strong></span> <span class='ocrx_word' id='word_1_324' title='bbox 1557 2582 1646 2604; x_wconf 83' lang='lat' dir='ltr'><strong>saec.</strong></span> <span class='ocrx_word' id='word_1_325' title='bbox 1675 2570 1726 2604; x_wconf 91' lang='lat'>15.</span> <span class='ocrx_word' id='word_1_326' title='bbox 1774 2571 1858 2604; x_wconf 87' lang='lat' dir='ltr'>Cod.</span> 
     </span>
     <span class='ocr_line' id='line_1_40' title="bbox 299 2616 1859 2657; baseline -0.006 0"><span class='ocrx_word' id='word_1_327' title='bbox 299 2625 431 2657; x_wconf 90' lang='lat' dir='ltr'><strong>Petrin.</strong></span> <span class='ocrx_word' id='word_1_328' title='bbox 464 2634 485 2656; x_wconf 83' lang='lat' dir='ltr'><strong>a</strong></span> <span class='ocrx_word' id='word_1_329' title='bbox 514 2624 549 2656; x_wconf 94' lang='lat'><strong>11</strong></span> <span class='ocrx_word' id='word_1_330' title='bbox 582 2620 637 2654; x_wconf 84' lang='grc'><strong>26.</strong></span> <span class='ocrx_word' id='word_1_331' title='bbox 670 2622 713 2654; x_wconf 91' lang='lat' dir='ltr'>D.</span> <span class='ocrx_word' id='word_1_332' title='bbox 746 2638 789 2643; x_wconf 97' lang='lat'><strong>—</strong></span> <span class='ocrx_word' id='word_1_333' title='bbox 822 2622 923 2652; x_wconf 79' lang='lat' dir='ltr'><strong>Brev.</strong></span> <span class='ocrx_word' id='word_1_334' title='bbox 949 2630 1011 2652; x_wconf 89' lang='lat' dir='ltr'><strong>ms.</strong></span> <span class='ocrx_word' id='word_1_335' title='bbox 1038 2620 1234 2651; x_wconf 86' lang='lat' dir='ltr'><strong>Romanum</strong></span> <span class='ocrx_word' id='word_1_336' title='bbox 1259 2628 1348 2651; x_wconf 83' lang='lat' dir='ltr'><strong>saec.</strong></span> <span class='ocrx_word' id='word_1_337' title='bbox 1379 2617 1428 2652; x_wconf 85' lang='lat'><strong>15.</strong></span> <span class='ocrx_word' id='word_1_338' title='bbox 1478 2618 1561 2650; x_wconf 89' lang='lat' dir='ltr'>Cod.</span> <span class='ocrx_word' id='word_1_339' title='bbox 1587 2618 1748 2649; x_wconf 82' lang='lat' dir='ltr'><strong>Rossian.</strong></span> <span class='ocrx_word' id='word_1_340' title='bbox 1773 2616 1859 2648; x_wconf 86' lang='lat' dir='ltr'><strong>vm</strong></span> 
     </span>
    </p>
   </div>
   <div class='ocr_carea' id='block_1_10' title="bbox 300 2661 1862 2936">
    <p class='ocr_par' dir='ltr' id='par_1_12' title="bbox 300 2661 1862 2936">
     <span class='ocr_line' id='line_1_41' title="bbox 300 2661 1859 2708; baseline -0.004 -8"><span class='ocrx_word' id='word_1_341' title='bbox 300 2669 355 2702; x_wconf 79' lang='lat'><strong>30.</strong></span> <span class='ocrx_word' id='word_1_342' title='bbox 379 2670 421 2702; x_wconf 90' lang='lat' dir='ltr'><strong>E.</strong></span> <span class='ocrx_word' id='word_1_343' title='bbox 447 2686 489 2691; x_wconf 87' lang='lat'><strong>—</strong></span> <span class='ocrx_word' id='word_1_344' title='bbox 507 2668 614 2701; x_wconf 82' lang='lat' dir='ltr'><strong>Psalt.</strong></span> <span class='ocrx_word' id='word_1_345' title='bbox 641 2671 675 2699; x_wconf 80' lang='lat' dir='ltr'><strong>et</strong></span> <span class='ocrx_word' id='word_1_346' title='bbox 699 2667 814 2708; x_wconf 81' lang='lat' dir='ltr'><strong>hymn.</strong></span> <span class='ocrx_word' id='word_1_347' title='bbox 841 2676 903 2697; x_wconf 87' lang='lat' dir='ltr'><strong>ms.</strong></span> <span class='ocrx_word' id='word_1_348' title='bbox 921 2666 982 2698; x_wconf 77' lang='lat' dir='ltr'><strong>SS.</strong></span> <span class='ocrx_word' id='word_1_349' title='bbox 1002 2664 1157 2698; x_wconf 78' lang='lat' dir='ltr'><strong>Udalrici</strong></span> <span class='ocrx_word' id='word_1_350' title='bbox 1183 2667 1216 2696; x_wconf 86' lang='lat' dir='ltr'><strong>et</strong></span> <span class='ocrx_word' id='word_1_351' title='bbox 1232 2663 1336 2695; x_wconf 78' lang='lat' dir='ltr'><strong>Afrae</strong></span> <span class='ocrx_word' id='word_1_352' title='bbox 1355 2665 1436 2695; x_wconf 83' lang='lat' dir='ltr'><strong>anni</strong></span> <span class='ocrx_word' id='word_1_353' title='bbox 1458 2661 1555 2695; x_wconf 84' lang='lat'>1494.</span> <span class='ocrx_word' id='word_1_354' title='bbox 1575 2662 1659 2694; x_wconf 84' lang='lat' dir='ltr'><strong>clm.</strong></span> <span class='ocrx_word' id='word_1_355' title='bbox 1678 2663 1859 2694; x_wconf 82' lang='lat' dir='ltr'><strong>Monacen-</strong></span> 
     </span>
     <span class='ocr_line' id='line_1_42' title="bbox 308 2705 1862 2749; baseline -0.006 -3"><span class='ocrx_word' id='word_1_356' title='bbox 308 2714 407 2748; x_wconf 71' lang='lat'>4301.</span> <span class='ocrx_word' id='word_1_357' title='bbox 433 2715 470 2747; x_wconf 89' lang='lat' dir='ltr'><strong>F.</strong></span> <span class='ocrx_word' id='word_1_358' title='bbox 495 2732 537 2736; x_wconf 97' lang='lat'><strong>—</strong></span> <span class='ocrx_word' id='word_1_359' title='bbox 564 2713 662 2744; x_wconf 82' lang='lat' dir='ltr'>Brev.</span> <span class='ocrx_word' id='word_1_360' title='bbox 693 2723 754 2743; x_wconf 85' lang='lat' dir='ltr'><strong>ms.</strong></span> <span class='ocrx_word' id='word_1_361' title='bbox 773 2711 996 2744; x_wconf 81' lang='lat' dir='ltr'><strong>Olivetauum</strong></span> <span class='ocrx_word' id='word_1_362' title='bbox 1022 2719 1110 2742; x_wconf 85' lang='lat' dir='ltr'><strong>saec.</strong></span> <span class='ocrx_word' id='word_1_363' title='bbox 1139 2707 1191 2741; x_wconf 91' lang='lat'><strong>15.</strong></span> <span class='ocrx_word' id='word_1_364' title='bbox 1232 2708 1313 2740; x_wconf 91' lang='lat' dir='ltr'>Cod.</span> <span class='ocrx_word' id='word_1_365' title='bbox 1331 2709 1548 2741; x_wconf 84' lang='lat' dir='ltr'><strong>Ambrosian.</strong></span> <span class='ocrx_word' id='word_1_366' title='bbox 1566 2708 1591 2739; x_wconf 92' lang='lat' dir='ltr'><strong>Z</strong></span> <span class='ocrx_word' id='word_1_367' title='bbox 1607 2705 1651 2740; x_wconf 86' lang='lat'><strong>33</strong></span> <span class='ocrx_word' id='word_1_368' title='bbox 1667 2718 1742 2749; x_wconf 89' lang='lat' dir='ltr'><strong>sup.</strong></span> <span class='ocrx_word' id='word_1_369' title='bbox 1760 2706 1799 2739; x_wconf 89' lang='lat' dir='ltr'><strong>G.</strong></span> <span class='ocrx_word' id='word_1_370' title='bbox 1818 2722 1862 2728; x_wconf 91' lang='lat'><strong>-——</strong></span> 
     </span>
     <span class='ocr_line' id='line_1_43' title="bbox 300 2748 1859 2795; baseline -0.006 -3"><span class='ocrx_word' id='word_1_371' title='bbox 300 2762 400 2793; x_wconf 77' lang='lat' dir='ltr'>Brev.</span> <span class='ocrx_word' id='word_1_372' title='bbox 439 2770 505 2791; x_wconf 82' lang='lat' dir='ltr'><strong>sec.</strong></span> <span class='ocrx_word' id='word_1_373' title='bbox 539 2759 710 2790; x_wconf 85' lang='lat' dir='ltr'><strong>rubricam</strong></span> <span class='ocrx_word' id='word_1_374' title='bbox 741 2758 830 2788; x_wconf 81' lang='lat' dir='ltr'><strong>sacri</strong></span> <span class='ocrx_word' id='word_1_375' title='bbox 857 2756 1059 2787; x_wconf 84' lang='lat' dir='ltr'><strong>monasterii</strong></span> <span class='ocrx_word' id='word_1_376' title='bbox 1087 2755 1217 2786; x_wconf 87' lang='lat' dir='ltr'><strong>Montis</strong></span> <span class='ocrx_word' id='word_1_377' title='bbox 1242 2754 1445 2785; x_wconf 83' lang='lat' dir='ltr'><strong>Pannoniae</strong></span> <span class='ocrx_word' id='word_1_378' title='bbox 1470 2755 1552 2795; x_wconf 87' lang='lat' dir='ltr'><strong>imp.</strong></span> <span class='ocrx_word' id='word_1_379' title='bbox 1579 2753 1735 2785; x_wconf 82' lang='lat' dir='ltr'><strong>Venetiis</strong></span> <span class='ocrx_word' id='word_1_380' title='bbox 1763 2748 1859 2783; x_wconf 87' lang='lat'>1506.</span> 
     </span>
     <span class='ocr_line' id='line_1_44' title="bbox 302 2798 1858 2841; baseline -0.005 -5"><span class='ocrx_word' id='word_1_381' title='bbox 302 2806 347 2837; x_wconf 84' lang='lat'><strong>11.</strong></span> <span class='ocrx_word' id='word_1_382' title='bbox 382 2822 423 2828; x_wconf 89' lang='lat'>—</span> <span class='ocrx_word' id='word_1_383' title='bbox 453 2804 663 2836; x_wconf 75' lang='lat' dir='ltr'><strong>psalterium</strong></span> <span class='ocrx_word' id='word_1_384' title='bbox 701 2813 777 2834; x_wconf 87' lang='lat' dir='ltr'><strong>cum</strong></span> <span class='ocrx_word' id='word_1_385' title='bbox 811 2801 904 2833; x_wconf 86' lang='lat' dir='ltr'><strong>fideli</strong></span> <span class='ocrx_word' id='word_1_386' title='bbox 937 2802 1023 2833; x_wconf 87' lang='lat' dir='ltr'><strong>casti</strong></span> <span class='ocrx_word' id='word_1_387' title='bbox 1051 2801 1167 2832; x_wconf 84' lang='lat' dir='ltr'><strong>atione</strong></span> <span class='ocrx_word' id='word_1_388' title='bbox 1200 2800 1335 2841; x_wconf 82' lang='lat' dir='ltr'><strong>magnis</strong></span> <span class='ocrx_word' id='word_1_389' title='bbox 1365 2798 1622 2830; x_wconf 83' lang='lat' dir='ltr'><strong>characteribus</strong></span> <span class='ocrx_word' id='word_1_390' title='bbox 1655 2799 1858 2839; x_wconf 83' lang='lat' dir='ltr'><strong>impressum</strong></span> 
     </span>
     <span class='ocr_line' id='line_1_45' title="bbox 300 2840 1858 2886; baseline -0.006 -5"><span class='ocrx_word' id='word_1_391' title='bbox 300 2850 447 2881; x_wconf 71' lang='lat' dir='ltr'><strong>Parisiis</strong></span> <span class='ocrx_word' id='word_1_392' title='bbox 478 2848 719 2886; x_wconf 78' lang='lat' dir='ltr'><strong>(sserchtoldus</strong></span> <span class='ocrx_word' id='word_1_393' title='bbox 753 2845 927 2886; x_wconf 84' lang='lat' dir='ltr'><strong>Rembolt)</strong></span> <span class='ocrx_word' id='word_1_394' title='bbox 963 2844 1025 2878; x_wconf 89' lang='lat'>150</span> <span class='ocrx_word' id='word_1_395' title='bbox 1051 2869 1058 2876; x_wconf 91' lang='lat'><strong>.</strong></span> <span class='ocrx_word' id='word_1_396' title='bbox 1092 2845 1118 2876; x_wconf 94' lang='lat'><strong>1.</strong></span> <span class='ocrx_word' id='word_1_397' title='bbox 1152 2861 1196 2866; x_wconf 86' lang='lat'>—</span> <span class='ocrx_word' id='word_1_398' title='bbox 1226 2842 1266 2883; x_wconf 84' lang='lat'><strong>3,</strong></span> <span class='ocrx_word' id='word_1_399' title='bbox 1298 2842 1319 2875; x_wconf 79' lang='lat'><strong>3</strong></span> <span class='ocrx_word' id='word_1_400' title='bbox 1354 2846 1491 2886; x_wconf 81' lang='lat' dir='ltr'><strong>spirans</strong></span> <span class='ocrx_word' id='word_1_401' title='bbox 1518 2844 1553 2875; x_wconf 79' lang='lat' dir='ltr'><strong>F.</strong></span> <span class='ocrx_word' id='word_1_402' title='bbox 1580 2860 1620 2864; x_wconf 93' lang='lat'><em>—</em></span> <span class='ocrx_word' id='word_1_403' title='bbox 1647 2840 1685 2880; x_wconf 85' lang='lat'>5,</span> <span class='ocrx_word' id='word_1_404' title='bbox 1717 2840 1739 2874; x_wconf 89' lang='lat'>4</span> <span class='ocrx_word' id='word_1_405' title='bbox 1763 2842 1858 2882; x_wconf 85' lang='lat' dir='ltr'><strong>Quos</strong></span> 
     </span>
     <span class='ocr_line' id='line_1_46' title="bbox 300 2891 1012 2936; baseline -0.007 -10"><span class='ocrx_word' id='word_1_406' title='bbox 300 2895 443 2936; x_wconf 80' lang='lat' dir='ltr'><strong>ampliat</strong></span> <span class='ocrx_word' id='word_1_407' title='bbox 472 2895 506 2926; x_wconf 84' lang='lat' dir='ltr'><strong>F.</strong></span> <span class='ocrx_word' id='word_1_408' title='bbox 534 2911 576 2915; x_wconf 90' lang='lat'>—</span> <span class='ocrx_word' id='word_1_409' title='bbox 601 2891 630 2930; x_wconf 77' lang='lat'><strong>7,</strong></span> <span class='ocrx_word' id='word_1_410' title='bbox 656 2892 678 2925; x_wconf 89' lang='lat'>4</span> <span class='ocrx_word' id='word_1_411' title='bbox 702 2892 804 2924; x_wconf 85' lang='lat' dir='ltr'><strong>corde</strong></span> <span class='ocrx_word' id='word_1_412' title='bbox 830 2891 946 2923; x_wconf 86' lang='lat' dir='ltr'><strong>debito</strong></span> <span class='ocrx_word' id='word_1_413' title='bbox 972 2892 1012 2922; x_wconf 79' lang='lat' dir='ltr'><strong>A.</strong></span> 
     </span>
    </p>
   </div>
   <div class='ocr_carea' id='block_1_11' title="bbox 1920 0 2031 3289">
    <p class='ocr_par' dir='ltr' id='par_1_13' title="bbox 1920 0 2031 3289">
     <span class='ocr_line' id='line_1_47' title="bbox 1920 0 2031 3289; baseline 0 0"><span class='ocrx_word' id='word_1_414' title='bbox 1920 0 2031 3289; x_wconf 95' lang='lat' dir='ltr'><strong> </strong></span> 
     </span>
    </p>
   </div>
  </div>
 </body>
</html>
