2031 3289
914 147 1220 188 —276—

288 265 363 302 93..
405 262 480 300 Sed
512 266 554 299 tu
584 262 750 309 quidem,
782 262 924 300 Christi
1108 260 1183 300 9b.
1219 261 1430 298 Praeeurre
1459 261 1534 297 iam
1565 261 1746 307 gaudens,

402 329 521 365 nepos
552 318 714 365 egregie,
1221 317 1353 354 nuntia
1383 317 1541 354 mortuis

407 379 554 421 martyr
584 374 838 422 memorande,
1219 373 1335 410 vitam
1366 374 1574 411 adventare

722 465 787 502 10.
834 463 987 510 Nosque
1019 464 1066 501 de
1097 462 1264 500 tenebris

828 520 904 556 luci
935 520 1132 556 restitutos

831 575 924 614 offer
954 576 1118 614 Christo.

388 665 492 697 Grad.
525 675 588 696 mS.
615 664 844 706 Sangallense
869 674 958 696 saeC.
986 662 1038 696 12.
1089 664 1172 696 Cod.
1199 664 1399 706 Sangallen.
1423 661 1500 695 375.
1526 664 1567 695 A.
1591 679 1634 684 —
1660 662 1762 694 Grad.
1792 673 1855 694 ms.

300 711 531 752 Sangallense
564 720 653 742 saec.
681 707 732 742 13.
781 709 863 742 Cod.
891 709 1089 751 Sangallen.
1115 707 1192 741 379.
1220 710 1256 741 Β.
1283 727 1327 730 -
1351 709 1456 750 Trop.
1485 719 1546 739 ms.
1572 708 1857 739 Emmeramense

294 767 385 788 saec.
419 754 503 787 ¹¹l12.
538 755 624 788 Clm.
657 755 838 786 Monacen.
877 751 1002 786 14083.
1035 755 1073 787 C.
1103 772 1148 776 —
1178 755 1278 786 Miss.
1303 764 1365 785 ms.
1391 754 1660 786 Sanblasianum
1685 763 1776 784 saec.
1804 751 1856 784 12.

297 801 382 834 Cod.
407 801 554 832 Paulan.
580 798 634 832 25.
659 798 691 832 3.
720 799 770 832 17.
786 800 892 837 (3135.
918 800 1043 832 memb.
1069 797 1133 840 60).
1161 800 1205 832 D.
1230 818 1270 822 -
1290 800 1388 831 Miss.
1408 809 1468 830 ms.
1487 799 1757 831 Sanblasianum
1773 799 1856 830 anni

295 844 394 878 1482.
443 846 526 878 Cod.
552 846 699 877 Paulan.
725 843 768 876 25
805 843 836 876 2.
864 843 905 876 15
927 843 1035 884 (Β135.
1061 845 1185 877 memb.
1209 842 1274 884 61).
1301 845 1342 876 Ε.

384 890 413 930 1,
438 889 459 922 2
484 891 724 922 collaudamus
747 890 818 922 ΟΕ.
844 907 888 911 -
906 887 968 928 23,
985 888 1006 922 2
1024 893 1236 932 protectatur
1252 890 1293 922 A.
1317 907 1361 911 —
1378 887 1441 927 21),
1459 886 1480 921 3
1501 889 1671 931 parthenu
1686 889 1855 921 ABCDE.

289 954 333 959 --
359 934 419 976 53,
448 935 464 967 1
484 937 530 968 At
555 937 649 968 solus
667 936 742 967 DE.
768 955 811 958 —
836 933 900 973 6b,
928 933 944 966 1
963 935 1064 967 Adon
1089 935 1133 967 ad
1150 935 1225 967 DE.
1252 952 1291 956 ——
1324 933 1387 973 73,
1408 933 1429 966 2
1454 938 1488 966 et
1511 936 1571 975 qui
1597 944 1659 976 par
1684 934 1789 966 CDE.
1813 950 1857 955 ——

290 980 356 1020 81),
384 980 404 1013 2
429 983 484 1013 1115
510 992 610 1013 omne
634 981 805 1012 violatum
831 981 868 1013 C.
898 999 936 1003 ——
952 978 1015 1018 9b‚
1033 977 1054 1012 3
1071 981 1256 1012 advenisse
1275 981 1378 1013 CDE.
1395 998 1441 1002 —-
1456 980 1544 1012 Mel:
1573 977 1797 1021 „Captiva“
1816 978 1858 1010 A.

771 1112 852 1148 208.
887 1113 945 1155 (5.)
979 1112 1037 1148 De
1063 1112 1204 1148 sancto
1231 1113 1377 1148 Paulo.

738 1208 775 1253 1.
823 1206 1046 1244 Concurrite
1076 1207 1159 1257 hue,
1192 1207 1323 1254 populi

825 1269 862 1301 et
892 1264 1052 1311 insulae,

323 1346 395 1384 2a.
432 1343 626 1381 Mentibus
657 1346 698 1378 ut
727 1342 954 1389 promptulis
1141 1341 1214 1380 2b.
1252 1342 1326 1380 Hic
1355 1343 1466 1389 lupus
1496 1343 1586 1380 licet
1616 1342 1724 1380 ferox

407 1400 616 1446 ‘magistro
651 1400 819 1446 gentium
1251 1399 1350 1435 ovile
1381 1400 1535 1436 Domini

434 1455 636 1503 assistatis,
1252 1456 1479 1501 turbaverit,

435 1512 612 1549 laudibus
1252 1512 1380 1549 mitior

436 1569 536 1606 hunc
566 1579 682 1614 super
711 1567 867 1605 aethera
1253 1569 1392 1615 agnelli
1423 1569 1567 1605 vellere

435 1626 640 1663 elevantes,
1252 1625 1437 1663 induitur.

325 1719 395 1756 3a.
433 1716 484 1753 Et
513 1716 577 1762 qui
608 1720 710 1760 tunc,
741 1714 811 1751 sub
841 1713 976 1751 umbra
1142 1714 1215 1755 3b.
1252 1715 1366 1760 Ecce,
1398 1726 1499 1752 nunc
1530 1716 1684 1753 caelesti

436 1773 586 1820 priscae
617 1771 714 1821 legis
1254 1772 1468 1809 illustratus

436 1828 622 1866 velamine
654 1827 823 1865 Mosaico
1255 1839 1301 1865 ex
1331 1828 1475 1875 iubare,
1508 1829 1746 1875 pneumatico

435 1886 593 1929 obsitus,
1253 1885 1364 1931 hagio

439 1941 612 1979 daemoni
1252 1942 1414 1978 nitidum

441 2009 481 2036 se
511 1997 689 2045 praebuit
718 1996 937 2043 hospitium,
1257 2009 1322 2035 vas
1355 1998 1507 2035 exhibet
1539 2002 1576 2035 et
1607 1999 1781 2035 electum.

743 2089 782 2125 4.
828 2087 909 2124 Nec
939 2098 1056 2134 mora,

826 2143 891 2180 ubi
923 2143 1114 2181 Christum

829 2200 1086 2246 indignantem

832 2252 1024 2307 [audivit.]‚

830 2313 929 2360 quod
960 2313 1033 2350 sibi
1063 2315 1384 2361 praesumpsisset

831 2374 964 2407 contra
994 2371 1208 2418 calcitrare,

831 2436 871 2463 se
901 2427 1074 2472 protinus

830 2483 1022 2530 coaptavit

831 2539 880 2576 ad
911 2539 992 2576 eius
1021 2549 1129 2587 opuS.

329 2633 400 2669 53.
437 2631 590 2677 Iamque
622 2630 836 2678 baptizatus
1146 2629 1218 2667 5b.
1257 2630 1320 2677 Et,
1352 2629 1415 2676 qui
1445 2629 1558 2676 paulo
1589 2630 1676 2665 ante

441 2692 555 2733 atque
585 2687 769 2734 spiritalis
1258 2690 1384 2723 castra
1415 2685 1621 2722 christiana

441 2743 617 2780 unctione
648 2743 886 2780 charismatis
1258 2746 1482 2789 perseeutor
1508 2742 1712 2788 invaserat,

444 2798 608 2836 refectus
1258 2809 1328 2845 pro
1358 2798 1493 2836 iisdem

444 2856 547 2904 plebi
577 2856 760 2893 iustorum
792 2856 960 2902 iungitur
1261 2855 1444 2893 dimicans
1475 2854 1581 2902 signa
1613 2852 1768 2899 corripit
