1914 3223
721 164 1078 218 .—575-

151 278 178 312 1.
217 279 255 312 Si
279 280 428 311 virtutes
453 278 584 312 Christi
609 279 729 316 scires,
1038 276 1074 308 Si
1100 278 1287 318 temptares
1312 278 1348 307 et
1370 278 1540 318 gustareS,

218 324 344 357 Dando
369 325 462 357 vires
488 324 657 366 reperires
1038 322 1150 361 Quam
1177 321 1325 353 libenter
1349 320 1527 352 laborares

261 370 416 402 Maxima
441 369 583 410 solacia,
1083 367 1135 398 Ad
1161 365 1320 399 habenda
1344 366 1441 398 talia.

147 469 293 504 Feruer
318 471 467 503 schaltet
492 481 527 503 es
552 470 642 502 nach
668 470 733 502 Str.
764 467 804 502 19
828 469 988 512 folgende
1013 469 1086 501 drei
1113 469 1286 511 Strophen
1311 470 1386 501 ein:

217 563 312 594 Crux
337 561 476 595 excellit
501 571 601 593 omne
627 560 754 592 donum
1038 562 1131 592 Crux
1156 563 1208 592 est
1232 563 1305 592 tota
1330 561 1496 600 virtuosa,

215 608 264 640 Et
288 608 439 650 acquirit
463 617 563 638 omne
588 606 717 638 bonum
1038 605 1216 646 Speciosa,
1241 606 1386 647 copiosa

262 653 342 686 Suis
367 652 594 691 amatoribus,
1083 650 1245 682 Glorioso
1271 661 1422 683 munere.

216 699 309 731 Crux
335 698 480 740 expellit
505 707 640 729 omnem
667 700 794 728 metum

218 744 266 776 Et
290 754 350 775 cor
373 744 458 775 facit
482 753 557 775 esse
582 743 711 775 laetum
1040 740 1131 772 Crux
1156 740 1331 772 doctrinas
1357 741 1416 773 dat
1440 741 1590 778 divinas,

262 789 479 830 Plenumque
504 788 707 830 fulgoribus.
1041 786 1150 818 Notas
1176 796 1287 827 neque
1314 788 1526 829 peregrinas,

1084 831 1136 863 Ad
1161 842 1197 863 se
1222 831 1328 863 trahit
1354 833 1481 869 omnia,

218 878 311 911 Crux
337 882 390 911 est
416 879 519 921 plena
544 878 761 921 gaudiorum,
1040 878 1132 909 Crux
1160 877 1319 915 amanda,
1345 887 1429 909 crux
1454 877 1622 916 miranda,

218 925 260 957 In
285 934 355 967 qua
380 924 552 962 Christus,
578 934 639 955 rex
663 923 850 961 caelorum,
1040 922 1247 954 Veneranda
1274 922 1506 964 praedicanda

261 970 384 1002 Voluit
410 969 625 1007 occumbere,
1088 968 1190 999 Dona
1213 967 1273 999 dat
1298 967 1474 1000 caelestia.

147 1062 212 1094 Am
243 1061 409 1095 Schlusse
434 1061 495 1093 des
522 1064 637 1093 ersten
661 1060 787 1102 Teiles,
814 1060 903 1092 nach
931 1059 998 1092 Str.
1023 1058 1067 1092 22
1092 1060 1165 1102 fiigt
1189 1059 1327 1092 endlich
1352 1061 1380 1092 B
1406 1058 1496 1091 noch
1522 1059 1594 1091 bei:

214 1154 288 1185 Nos
313 1151 460 1193 dignare
485 1150 670 1189 custodire,
1038 1151 1105 1182 Per
1130 1152 1296 1182 virtutem
1322 1153 1463 1182 sanctae
1487 1148 1600 1180 crucis

214 1197 397 1235 Crucifixe,
422 1197 479 1228 cui
505 1197 636 1228 servire
1039 1196 1117 1228 Duc
1141 1206 1204 1227 nos
1229 1196 1271 1228 ad
1300 1199 1462 1227 aeternae
1487 1193 1577 1225 lucis

262 1244 341 1275 Iure
366 1241 494 1274 debent
519 1242 646 1278 omnia,
1086 1241 1248 1274 Gloriosa
1272 1241 1411 1284 gaudia.

153 1332 182 1368 1,
210 1332 231 1366 3
256 1333 463 1365 Conlectare
489 1332 560 1364 CD.
587 1349 628 1353 —
657 1330 685 1369 1,
712 1330 732 1363 5
758 1333 794 1363 in
818 1333 894 1373 ipsa
919 1332 1091 1364 delectare
1117 1332 1156 1363 A.
1183 1350 1228 1353 —
1252 1331 1283 1371 2,
1309 1331 1330 1364 2
1354 1334 1444 1364 vivis
1469 1333 1548 1365 DH.
1572 1350 1616 1355 —
1643 1331 1673 1372 2,
1699 1331 1720 1366 3

148 1379 254 1411 Modo
287 1378 408 1421 procul
442 1377 548 1409 dubio
574 1377 713 1409 CDHK.
750 1393 793 1399 —-
820 1375 858 1415 2,
891 1376 913 1409 4
937 1388 1006 1409 non
1032 1382 1189 1420 tepescas
1215 1378 1294 1410 DH.
1320 1396 1365 1400 —
1388 1376 1428 1416 2,
1460 1377 1480 1410 5
1506 1383 1543 1410 ut
1567 1378 1720 1411 calescas

150 1425 264 1464 CDK,
293 1429 327 1456 et
351 1424 511 1455 valescas
536 1423 582 1454 H.
606 1440 652 1445 —
675 1421 706 1461 4,
733 1421 753 1454 2
771 1423 912 1464 Absque
937 1423 1037 1454 sorde
1063 1424 1109 1454 sit
1132 1434 1210 1455 cum
1235 1423 1336 1455 corde
1355 1423 1433 1457 CK:
1461 1424 1600 1466 Absque
1618 1424 1718 1457 sorde

149 1472 195 1502 sit
227 1469 397 1502 concorde
420 1469 472 1508 1),
497 1468 640 1510 Absque
673 1467 773 1500 sorde
805 1469 855 1499 sic
886 1468 1055 1500 concorde
1083 1469 1128 1500 H.
1153 1487 1198 1491 —
1223 1467 1254 1507 5,
1286 1467 1307 1501 3
1331 1470 1404 1501 Dat
1427 1470 1466 1503 B.
1492 1487 1535 1492 —
1560 1468 1591 1509 5,
1616 1467 1638 1500 4
1665 1470 1719 1501 bis

150 1514 171 1549 6
200 1516 320 1548 lauten
347 1517 384 1546 in
411 1516 454 1546 B:

652 1594 745 1625 Crux
770 1598 822 1626 est
845 1594 985 1636 gladius
1011 1597 1045 1626 et
1070 1598 1216 1632 scutum,

655 1639 755 1679 Quod
781 1650 822 1672 ex
848 1641 942 1671 omni
968 1644 1066 1681 parte
1092 1643 1204 1671 tutum

698 1685 787 1717 Esse
811 1685 895 1717 facit
919 1685 1105 1717 hominem.

151 1785 182 1827 7,
210 1784 231 1818 2
255 1787 489 1828 Praecipuum
514 1786 559 1818 da
583 1786 748 1818 honorem
774 1787 820 1817 H.
848 1804 887 1808 —
915 1785 945 1825 7,
971 1784 992 1819 3
1018 1787 1138 1819 Crucis
1162 1788 1203 1819 A.
1228 1805 1272 1810 --
1297 1787 1328 1828 7,
1353 1785 1375 1818 4
1400 1789 1479 1820 Nisi
1504 1788 1631 1819 virium
1652 1788 1721 1820 BC-

155 1849 201 1854 —
224 1829 255 1870 8,
282 1830 303 1864 2
328 1834 364 1863 in
389 1834 467 1874 ipsa
493 1831 566 1864 CH.
590 1849 635 1854 —-
660 1830 690 1870 9,
716 1830 737 1864 3
761 1832 855 1864 fossa
880 1831 988 1864 CDH.
1014 1850 1057 1855 —
1085 1830 1135 1871 10,
1161 1831 1182 1865 5
1208 1832 1336 1865 Contra
1361 1833 1558 1865 zabulontis
1581 1834 1658 1868 HK.
1675 1850 1721 1856 -—

158 1876 210 1916 11,
235 1876 256 1909 6
281 1878 399 1909 Vitam
424 1877 643 1910 rectitudinis
671 1877 742 1909 CD.
768 1894 813 1898 —
840 1874 890 1916 12,
917 1875 938 1909 3
962 1877 1009 1909 Et
1033 1879 1124 1910 inter
1147 1878 1216 1910 CD.
1244 1895 1286 1901 —
1315 1876 1366 1916 12,
1391 1877 1412 1910 5
1438 1878 1588 1910 sollicite
1614 1878 1720 1912 CHK.

151 1940 197 1945 —-
222 1921 281 1962 12,
308 1921 328 1955 6
353 1924 500 1955 frontem
526 1923 676 1954 inclinas
700 1923 744 1954 D.
770 1938 812 1943 —
840 1920 900 1961 13,
928 1922 942 1954 1
972 1927 1032 1955 aut
1056 1923 1196 1956 laboras
1222 1925 1260 1956 C.
1284 1941 1328 1945 —
1355 1922 1406 1961 13,
1431 1922 1452 1955 5
1477 1927 1512 1955 et
1537 1925 1573 1955 in
1598 1926 1720 1966 poenis

152 1969 196 2000 K.
222 1985 266 1990 —
294 1967 346 2007 14,
372 1966 392 1999 2
418 1968 466 2000 Et
490 1969 527 1999 in
551 1968 719 2010 gravibus
745 1967 856 2007 CDK,
882 1969 924 2000 In
947 1969 1116 2010 gravibus
1142 1973 1246 2011 atque
1272 1969 1367 2001 duris
1393 1970 1437 2001 H.
1463 1986 1508 1990 —
1534 1968 1587 2007 14,
1611 1967 1632 2002 3
1657 1970 1723 2002 Est

151 2016 263 2045 totum
289 2014 366 2052 CK;
393 2014 519 2046 Totum
545 2016 603 2045 est
622 2013 812 2045 remedium
829 2014 875 2044 H.
901 2031 945 2035 —
967 2012 1016 2052 15,
1044 2013 1058 2045 1
1079 2014 1172 2046 Crux
1189 2018 1241 2046 est
1258 2018 1358 2056 porta
1376 2014 1528 2056 paradisi
1546 2014 1718 2047 BCDHK.

151 2075 194 2081 —
223 2057 284 2097 15,
310 2056 331 2090 2
356 2060 397 2091 In
421 2069 491 2101 qua
519 2060 631 2091 sancti
655 2062 737 2090 sunt
760 2059 866 2092 BCH.
895 2077 935 2081 —
964 2058 1015 2097 16,
1045 2057 1066 2091 2
1091 2060 1234 2092 Sacrum
1260 2061 1376 2092 lumen
1402 2061 1440 2092 B.
1464 2078 1509 2082 —
1540 2057 1599 2099 16,
1626 2057 1647 2092 3
1671 2061 1721 2092 Ac

149 2104 295 2137 dulcedo
321 2105 362 2136 B.
387 2122 432 2126 —
460 2103 518 2143 17,
544 2102 565 2136 3
591 2105 724 2136 Cuncta
750 2115 828 2146 spes
855 2105 938 2143 ΒΚ,
964 2105 1055 2136 Tuta
1078 2115 1157 2147 spes
1182 2106 1229 2137 H.
1254 2124 1297 2128 —
1326 2103 1382 2144 19,
1408 2103 1429 2136 3
1454 2105 1563 2137 Plena
1588 2107 1721 2137 cunctis

149 2150 190 2181 B.
215 2167 259 2171 —
288 2147 340 2189 19,
366 2148 388 2182 4
413 2151 551 2182 animae
576 2153 739 2182 eruunter
762 2151 805 2181 K.
831 2166 874 2171 -
902 2148 953 2188 19,
979 2148 1000 2180 4
1026 2151 1079 2182 bis
1104 2148 1124 2182 6
1149 2150 1269 2182 lauten
1294 2151 1332 2182 in
1357 2151 1401 2184 B:

696 2251 832 2290 Quibus
858 2253 995 2284 animae
1021 2252 1166 2284 devotae

699 2299 788 2328 §unt
813 2297 856 2328 ab
883 2298 976 2329 omni
1002 2298 1080 2329 labe
1106 2298 1198 2329 latae

737 2342 928 2384 Nitentque
952 2343 1152 2374 virtutibus.

149 2441 211 2481 20,
253 2441 268 2474 1
305 2442 463 2475 manebis
487 2443 530 2475 K.
555 2461 600 2464 —
624 2441 685 2482 20,
721 2442 742 2476 2
767 2445 805 2477 Si
831 2445 867 2476 in
892 2455 993 2477 cruce
1019 2456 1110 2476 nunc
1135 2445 1290 2478 studebis
1315 2447 1355 2478 B.
1384 2463 1426 2468 —
1452 2444 1512 2485 20,
1537 2444 1558 2478 3
1583 2447 1621 2479 Si
1646 2457 1722 2489 per-

153 2489 371 2521 severaveris
397 2488 436 2522 B.
461 2505 505 2509 —
531 2486 585 2527 20,
610 2487 631 2521 6
657 2490 776 2522 Donec
802 2490 928 2521 mundo
953 2491 1083 2522 vixeris
1101 2491 1140 2522 B.
1171 2508 1207 2512 —
1234 2489 1288 2530 21,
1314 2489 1335 2523 2
1353 2491 1562 2524 Crucifixum
1587 2493 1722 2525 intuere

149 2534 189 2566 B.
214 2550 259 2555 —
283 2531 345 2571 21,
381 2531 402 2565 3
426 2533 475 2566 Ut
499 2533 634 2566 defendi
661 2535 781 2567 valeas
806 2536 845 2566 B.
872 2552 914 2557 —
939 2534 1001 2575 22,
1034 2533 1055 2567 2
1079 2536 1231 2581 Mentem
1255 2536 1360 2570 debes
1388 2537 1468 2569 hinc
1494 2538 1571 2576 (ΣΙ),
1603 2538 1720 2569 Mente

150 2578 239 2611 fehlt
263 2579 316 2620 H;
347 2579 462 2611 Debes
491 2579 652 2612 omnibus
677 2580 814 2622 placere
839 2581 886 2620 A;
913 2581 1026 2613 Debet
1051 2582 1209 2613 omnibus
1236 2583 1273 2614 B.
1300 2600 1342 2605 —
1367 2580 1420 2620 22,
1446 2580 1467 2615 3
1493 2584 1594 2615 Hanc
1618 2583 1720 2615 corde

151 2634 438 2701 εειῃρεῑΞξθι-ετε
464 2623 505 2665 Ο,
535 2624 583 2656 Et
617 2625 707 2657 hanc
740 2626 842 2657 corde
875 2637 1009 2668 semper
1036 2636 1156 2668 gerere
1181 2627 1258 2667 CK3
1292 2627 1339 2659 Et
1363 2628 1453 2660 hanc
1478 2628 1579 2660 corde
1603 2638 1721 2671 gerere

152 2670 199 2702 H.
240 2715 299 2746 Pa
311 2693 350 2746 rs
374 2668 1096 2763 Zlstedzlljg.cf-ucgzrkdki'gggifezxsseit—e-'Ige2i1
1118 2670 1211 2750 {nith
1223 2675 1410 2751 Dies-{gt
1436 2730 1498 2750 ms.
1526 2720 1560 2752 S.
1585 2719 1720 2751 Mariae

151 2759 193 2792 de
209 2760 368 2792 Parisius
385 2770 475 2792 saec.
498 2758 550 2792 15.
591 2760 673 2793 Cod.
691 2761 860 2793 Mazarin.
881 2759 970 2794 3897
986 2760 1086 2801 (605).
1105 2764 1144 2795 L.
1162 2780 1207 2785 —
1225 2764 1454 2807 Reihenfolge
1471 2765 1530 2797 dei·
1549 2763 1722 2805 Stropheu

150 2806 188 2837 in
211 2805 334 2883 {35:1³1}S
355 2803 400 2882 11,7
424 2803 463 2846 33
496 2803 532 2846 2,
566 2804 589 2838 4
613 2807 666 2838 bis
694 2803 752 2843 12,
786 2807 802 2838 Ι
826 2804 862 2846 9,
892 2805 1083 2847 1;11,13;
1112 2807 1298 2850 143115;
1328 2808 1378 2848 16,
1403 2808 1507 2849 4-6,
1537 2807 1719 2849 17‚1—3;

150 2851 185 2883 Π
245 2894 280 2936 1,
307 2894 328 2928 6
352 2875 574 2938 Et'superno
601 2895 706 2929 CDK.
731 2914 775 2918 —
800 2894 838 2936 2,
868 2896 882 2929 1
911 2898 1013 2929 Hunc
1039 2900 1067 2929 si
1093 2909 1188 2931 amas
1213 2900 1252 2932 B.
1279 2918 1318 2924 --
1345 2898 1377 2939 2,
1402 2899 1424 2934 3
1448 2900 1502 2933 Ad
1526 2900 1723 2933 habendum
