2031 3289
885 222 935 226 —
998 199 1079 240 482
1144 223 1210 248 -.

258 313 312 347 29.
354 315 557 356 Scorpionis
583 318 617 345 et
641 313 751 344 leonis
1074 308 1129 343 30.
1166 310 1221 343 Sit
1243 310 1406 349 Messiae,
1433 311 1479 342 sit
1503 310 1638 342 Mariae

394 361 508 392 Tensa
532 359 633 391 bonis
658 359 746 389 retia
1213 356 1316 387 Omni
1340 355 1397 386 die
1420 356 1544 397 gratia,

350 405 568 445 Dirumpatis
594 407 627 435 et
650 403 820 445 frangatis
1164 401 1272 439 Patri,
1298 400 1388 441 proli
1413 404 1447 431 et
1471 400 1592 438 amori,

395 450 487 481 Suae
511 450 597 480 artis
621 449 737 480 noxia.
1211 447 1286 477 Deo
1312 445 1379 476 soli
1405 445 1532 487 gloria.

735 524 790 558 31.
828 526 882 558 sit
906 525 1045 557 divinae
1075 526 1149 556 sine
1174 524 1242 556 fine

870 571 985 603 Decus
1012 574 1115 612 atque
1140 570 1253 611 gloria

824 617 1014 655 Maiestati,
1039 625 1109 658 qua
1135 617 1242 646 creati

871 661 998 693 Sumus
1023 671 1086 692 nos
1112 664 1146 692 et
1170 661 1298 691 omnia.

353 740 403 773 Es
438 742 555 783 folgen
587 741 678 772 noch
711 740 767 772 die
800 740 1051 782 iiberziihligen
1084 741 1223 771 Worte:
1262 738 1431 781 redempti
1464 742 1498 771 et
1530 739 1674 777 salvati3
1713 737 1825 769 daun:

258 787 380 819 Amen.
406 786 626 828 Expliciunt.

354 863 426 898 ΙΙΙ.
469 862 847 898 Handschriftliche
884 863 1205 904 Bemerkungen.
1269 864 1468 904 „Incipiunt
1499 864 1825 897 commendationes

260 913 387 944 beatae
403 908 558 942 Mariae“
587 911 624 941 F.
649 927 692 931 —
720 911 918 951 „Incipiunt
941 909 1062 951 hymni
1087 913 1228 940 sanctae
1245 906 1399 940 Mariae“
1428 909 1467 941 G.
1496 926 1540 930 —
1568 910 1629 951 „In
1645 910 1826 942 Laudibus

259 957 486 989 beatissimae
517 956 666 997 virginis
699 953 852 987 Mariae“
889 956 927 986 L.
966 973 1009 976 —
1045 955 1247 995 „Invocatio
1281 954 1422 985 divinae
1457 955 1650 995 sapientiae
1682 955 1781 997 faeta>
1806 965 1827 987 a

258 1001 490 1034 Bernardo
525 1000 741 1032 monacho
776 1001 812 1031 in
845 1000 983 1031 laudem
1016 1003 1203 1041 perpetuae
1237 996 1406 1041 virginis“
1440 999 1481 1031 A.
1518 1017 1560 1021 —
1588 1000 1827 1039 „Bernardi

258 1047 570 1088 Francigenae
603 1047 780 1077 orationes
811 1045 1028 1086 rhythmicae
1060 1046 1096 1076 in
1131 1045 1262 1076 honore
1294 1042 1463 1086 virginis“
1496 1045 1537 1076 N.
1570 1061 1615 1066 —-
1648 1046 1688 1076 In
1720 1046 1738 1077 1
1771 1056 1827 1078 arn

259 1092 440 1133 Anfange:

559 1135 742 1167 Auctorem
769 1137 850 1167 sciri
876 1137 905 1166 si
931 1136 977 1166 sit
1002 1145 1122 1166 revera
1147 1145 1287 1166 necesse

534 1160 649 1213 &allia
676 1181 953 1212 nernardum
978 1179 1155 1211 doctorem
1181 1158 1329 1211 credidit
1353 1177 1462 1211 esse‘².

259 1273 302 1304 In
327 1273 359 1304 K
385 1282 438 1303 am
465 1271 629 1303 Schlusse
654 1281 723 1301 von
749 1274 857 1302 erster
882 1270 1005 1302 Hand:

535 1338 742 1379 „Auctorem
769 1338 852 1369 sciri
878 1338 908 1369 si
935 1339 981 1369 sit
1006 1347 1126 1369 revera
1151 1347 1303 1375 necesse,

533 1383 651 1415 Gallia
674 1383 954 1415 Beruardum
979 1383 1153 1414 doctorem
1181 1382 1291 1414 edidit
1315 1389 1401 1413 esse.

534 1430 668 1460 Nomen
693 1429 729 1459 in
755 1428 820 1459 hoc
844 1429 942 1459 velut
968 1429 1002 1459 in
1027 1428 1172 1469 reliquis
1198 1429 1251 1458 vis
1277 1437 1379 1458 nosse
1404 1427 1559 1459 libellis?

533 1473 658 1515 Apella
683 1473 903 1511 Mariale,
929 1473 1022 1515 quod
1047 1476 1099 1504 est
1123 1473 1165 1504 de
1190 1472 1293 1504 laude
1317 1470 1485 1504 Mariae“.

260 1541 317 1573 An
350 1541 415 1572 den
448 1541 496 1573 hl.
531 1541 711 1573 Bernhard
745 1541 854 1573 denkt
886 1540 1074 1573 Collectan.
1108 1551 1170 1572 ms.
1205 1540 1411 1572 Carthusiae
1435 1540 1631 1572 Erfordien.
1660 1550 1749 1573 saec.
1777 1538 1829 1572 15.

264 1586 348 1618 Cod.
373 1586 567 1618 Londinen.
593 1586 680 1618 Add.
708 1583 819 1618 30935
853 1586 911 1618 fol.
937 1583 1021 1618 363:
1058 1586 1145 1627 „Per
1177 1589 1337 1617 octavam
1363 1586 1622 1626 Assumptionis
1654 1585 1829 1628 gloriosae

260 1632 409 1672 virginis
423 1632 556 1663 Mariae
574 1632 629 1663 vel
644 1633 737 1663 omni
754 1634 919 1672 tempore,
938 1641 1014 1662 cum
1035 1632 1098 1663 tibi
1114 1631 1296 1672 placuerit,
1314 1641 1450 1672 semper
1462 1631 1628 1662 dicendae
1643 1635 1828 1672 sequentes

263 1677 438 1708 orationes
464 1678 501 1707 in
526 1677 655 1708 honore
681 1677 829 1719 virginis
852 1677 997 1709 Mariae.
1038 1675 1086 1707 Et
1110 1679 1192 1708 sunt
1216 1677 1392 1708 orationes
1418 1677 1569 1707 sancti
1594 1676 1831 1714 Bel-nardi,

261 1722 381 1753 devoti
418 1721 603 1753 doctoris“.
666 1722 764 1754 Ganz
801 1721 955 1753 dieselbe
990 1722 1212 1763 Bemerkung
1249 1723 1286 1752 in
1323 1722 1436 1753 einem
1473 1721 1604 1753 andern
1635 1722 1732 1754 Orat.
1768 1732 1831 1754 ms.

215 1802 218 1805 ,
262 1766 471 1799 Carthusiae
496 1767 694 1799 Erfordien.
726 1777 815 1798 saec.
844 1765 885 1798 15
911 1768 947 1798 in
974 1767 1219 1798 Privatbesitz.

354 1811 383 1843 Ο
419 1811 481 1843 hat
510 1812 671 1853 folgende
698 1811 980 1853 Bemerkungen:
1014 1812 1247 1852 Soliloquium
1271 1810 1402 1853 (spater
1426 1811 1556 1853 korrig.
1583 1812 1622 1843 in
1646 1812 1824 1844 Praefatio

262 1858 300 1888 in
334 1857 572 1898 soliloquium)
597 1868 624 1888 s.
656 1857 844 1889 Thomae
870 1857 918 1889 de
949 1855 1160 1899 Aquin0“.
1192 1874 1236 1878 —
1269 1857 1447 1898 „Explicit
1476 1856 1670 1898 praefatio3
1703 1858 1827 1899 incipit

261 1901 487 1943 soliloquium
526 1903 794 1944 soliloquiorum
843 1903 994 1934 sancti
1034 1901 1229 1934 Thomae
1269 1903 1443 1944 Aquino
1486 1902 1740 1943 praedicatoris
1787 1902 1831 1934 ad

263 1950 420 1978 sanctam
437 1948 588 1979 Mariam
612 1949 785 1989 virginem
810 1945 1033 1990 gloriosam“.
1050 1965 1095 1969 —
1115 1947 1293 1989 „Explicit
1317 1947 1542 1989 soliloquium
1562 1948 1832 1989 soliloquiorum

263 1993 376 2024 sancti
401 1993 557 2025 Thomae
582 1993 624 2024 de
648 1991 821 2034 Aquino“.
1842 2031 1844 2033 ‚

357 2039 556 2079 „Incipiunt
580 2038 733 2079 rhythmi
759 2038 977 2070 devotissimi
1004 2038 1035 2070 S.
1065 2039 1229 2070 Leonis
1263 2046 1406 2080 papae
1431 2038 1468 2069 in
1492 2038 1630 2070 laudem
1655 2038 1831 2080 gloriosae

263 2085 297 2114 et
331 2093 466 2124 semper
496 2085 643 2125 virginis
678 2082 833 2114 Mariae“
866 2083 913 2115 M.
944 2100 988 2105 —
1021 2077 1172 2115 Ahnlich
1198 2084 1293 2116 Orat.
1323 2092 1385 2114 ms.
1411 2082 1444 2114 S.
1470 2083 1566 2115 Petri
1592 2083 1831 2126 Salisburgem

263 2137 353 2159 saec.
382 2126 432 2160 14.
459 2125 510 2170 [et
537 2126 603 2170 15.]
664 2128 746 2160 Cod.
771 2129 902 2160 Petrin.
929 2138 950 2160 a
974 2129 991 2159 I
1015 2126 1076 2160 20:
1113 2129 1313 2170 „Incipiunt
1336 2128 1554 2160 devotissimi
1578 2128 1732 2170 rhythmi
1757 2129 1830 2160 sive

263 2174 439 2205 orationes
464 2175 590 2206 beati
618 2175 785 2205 Leonis
812 2183 954 2215 papae
979 2174 1022 2205 ad
1047 2174 1211 2206 honorem
1237 2173 1322 2205 editi
1346 2175 1494 2215 virginis
1519 2172 1727 2215 g101·iosae“.

355 2219 438 2278 Co‘d.
458 2219 597 2251 Parisin
625 2217 743 2251 16499.
770 2219 826 2250 fol.
856 2216 940 2251 343:
969 2219 1236 2260 „Meditationes
1263 2220 1415 2250 sancti
1440 2219 1502 2250 An
1515 2219 1643 2251 selmi
1669 2219 1711 2251 de
1728 2219 1832 2251 beata

262 2273 400 2306 virgine
425 2288 432 2295 .
