1914 3223
702 167 758 171 ——
820 145 898 184 135
958 168 1012 172 —

336 285 346 296 .
393 256 505 295 Caste
535 257 671 304 pieque
702 257 870 296 vivamus
901 270 946 296 ac
975 259 1101 296 sobrie

394 313 475 353 Soli
505 315 702 352 tremendo
733 315 942 352 servientes
974 316 1148 363 Domino,

393 370 452 408 De
485 371 602 408 corde
633 381 728 418 puro
760 371 926 418 totisque
957 373 1192 419 praecordiis

391 427 544 464 Laudes
576 425 743 464 feramus
774 428 958 466 trinitatis
988 430 1134 474 unicae,

392 484 496 530 Quae
526 494 594 521 nos
626 484 787 521 redemit
819 486 986 531 pretioso
1017 486 1210 533 sanguine.

336 625 347 637 .
392 597 427 635 A
459 597 633 645 paradisi
663 596 905 634 laetabundis
935 597 1084 644 gaudiis

392 653 471 691 Nos
502 654 622 690 traxit
651 654 740 691 olim
773 653 941 691 ciborum
974 655 1177 700 cupiditas,

391 710 527 747 Portas
559 710 732 757 polorum
766 710 929 747 dulcedo
960 709 1158 758 gluttifera

392 766 592 805 Clauserat
622 767 700 804 alta
734 767 978 813 dispensante
1008 769 1144 815 gratia,

391 824 495 870 Quae
526 835 593 861 nos
624 823 777 861 reduxit
809 824 858 861 ad
891 824 1080 861 caelorum
1110 824 1253 865 limina,

335 966 345 977 .
392 936 473 974 Nos
504 937 605 975 laeta
633 938 753 975 traxit
784 948 872 974 caro
905 937 952 974 de
982 937 1178 983 paradiso,

390 993 500 1032 Misit
531 995 571 1031 in
602 994 712 1031 huius
743 994 885 1031 saeculi
916 994 1112 1037 exsilium;

390 1051 435 1088 In
466 1050 710 1088 lacrimarum
744 1051 843 1089 valle
876 1050 1146 1097 delitescimus,

391 1107 498 1145 Diris
529 1108 637 1155 ligati
668 1114 911 1155 peccatorum
942 1107 1130 1157 vinculis3

390 1163 550 1203 Afflicta
579 1165 692 1203 modo
726 1165 883 1202 reducat
914 1164 963 1201 ad
995 1164 1134 1201 sidera.

336 1309 344 1318 .
385 1278 626 1316 ‘Ieiuniorum
657 1282 744 1315 sunt
775 1282 925 1315 sacrata
956 1283 1140 1325 tempora,

390 1336 436 1373 In
465 1334 600 1382 quibus
632 1335 750 1372 hostis
783 1335 921 1371 bellum
952 1339 1077 1371 movet
1107 1335 1282 1385 invidus3

391 1392 453 1429 Ne
483 1392 697 1428 sanctitatis
729 1391 967 1428 cumulentur
997 1391 1146 1438 merita,

391 1448 660 1485 Tentationum
690 1448 813 1495 infigit
843 1448 1006 1491 aculeos,

392 1505 492 1551 Quos
523 1505 605 1544 sola
635 1506 745 1543 sedat
776 1505 980 1552 singularis
1010 1504 1173 1543 bonitas,

336 1648 345 1658 .
391 1619 523 1656 Ieiuna
554 1618 672 1655 vincit
703 1618 880 1656 vitiorum
909 1617 1014 1654 milia

391 1675 534 1713 Divina
562 1671 650 1712 c'aro
682 1674 914 1721 suffragante
945 1675 1080 1724 gratia,

392 1732 553 1770 Resistit
582 1733 675 1775 irae,
707 1732 863 1769 abdicat
892 1731 1103 1776 libidinem,

393 1789 470 1827 Dat
503 1789 669 1826 castitati
702 1788 936 1835 triumphale
967 1789 1189 1838 praemium,

394 1846 519 1893 Cingit
550 1856 689 1883 corona
719 1845 942 1893 virginalem
975 1845 1169 1884 verticem.

338 1989 347 1998 .
392 1959 560 2009 Moyses,
594 1959 737 1995 electus
768 1958 922 1996 Domini
953 1959 1177 2005 tirunculus,

392 2016 537 2054 Montis
568 2015 637 2052 sub
670 2021 780 2053 antro
812 2015 1066 2062 quadraginta
1099 2016 1244 2053 dierum

391 2073 623 2111 Ieiuniorum
656 2073 895 2109 consecravit
926 2070 1054 2117 ferias,

392 2129 445 2168 Ut
477 2129 599 2176 possit
629 2130 729 2166 almo
760 2130 881 2177 legem
914 2129 1097 2175 scriptam
1130 2128 1248 2175 digito

398 2186 539 2224 Sancta
570 2185 638 2223 sub
670 2197 763 2223 aura
795 2186 933 2223 leniter
962 2187 1167 2232 suscipere.

337 2331 346 2341 .
393 2300 587 2346 Propheta
614 2303 767 2336 sanctus
799 2299 931 2336 Helias
962 2298 1146 2336 abstinuit

393 2356 630 2400 Continuatis
660 2357 893 2402 totidemque
924 2355 1068 2400 diebus,

394 2414 506 2451 Ionas
539 2413 680 2450 dicavit
711 2413 880 2449 triduani
912 2414 1094 2458 temporis

395 2469 652 2507 Ninivitarum
683 2469 834 2506 celebre
865 2469 1059 2515 ieiunium,

393 2526 564 2564 Detersit
594 2537 704 2563 omne
735 2526 904 2563 criminis
935 2526 1138 2572 piaculum.

338 2669 347 2679 .
392 2639 496 2677 Fons
527 2639 694 2687 pietatis,
726 2638 875 2676 infinita
905 2638 1067 2684 bonitas,

395 2695 579 2743 Suscepta
610 2706 723 2732 carne
753 2695 1005 2742 quadraginta
1037 2693 1169 2730 diebus

394 2753 500 2790 Iesus
532 2752 752 2798 redemptor
782 2762 846 2788 ore
877 2752 980 2788 nullo
1011 2751 1169 2798 pertulit

395 2810 530 2847 Potum
563 2809 773 2856 cibumque,
807 2808 972 2844 sacravit
1003 2807 1180 2843 ieiunium

394 2866 429 2905 A
459 2865 625 2913 spiritali
657 2863 755 2902 fame
787 2875 854 2901 nos
886 2864 1051 2911 eripiens
