<?xml version="1.0" encoding="UTF-8"?>
<!DOCTYPE html PUBLIC "-//W3C//DTD XHTML 1.0 Transitional//EN"
    "http://www.w3.org/TR/xhtml1/DTD/xhtml1-transitional.dtd">
<html xmlns="http://www.w3.org/1999/xhtml" xml:lang="en" lang="en">
 <head>
  <title>
</title>
<meta http-equiv="Content-Type" content="text/html;charset=utf-8" />
  <meta name='ocr-system' content='tesseract 3.04.00' />
  <meta name='ocr-capabilities' content='ocr_page ocr_carea ocr_par ocr_line ocrx_word'/>
</head>
<body>
  <div class='ocr_page' id='page_1' title='image "./hymnographilatin01drevuoft_0348.png"; bbox 0 0 2031 3289; ppageno 0'>
   <div class='ocr_carea' id='block_1_1' title="bbox 948 229 1245 269">
    <p class='ocr_par' dir='ltr' id='par_1_1' title="bbox 948 229 1245 269">
     <span class='ocr_line' id='line_1_1' title="bbox 948 229 1245 269; baseline 0 0"><span class='ocrx_word' id='word_1_1' title='bbox 948 229 1245 269; x_wconf 82' lang='lat'>—342-</span> 
     </span>
    </p>
   </div>
   <div class='ocr_carea' id='block_1_2' title="bbox 316 340 1880 2583">
    <p class='ocr_par' dir='ltr' id='par_1_2' title="bbox 316 340 1880 2583">
     <span class='ocr_line' id='line_1_2' title="bbox 333 340 1689 393; baseline -0.004 -10"><span class='ocrx_word' id='word_1_2' title='bbox 333 346 397 383; x_wconf 86' lang='lat'>19.</span> <span class='ocrx_word' id='word_1_3' title='bbox 432 342 488 383; x_wconf 84' lang='lat' dir='ltr'>Ex</span> <span class='ocrx_word' id='word_1_4' title='bbox 523 355 578 393; x_wconf 79' lang='lat' dir='ltr'>eo,</span> <span class='ocrx_word' id='word_1_5' title='bbox 612 344 711 390; x_wconf 84' lang='lat' dir='ltr'>quod</span> <span class='ocrx_word' id='word_1_6' title='bbox 743 344 782 380; x_wconf 89' lang='lat' dir='ltr'>in</span> <span class='ocrx_word' id='word_1_7' title='bbox 812 354 936 380; x_wconf 89' lang='lat' dir='ltr'>annuo</span> <span class='ocrx_word' id='word_1_8' title='bbox 1147 344 1214 382; x_wconf 83' lang='lat'>22.</span> <span class='ocrx_word' id='word_1_9' title='bbox 1248 340 1361 391; x_wconf 87' lang='lat' dir='ltr'>Loco,</span> <span class='ocrx_word' id='word_1_10' title='bbox 1393 343 1456 389; x_wconf 91' lang='lat' dir='ltr'>qui</span> <span class='ocrx_word' id='word_1_11' title='bbox 1485 342 1689 379; x_wconf 86' lang='lat' dir='ltr'>Michaelio</span> 
     </span>
     <span class='ocr_line' id='line_1_3' title="bbox 430 398 1725 438; baseline -0.002 0"><span class='ocrx_word' id='word_1_12' title='bbox 430 401 496 438; x_wconf 84' lang='lat' dir='ltr'>Fit</span> <span class='ocrx_word' id='word_1_13' title='bbox 527 401 691 437; x_wconf 90' lang='lat' dir='ltr'>omnium</span> <span class='ocrx_word' id='word_1_14' title='bbox 722 398 819 436; x_wconf 84' lang='lat' dir='ltr'>festo</span> <span class='ocrx_word' id='word_1_15' title='bbox 850 404 914 436; x_wconf 89' lang='lat' dir='ltr'>tuo</span> <span class='ocrx_word' id='word_1_16' title='bbox 1245 399 1303 437; x_wconf 90' lang='lat' dir='ltr'>De</span> <span class='ocrx_word' id='word_1_17' title='bbox 1334 399 1505 435; x_wconf 89' lang='lat' dir='ltr'>medelae</span> <span class='ocrx_word' id='word_1_18' title='bbox 1536 398 1725 435; x_wconf 85' lang='lat' dir='ltr'>contrario</span> 
     </span>
     <span class='ocr_line' id='line_1_4' title="bbox 488 454 1848 506; baseline -0.001 -12"><span class='ocrx_word' id='word_1_19' title='bbox 488 457 694 494; x_wconf 84' lang='lat' dir='ltr'>Festivitas</span> <span class='ocrx_word' id='word_1_20' title='bbox 725 455 956 503; x_wconf 86' lang='lat' dir='ltr'>angelorum,</span> <span class='ocrx_word' id='word_1_21' title='bbox 1303 455 1453 492; x_wconf 85' lang='lat' dir='ltr'>Sanasti</span> <span class='ocrx_word' id='word_1_22' title='bbox 1483 454 1588 491; x_wconf 86' lang='lat' dir='ltr'>febre</span> <span class='ocrx_word' id='word_1_23' title='bbox 1618 455 1848 506; x_wconf 86' lang='lat' dir='ltr'>languidum,</span> 
     </span>
     <span class='ocr_line' id='line_1_5' title="bbox 429 511 1770 559; baseline -0.001 -9"><span class='ocrx_word' id='word_1_24' title='bbox 429 514 592 559; x_wconf 77' lang='lat' dir='ltr'>Accipio</span> <span class='ocrx_word' id='word_1_25' title='bbox 624 522 669 549; x_wconf 85' lang='lat' dir='ltr'>ex</span> <span class='ocrx_word' id='word_1_26' title='bbox 702 522 878 559; x_wconf 90' lang='lat' dir='ltr'>congruo,</span> <span class='ocrx_word' id='word_1_27' title='bbox 1245 512 1300 549; x_wconf 89' lang='lat' dir='ltr'>Te</span> <span class='ocrx_word' id='word_1_28' title='bbox 1331 512 1527 558; x_wconf 85' lang='lat' dir='ltr'>deprecor,</span> <span class='ocrx_word' id='word_1_29' title='bbox 1559 516 1600 547; x_wconf 85' lang='lat' dir='ltr'>ut</span> <span class='ocrx_word' id='word_1_30' title='bbox 1630 511 1770 559; x_wconf 83' lang='lat' dir='ltr'>saucio,</span> 
     </span>
     <span class='ocr_line' id='line_1_6' title="bbox 432 567 1609 615; baseline -0.002 -9"><span class='ocrx_word' id='word_1_31' title='bbox 432 570 469 606; x_wconf 82' lang='lat' dir='ltr'>Si</span> <span class='ocrx_word' id='word_1_32' title='bbox 504 568 730 615; x_wconf 82' lang='lat' dir='ltr'>quandoque</span> <span class='ocrx_word' id='word_1_33' title='bbox 760 579 818 604; x_wconf 85' lang='lat' dir='ltr'>me</span> <span class='ocrx_word' id='word_1_34' title='bbox 849 572 974 605; x_wconf 87' lang='lat' dir='ltr'>statuo</span> <span class='ocrx_word' id='word_1_35' title='bbox 1245 568 1438 605; x_wconf 87' lang='lat' dir='ltr'>Destituto</span> <span class='ocrx_word' id='word_1_36' title='bbox 1468 567 1609 604; x_wconf 88' lang='lat' dir='ltr'>solacio</span> 
     </span>
     <span class='ocr_line' id='line_1_7' title="bbox 489 620 1858 672; baseline -0.001 -9"><span class='ocrx_word' id='word_1_37' title='bbox 489 626 623 664; x_wconf 88' lang='lat' dir='ltr'>Coram</span> <span class='ocrx_word' id='word_1_38' title='bbox 664 630 700 660; x_wconf 70' lang='lat' dir='ltr'>te</span> <span class='ocrx_word' id='word_1_39' title='bbox 731 634 844 670; x_wconf 83' lang='lat' dir='ltr'>prece</span> <span class='ocrx_word' id='word_1_40' title='bbox 874 634 1063 672; x_wconf 89' lang='lat' dir='ltr'>sonorum,</span> <span class='ocrx_word' id='word_1_41' title='bbox 1303 624 1354 661; x_wconf 86' lang='lat' dir='ltr'>Et</span> <span class='ocrx_word' id='word_1_42' title='bbox 1393 623 1525 660; x_wconf 87' lang='lat' dir='ltr'>scienti</span> <span class='ocrx_word' id='word_1_43' title='bbox 1557 633 1615 659; x_wconf 91' lang='lat' dir='ltr'>me</span> <span class='ocrx_word' id='word_1_44' title='bbox 1645 620 1858 661; x_wconf 87' lang='lat' dir='ltr'>morbidum</span> 
     </span>
     <span class='ocr_line' id='line_1_8' title="bbox 431 680 1846 732; baseline -0.001 -15"><span class='ocrx_word' id='word_1_45' title='bbox 431 682 539 726; x_wconf 81' lang='lat' dir='ltr'>Quod</span> <span class='ocrx_word' id='word_1_46' title='bbox 558 681 607 717; x_wconf 88' lang='lat' dir='ltr'>sit</span> <span class='ocrx_word' id='word_1_47' title='bbox 621 681 831 717; x_wconf 87' lang='lat' dir='ltr'>adlaudem</span> <span class='ocrx_word' id='word_1_48' title='bbox 845 685 1063 717; x_wconf 89' lang='lat' dir='ltr'>cunctorum</span> <span class='ocrx_word' id='word_1_49' title='bbox 1245 680 1303 717; x_wconf 92' lang='lat' dir='ltr'>De</span> <span class='ocrx_word' id='word_1_50' title='bbox 1335 690 1390 727; x_wconf 89' lang='lat' dir='ltr'>e0,</span> <span class='ocrx_word' id='word_1_51' title='bbox 1422 680 1520 726; x_wconf 87' lang='lat' dir='ltr'>quod</span> <span class='ocrx_word' id='word_1_52' title='bbox 1553 683 1609 716; x_wconf 85' lang='lat' dir='ltr'>est</span> <span class='ocrx_word' id='word_1_53' title='bbox 1639 680 1846 732; x_wconf 80' lang='lat' dir='ltr'>horridum,</span> 
     </span>
     <span class='ocr_line' id='line_1_9' title="bbox 431 736 1783 785; baseline -0.001 -11"><span class='ocrx_word' id='word_1_54' title='bbox 431 738 699 784; x_wconf 86' lang='lat' dir='ltr'>Honoremque</span> <span class='ocrx_word' id='word_1_55' title='bbox 729 737 960 784; x_wconf 90' lang='lat' dir='ltr'>singulorum</span> <span class='ocrx_word' id='word_1_56' title='bbox 1247 736 1485 774; x_wconf 80' lang='lat' dir='ltr'>Contrarium</span> <span class='ocrx_word' id='word_1_57' title='bbox 1518 740 1555 772; x_wconf 86' lang='lat' dir='ltr'>et</span> <span class='ocrx_word' id='word_1_58' title='bbox 1585 736 1783 785; x_wconf 89' lang='lat' dir='ltr'>torridum,</span> 
     </span>
     <span class='ocr_line' id='line_1_10' title="bbox 489 791 1725 840; baseline 0 -10"><span class='ocrx_word' id='word_1_59' title='bbox 489 793 648 831; x_wconf 85' lang='lat' dir='ltr'>Servato</span> <span class='ocrx_word' id='word_1_60' title='bbox 680 793 812 830; x_wconf 86' lang='lat' dir='ltr'>ordine</span> <span class='ocrx_word' id='word_1_61' title='bbox 842 804 922 840; x_wconf 90' lang='lat' dir='ltr'>suo,</span> <span class='ocrx_word' id='word_1_62' title='bbox 1302 793 1399 829; x_wconf 87' lang='lat' dir='ltr'>Mihi</span> <span class='ocrx_word' id='word_1_63' title='bbox 1432 791 1497 829; x_wconf 85' lang='lat' dir='ltr'>fiat</span> <span class='ocrx_word' id='word_1_64' title='bbox 1527 791 1725 839; x_wconf 81' lang='lat' dir='ltr'>confectio,</span> 
     </span>
     <span class='ocr_line' id='line_1_11' title="bbox 432 849 1876 896; baseline 0 -10"><span class='ocrx_word' id='word_1_65' title='bbox 432 850 494 886; x_wconf 84' lang='lat' dir='ltr'>Sic</span> <span class='ocrx_word' id='word_1_66' title='bbox 525 850 626 896; x_wconf 89' lang='lat' dir='ltr'>quod</span> <span class='ocrx_word' id='word_1_67' title='bbox 657 850 873 886; x_wconf 83' lang='lat' dir='ltr'>interventu</span> <span class='ocrx_word' id='word_1_68' title='bbox 903 849 1036 886; x_wconf 89' lang='lat' dir='ltr'>horum</span> <span class='ocrx_word' id='word_1_69' title='bbox 1246 849 1312 885; x_wconf 90' lang='lat' dir='ltr'>Me</span> <span class='ocrx_word' id='word_1_70' title='bbox 1347 849 1511 885; x_wconf 90' lang='lat' dir='ltr'>reddens</span> <span class='ocrx_word' id='word_1_71' title='bbox 1542 859 1611 895; x_wconf 88' lang='lat' dir='ltr'>per</span> <span class='ocrx_word' id='word_1_72' title='bbox 1641 852 1678 885; x_wconf 92' lang='lat' dir='ltr'>te</span> <span class='ocrx_word' id='word_1_73' title='bbox 1708 849 1876 886; x_wconf 84' lang='lat' dir='ltr'>validum</span> 
     </span>
     <span class='ocr_line' id='line_1_12' title="bbox 430 905 1787 952; baseline -0.001 -9"><span class='ocrx_word' id='word_1_74' title='bbox 430 907 585 952; x_wconf 84' lang='lat' dir='ltr'>Tuoque</span> <span class='ocrx_word' id='word_1_75' title='bbox 618 916 772 952; x_wconf 83' lang='lat' dir='ltr'>regnum</span> <span class='ocrx_word' id='word_1_76' title='bbox 805 906 994 942; x_wconf 84' lang='lat' dir='ltr'>caelorum</span> <span class='ocrx_word' id='word_1_77' title='bbox 1247 905 1308 942; x_wconf 89' lang='lat' dir='ltr'>Ad</span> <span class='ocrx_word' id='word_1_78' title='bbox 1341 906 1591 952; x_wconf 87' lang='lat' dir='ltr'>virtutemque</span> <span class='ocrx_word' id='word_1_79' title='bbox 1619 905 1787 943; x_wconf 89' lang='lat' dir='ltr'>vividum</span> 
     </span>
     <span class='ocr_line' id='line_1_13' title="bbox 487 961 1798 1008; baseline 0 -10"><span class='ocrx_word' id='word_1_80' title='bbox 487 962 609 999; x_wconf 80' lang='lat' dir='ltr'>Detur</span> <span class='ocrx_word' id='word_1_81' title='bbox 637 963 729 998; x_wconf 88' lang='lat' dir='ltr'>mihi</span> <span class='ocrx_word' id='word_1_82' title='bbox 759 966 958 1008; x_wconf 90' lang='lat' dir='ltr'>perpetuo.</span> <span class='ocrx_word' id='word_1_83' title='bbox 1302 961 1458 1008; x_wconf 86' lang='lat' dir='ltr'>Absque</span> <span class='ocrx_word' id='word_1_84' title='bbox 1491 962 1798 1002; x_wconf 82' lang='lat' dir='ltr'>contradictorio.</span> 
     </span>
     <span class='ocr_line' id='line_1_14' title="bbox 333 1060 1703 1112; baseline -0.001 -10"><span class='ocrx_word' id='word_1_85' title='bbox 333 1065 397 1102; x_wconf 88' lang='lat'>20.</span> <span class='ocrx_word' id='word_1_86' title='bbox 431 1060 584 1112; x_wconf 86' lang='lat' dir='ltr'>Virgini</span> <span class='ocrx_word' id='word_1_87' title='bbox 616 1065 728 1101; x_wconf 83' lang='lat' dir='ltr'>matri</span> <span class='ocrx_word' id='word_1_88' title='bbox 759 1064 929 1101; x_wconf 89' lang='lat' dir='ltr'>nuntium</span> <span class='ocrx_word' id='word_1_89' title='bbox 1148 1065 1214 1102; x_wconf 84' lang='lat'>23.</span> <span class='ocrx_word' id='word_1_90' title='bbox 1246 1060 1385 1102; x_wconf 87' lang='lat' dir='ltr'>Libera</span> <span class='ocrx_word' id='word_1_91' title='bbox 1417 1073 1475 1099; x_wconf 89' lang='lat' dir='ltr'>me</span> <span class='ocrx_word' id='word_1_92' title='bbox 1508 1064 1554 1100; x_wconf 89' lang='lat' dir='ltr'>de</span> <span class='ocrx_word' id='word_1_93' title='bbox 1584 1064 1703 1101; x_wconf 91' lang='lat' dir='ltr'>leonis</span> 
     </span>
     <span class='ocr_line' id='line_1_15' title="bbox 429 1117 1741 1166; baseline -0.001 -8"><span class='ocrx_word' id='word_1_94' title='bbox 429 1121 709 1158; x_wconf 85' lang='lat' dir='ltr'>Transmissum</span> <span class='ocrx_word' id='word_1_95' title='bbox 741 1121 871 1158; x_wconf 88' lang='lat' dir='ltr'>ducem</span> <span class='ocrx_word' id='word_1_96' title='bbox 895 1119 1062 1166; x_wconf 87' lang='lat' dir='ltr'>fortium,</span> <span class='ocrx_word' id='word_1_97' title='bbox 1245 1117 1322 1156; x_wconf 91' lang='lat' dir='ltr'>Ore</span> <span class='ocrx_word' id='word_1_98' title='bbox 1354 1118 1534 1166; x_wconf 85' lang='lat' dir='ltr'>fauceque</span> <span class='ocrx_word' id='word_1_99' title='bbox 1567 1120 1741 1157; x_wconf 87' lang='lat' dir='ltr'>draconis</span> 
     </span>
     <span class='ocr_line' id='line_1_16' title="bbox 488 1175 1804 1226; baseline -0.001 -12"><span class='ocrx_word' id='word_1_100' title='bbox 488 1177 706 1214; x_wconf 82' lang='lat' dir='ltr'>Gabrielem</span> <span class='ocrx_word' id='word_1_101' title='bbox 737 1177 994 1224; x_wconf 84' lang='lat' dir='ltr'>praemaxime</span> <span class='ocrx_word' id='word_1_102' title='bbox 1302 1178 1428 1222; x_wconf 83' lang='lat' dir='ltr'>Atque</span> <span class='ocrx_word' id='word_1_103' title='bbox 1459 1177 1506 1213; x_wconf 90' lang='lat' dir='ltr'>de</span> <span class='ocrx_word' id='word_1_104' title='bbox 1537 1181 1646 1222; x_wconf 85' lang='lat' dir='ltr'>porta</span> <span class='ocrx_word' id='word_1_105' title='bbox 1678 1175 1804 1226; x_wconf 87' lang='lat' dir='ltr'>inferi,</span> 
     </span>
     <span class='ocr_line' id='line_1_17' title="bbox 432 1232 1647 1280; baseline -0.001 -10"><span class='ocrx_word' id='word_1_106' title='bbox 432 1234 572 1270; x_wconf 85' lang='lat' dir='ltr'>Tecum</span> <span class='ocrx_word' id='word_1_107' title='bbox 604 1239 717 1280; x_wconf 84' lang='lat' dir='ltr'>atque</span> <span class='ocrx_word' id='word_1_108' title='bbox 749 1233 960 1270; x_wconf 86' lang='lat' dir='ltr'>consocium</span> <span class='ocrx_word' id='word_1_109' title='bbox 1246 1232 1298 1270; x_wconf 91' lang='lat' dir='ltr'>Ut</span> <span class='ocrx_word' id='word_1_110' title='bbox 1330 1233 1464 1269; x_wconf 86' lang='lat' dir='ltr'>beatae</span> <span class='ocrx_word' id='word_1_111' title='bbox 1494 1233 1647 1269; x_wconf 84' lang='lat' dir='ltr'>visionis</span> 
     </span>
     <span class='ocr_line' id='line_1_18' title="bbox 432 1287 1754 1338; baseline -0.001 -11"><span class='ocrx_word' id='word_1_112' title='bbox 432 1290 576 1327; x_wconf 89' lang='lat' dir='ltr'>Ducem</span> <span class='ocrx_word' id='word_1_113' title='bbox 608 1290 841 1336; x_wconf 83' lang='lat' dir='ltr'>Raphaelem</span> <span class='ocrx_word' id='word_1_114' title='bbox 873 1290 977 1336; x_wconf 85' lang='lat' dir='ltr'>pium</span> <span class='ocrx_word' id='word_1_115' title='bbox 1245 1289 1395 1335; x_wconf 84' lang='lat' dir='ltr'>optatis</span> <span class='ocrx_word' id='word_1_116' title='bbox 1426 1287 1604 1336; x_wconf 83' lang='lat' dir='ltr'>perfruar</span> <span class='ocrx_word' id='word_1_117' title='bbox 1635 1289 1754 1338; x_wconf 85' lang='lat' dir='ltr'>bonis,</span> 
     </span>
     <span class='ocr_line' id='line_1_19' title="bbox 487 1346 1844 1395; baseline 0 -12"><span class='ocrx_word' id='word_1_118' title='bbox 487 1347 626 1384; x_wconf 87' lang='lat' dir='ltr'>Invoco</span> <span class='ocrx_word' id='word_1_119' title='bbox 659 1346 921 1391; x_wconf 73' lang='lat' dir='ltr'>devotissime,</span> <span class='ocrx_word' id='word_1_120' title='bbox 1305 1346 1455 1382; x_wconf 80' lang='lat' dir='ltr'>Portam</span> <span class='ocrx_word' id='word_1_121' title='bbox 1488 1346 1685 1382; x_wconf 88' lang='lat' dir='ltr'>caelestem</span> <span class='ocrx_word' id='word_1_122' title='bbox 1716 1346 1844 1395; x_wconf 84' lang='lat' dir='ltr'>aperi3</span> 
     </span>
     <span class='ocr_line' id='line_1_20' title="bbox 432 1401 1737 1449; baseline 0 -10"><span class='ocrx_word' id='word_1_123' title='bbox 432 1403 508 1440; x_wconf 75' lang='lat' dir='ltr'>Vos</span> <span class='ocrx_word' id='word_1_124' title='bbox 538 1409 616 1440; x_wconf 91' lang='lat' dir='ltr'>tres</span> <span class='ocrx_word' id='word_1_125' title='bbox 649 1403 807 1449; x_wconf 87' lang='lat' dir='ltr'>potestis</span> <span class='ocrx_word' id='word_1_126' title='bbox 839 1403 986 1439; x_wconf 88' lang='lat' dir='ltr'>animae</span> <span class='ocrx_word' id='word_1_127' title='bbox 1247 1402 1289 1438; x_wconf 91' lang='lat' dir='ltr'>In</span> <span class='ocrx_word' id='word_1_128' title='bbox 1323 1401 1455 1439; x_wconf 87' lang='lat' dir='ltr'>umbra</span> <span class='ocrx_word' id='word_1_129' title='bbox 1485 1403 1558 1438; x_wconf 89' lang='lat' dir='ltr'>mei</span> <span class='ocrx_word' id='word_1_130' title='bbox 1591 1404 1737 1448; x_wconf 82' lang='lat' dir='ltr'>vesperi</span> 
     </span>
     <span class='ocr_line' id='line_1_21' title="bbox 433 1457 1612 1506; baseline -0.003 -9"><span class='ocrx_word' id='word_1_131' title='bbox 433 1459 656 1506; x_wconf 86' lang='lat' dir='ltr'>Captivatae</span> <span class='ocrx_word' id='word_1_132' title='bbox 685 1460 963 1506; x_wconf 85' lang='lat' dir='ltr'>pauperrimae,</span> <span class='ocrx_word' id='word_1_133' title='bbox 1246 1458 1298 1495; x_wconf 87' lang='lat' dir='ltr'>Et</span> <span class='ocrx_word' id='word_1_134' title='bbox 1329 1459 1432 1495; x_wconf 84' lang='lat' dir='ltr'>exitu</span> <span class='ocrx_word' id='word_1_135' title='bbox 1462 1457 1612 1495; x_wconf 87' lang='lat' dir='ltr'>luciferi</span> 
     </span>
     <span class='ocr_line' id='line_1_22' title="bbox 488 1515 1811 1563; baseline -0.002 -10"><span class='ocrx_word' id='word_1_136' title='bbox 488 1516 556 1554; x_wconf 89' lang='lat' dir='ltr'>Cui</span> <span class='ocrx_word' id='word_1_137' title='bbox 588 1520 747 1563; x_wconf 88' lang='lat' dir='ltr'>negatur</span> <span class='ocrx_word' id='word_1_138' title='bbox 778 1516 972 1562; x_wconf 86' lang='lat' dir='ltr'>solacium,</span> <span class='ocrx_word' id='word_1_139' title='bbox 1303 1515 1361 1552; x_wconf 90' lang='lat' dir='ltr'>De</span> <span class='ocrx_word' id='word_1_140' title='bbox 1392 1515 1572 1561; x_wconf 83' lang='lat' dir='ltr'>gradibus</span> <span class='ocrx_word' id='word_1_141' title='bbox 1602 1515 1811 1562; x_wconf 88' lang='lat' dir='ltr'>scorpionis</span> 
     </span>
     <span class='ocr_line' id='line_1_23' title="bbox 432 1571 1755 1619; baseline -0.001 -10"><span class='ocrx_word' id='word_1_142' title='bbox 432 1571 615 1611; x_wconf 81' lang='lat' dir='ltr'>Conferre</span> <span class='ocrx_word' id='word_1_143' title='bbox 647 1573 910 1619; x_wconf 88' lang='lat' dir='ltr'>potentissime</span> <span class='ocrx_word' id='word_1_144' title='bbox 1249 1571 1398 1608; x_wconf 89' lang='lat' dir='ltr'>Memor</span> <span class='ocrx_word' id='word_1_145' title='bbox 1428 1571 1480 1608; x_wconf 90' lang='lat' dir='ltr'>sis</span> <span class='ocrx_word' id='word_1_146' title='bbox 1511 1571 1583 1608; x_wconf 90' lang='lat' dir='ltr'>mei</span> <span class='ocrx_word' id='word_1_147' title='bbox 1613 1571 1755 1619; x_wconf 90' lang='lat' dir='ltr'>miseri,</span> 
     </span>
     <span class='ocr_line' id='line_1_24' title="bbox 431 1627 1779 1676; baseline 0 -11"><span class='ocrx_word' id='word_1_148' title='bbox 431 1632 556 1676; x_wconf 89' lang='lat' dir='ltr'>Atque</span> <span class='ocrx_word' id='word_1_149' title='bbox 587 1627 849 1665; x_wconf 79' lang='lat' dir='ltr'>efficacissime</span> <span class='ocrx_word' id='word_1_150' title='bbox 1250 1627 1308 1664; x_wconf 79' lang='lat' dir='ltr'>Ne</span> <span class='ocrx_word' id='word_1_151' title='bbox 1339 1628 1500 1665; x_wconf 85' lang='lat' dir='ltr'>traditus</span> <span class='ocrx_word' id='word_1_152' title='bbox 1532 1629 1602 1666; x_wconf 90' lang='lat' dir='ltr'>sim</span> <span class='ocrx_word' id='word_1_153' title='bbox 1634 1629 1779 1665; x_wconf 86' lang='lat' dir='ltr'>carceri</span> 
     </span>
     <span class='ocr_line' id='line_1_25' title="bbox 493 1684 1793 1732; baseline -0.001 -10"><span class='ocrx_word' id='word_1_154' title='bbox 493 1686 648 1722; x_wconf 85' lang='lat' dir='ltr'>Plenum</span> <span class='ocrx_word' id='word_1_155' title='bbox 679 1686 812 1723; x_wconf 81' lang='lat' dir='ltr'>salutis</span> <span class='ocrx_word' id='word_1_156' title='bbox 844 1685 1035 1732; x_wconf 85' lang='lat' dir='ltr'>gaudium.</span> <span class='ocrx_word' id='word_1_157' title='bbox 1306 1686 1497 1721; x_wconf 86' lang='lat' dir='ltr'>Aeternae</span> <span class='ocrx_word' id='word_1_158' title='bbox 1530 1684 1793 1725; x_wconf 83' lang='lat' dir='ltr'>damnationis.</span> 
     </span>
     <span class='ocr_line' id='line_1_26' title="bbox 336 1782 1783 1838; baseline -0.001 -13"><span class='ocrx_word' id='word_1_159' title='bbox 336 1787 404 1825; x_wconf 87' lang='lat'>21.</span> <span class='ocrx_word' id='word_1_160' title='bbox 424 1784 576 1838; x_wconf 23' lang='lat' dir='ltr'>‘Inclite</span> <span class='ocrx_word' id='word_1_161' title='bbox 610 1786 684 1823; x_wconf 84' lang='lat' dir='ltr'>dux</span> <span class='ocrx_word' id='word_1_162' title='bbox 717 1790 753 1822; x_wconf 85' lang='lat' dir='ltr'>et</span> <span class='ocrx_word' id='word_1_163' title='bbox 783 1786 958 1834; x_wconf 80' lang='lat' dir='ltr'>bellator,</span> <span class='ocrx_word' id='word_1_164' title='bbox 1149 1787 1214 1824; x_wconf 88' lang='lat'>24.</span> <span class='ocrx_word' id='word_1_165' title='bbox 1247 1782 1470 1824; x_wconf 86' lang='lat' dir='ltr'>Animarum</span> <span class='ocrx_word' id='word_1_166' title='bbox 1505 1786 1568 1832; x_wconf 89' lang='lat' dir='ltr'>qui</span> <span class='ocrx_word' id='word_1_167' title='bbox 1598 1785 1783 1823; x_wconf 80' lang='lat' dir='ltr'>libramen</span> 
     </span>
     <span class='ocr_line' id='line_1_27' title="bbox 427 1836 1775 1894; baseline 0 -15"><span class='ocrx_word' id='word_1_168' title='bbox 427 1836 609 1894; x_wconf 79' lang='lat' dir='ltr'>Michael,</span> <span class='ocrx_word' id='word_1_169' title='bbox 644 1843 763 1879; x_wconf 85' lang='lat' dir='ltr'>hostis</span> <span class='ocrx_word' id='word_1_170' title='bbox 795 1843 979 1886; x_wconf 88' lang='lat' dir='ltr'>domator,</span> <span class='ocrx_word' id='word_1_171' title='bbox 1246 1842 1296 1879; x_wconf 89' lang='lat' dir='ltr'>Et</span> <span class='ocrx_word' id='word_1_172' title='bbox 1329 1846 1505 1878; x_wconf 80' lang='lat' dir='ltr'>stateram</span> <span class='ocrx_word' id='word_1_173' title='bbox 1539 1842 1586 1879; x_wconf 84' lang='lat' dir='ltr'>ad</span> <span class='ocrx_word' id='word_1_174' title='bbox 1619 1853 1775 1880; x_wconf 81' lang='lat' dir='ltr'>examen</span> 
     </span>
     <span class='ocr_line' id='line_1_28' title="bbox 467 1893 1875 1947; baseline 0.001 -12"><span class='ocrx_word' id='word_1_175' title='bbox 467 1893 561 1936; x_wconf 59' lang='lat' dir='ltr'>*Pro</span> <span class='ocrx_word' id='word_1_176' title='bbox 577 1910 634 1935; x_wconf 89' lang='lat' dir='ltr'>me</span> <span class='ocrx_word' id='word_1_177' title='bbox 648 1905 793 1936; x_wconf 88' lang='lat' dir='ltr'>scutum</span> <span class='ocrx_word' id='word_1_178' title='bbox 806 1899 1063 1945; x_wconf 83' lang='lat' dir='ltr'>apprehende,</span> <span class='ocrx_word' id='word_1_179' title='bbox 1305 1898 1446 1945; x_wconf 84' lang='lat' dir='ltr'>Habes,</span> <span class='ocrx_word' id='word_1_180' title='bbox 1473 1899 1634 1945; x_wconf 82' lang='lat' dir='ltr'>supplex</span> <span class='ocrx_word' id='word_1_181' title='bbox 1654 1903 1691 1935; x_wconf 92' lang='lat' dir='ltr'>te</span> <span class='ocrx_word' id='word_1_182' title='bbox 1713 1900 1875 1947; x_wconf 89' lang='lat' dir='ltr'>postulo,</span> 
     </span>
     <span class='ocr_line' id='line_1_29' title="bbox 432 1955 1877 2003; baseline 0.001 -10"><span class='ocrx_word' id='word_1_183' title='bbox 432 1956 527 1994; x_wconf 87' lang='lat' dir='ltr'>Esto</span> <span class='ocrx_word' id='word_1_184' title='bbox 559 1966 663 1992; x_wconf 88' lang='lat' dir='ltr'>meus</span> <span class='ocrx_word' id='word_1_185' title='bbox 694 1960 965 2003; x_wconf 81' lang='lat' dir='ltr'>propugnator,</span> <span class='ocrx_word' id='word_1_186' title='bbox 1249 1957 1299 1994; x_wconf 88' lang='lat' dir='ltr'>Ut</span> <span class='ocrx_word' id='word_1_187' title='bbox 1333 1966 1415 1991; x_wconf 92' lang='lat' dir='ltr'>cum</span> <span class='ocrx_word' id='word_1_188' title='bbox 1448 1955 1575 1992; x_wconf 86' lang='lat' dir='ltr'>trahes</span> <span class='ocrx_word' id='word_1_189' title='bbox 1600 1956 1649 1992; x_wconf 85' lang='lat' dir='ltr'>ad</span> <span class='ocrx_word' id='word_1_190' title='bbox 1671 1956 1877 2002; x_wconf 85' lang='lat' dir='ltr'>probamen</span> 
     </span>
     <span class='ocr_line' id='line_1_30' title="bbox 433 2011 1720 2060; baseline -0.001 -11"><span class='ocrx_word' id='word_1_191' title='bbox 433 2013 631 2049; x_wconf 88' lang='lat' dir='ltr'>Protector</span> <span class='ocrx_word' id='word_1_192' title='bbox 662 2017 698 2048; x_wconf 89' lang='lat' dir='ltr'>et</span> <span class='ocrx_word' id='word_1_193' title='bbox 729 2012 942 2059; x_wconf 81' lang='lat' dir='ltr'>clippeator</span> <span class='ocrx_word' id='word_1_194' title='bbox 1248 2011 1383 2050; x_wconf 86' lang='lat' dir='ltr'>Miseri</span> <span class='ocrx_word' id='word_1_195' title='bbox 1414 2011 1487 2048; x_wconf 91' lang='lat' dir='ltr'>mei</span> <span class='ocrx_word' id='word_1_196' title='bbox 1518 2012 1720 2060; x_wconf 84' lang='lat' dir='ltr'>spiramen,</span> 
     </span>
     <span class='ocr_line' id='line_1_31' title="bbox 487 2067 1855 2116; baseline 0.001 -10"><span class='ocrx_word' id='word_1_197' title='bbox 487 2069 537 2106; x_wconf 87' lang='lat' dir='ltr'>Et</span> <span class='ocrx_word' id='word_1_198' title='bbox 569 2072 745 2115; x_wconf 88' lang='lat' dir='ltr'>potenter</span> <span class='ocrx_word' id='word_1_199' title='bbox 775 2080 835 2105; x_wconf 90' lang='lat' dir='ltr'>me</span> <span class='ocrx_word' id='word_1_200' title='bbox 868 2067 1044 2114; x_wconf 86' lang='lat' dir='ltr'>defende,</span> <span class='ocrx_word' id='word_1_201' title='bbox 1305 2068 1508 2115; x_wconf 84' lang='lat' dir='ltr'>Egressum</span> <span class='ocrx_word' id='word_1_202' title='bbox 1542 2071 1588 2105; x_wconf 89' lang='lat' dir='ltr'>de</span> <span class='ocrx_word' id='word_1_203' title='bbox 1619 2070 1855 2116; x_wconf 88' lang='lat' dir='ltr'>corpusculo,</span> 
     </span>
     <span class='ocr_line' id='line_1_32' title="bbox 432 2124 1676 2173; baseline -0.001 -10"><span class='ocrx_word' id='word_1_204' title='bbox 432 2126 494 2163; x_wconf 92' lang='lat' dir='ltr'>Ad</span> <span class='ocrx_word' id='word_1_205' title='bbox 526 2137 585 2162; x_wconf 91' lang='lat' dir='ltr'>me</span> <span class='ocrx_word' id='word_1_206' title='bbox 615 2130 846 2172; x_wconf 86' lang='lat' dir='ltr'>prostratum</span> <span class='ocrx_word' id='word_1_207' title='bbox 878 2125 1066 2162; x_wconf 89' lang='lat' dir='ltr'>descende</span> <span class='ocrx_word' id='word_1_208' title='bbox 1247 2125 1295 2161; x_wconf 88' lang='lat' dir='ltr'>Ei</span> <span class='ocrx_word' id='word_1_209' title='bbox 1326 2125 1431 2173; x_wconf 85' lang='lat' dir='ltr'>assis,</span> <span class='ocrx_word' id='word_1_210' title='bbox 1466 2135 1512 2161; x_wconf 89' lang='lat' dir='ltr'>ne</span> <span class='ocrx_word' id='word_1_211' title='bbox 1542 2124 1676 2162; x_wconf 88' lang='lat' dir='ltr'>zabulo</span> 
     </span>
     <span class='ocr_line' id='line_1_33' title="bbox 434 2181 1715 2228; baseline -0.001 -10"><span class='ocrx_word' id='word_1_212' title='bbox 434 2182 504 2219; x_wconf 90' lang='lat' dir='ltr'>Vel</span> <span class='ocrx_word' id='word_1_213' title='bbox 535 2193 684 2219; x_wconf 89' lang='lat' dir='ltr'>manum</span> <span class='ocrx_word' id='word_1_214' title='bbox 717 2187 816 2219; x_wconf 84' lang='lat' dir='ltr'>tuam</span> <span class='ocrx_word' id='word_1_215' title='bbox 851 2182 1024 2228; x_wconf 86' lang='lat' dir='ltr'>extende,</span> <span class='ocrx_word' id='word_1_216' title='bbox 1246 2181 1439 2218; x_wconf 88' lang='lat' dir='ltr'>Tradatur</span> <span class='ocrx_word' id='word_1_217' title='bbox 1468 2191 1537 2227; x_wconf 89' lang='lat' dir='ltr'>pro</span> <span class='ocrx_word' id='word_1_218' title='bbox 1566 2181 1715 2227; x_wconf 84' lang='lat' dir='ltr'>piaculo</span> 
     </span>
     <span class='ocr_line' id='line_1_34' title="bbox 491 2237 1880 2287; baseline 0.001 -12"><span class='ocrx_word' id='word_1_219' title='bbox 491 2239 579 2275; x_wconf 90' lang='lat' dir='ltr'>Pius</span> <span class='ocrx_word' id='word_1_220' title='bbox 614 2237 736 2276; x_wconf 89' lang='lat' dir='ltr'>factus</span> <span class='ocrx_word' id='word_1_221' title='bbox 768 2239 968 2287; x_wconf 82' lang='lat' dir='ltr'>relevator,</span> <span class='ocrx_word' id='word_1_222' title='bbox 1305 2237 1547 2274; x_wconf 86' lang='lat' dir='ltr'>Tradendum</span> <span class='ocrx_word' id='word_1_223' title='bbox 1571 2237 1620 2274; x_wconf 88' lang='lat' dir='ltr'>ad</span> <span class='ocrx_word' id='word_1_224' title='bbox 1642 2237 1880 2285; x_wconf 71' lang='lat' dir='ltr'>flagellamen</span> 
     </span>
     <span class='ocr_line' id='line_1_35' title="bbox 431 2294 1732 2342; baseline -0.002 -10"><span class='ocrx_word' id='word_1_225' title='bbox 431 2296 494 2332; x_wconf 92' lang='lat' dir='ltr'>Ad</span> <span class='ocrx_word' id='word_1_226' title='bbox 525 2306 705 2342; x_wconf 80' lang='lat' dir='ltr'>meaeque</span> <span class='ocrx_word' id='word_1_227' title='bbox 736 2295 790 2332; x_wconf 87' lang='lat' dir='ltr'>sic</span> <span class='ocrx_word' id='word_1_228' title='bbox 821 2295 976 2332; x_wconf 88' lang='lat' dir='ltr'>intende</span> <span class='ocrx_word' id='word_1_229' title='bbox 1249 2296 1306 2330; x_wconf 92' lang='lat' dir='ltr'>Ac</span> <span class='ocrx_word' id='word_1_230' title='bbox 1337 2299 1377 2330; x_wconf 91' lang='lat' dir='ltr'>ut</span> <span class='ocrx_word' id='word_1_231' title='bbox 1409 2305 1500 2340; x_wconf 88' lang='lat' dir='ltr'>pera</span> <span class='ocrx_word' id='word_1_232' title='bbox 1531 2299 1567 2330; x_wconf 91' lang='lat' dir='ltr'>et</span> <span class='ocrx_word' id='word_1_233' title='bbox 1599 2294 1732 2331; x_wconf 89' lang='lat' dir='ltr'>baculo</span> 
     </span>
     <span class='ocr_line' id='line_1_36' title="bbox 432 2350 1716 2396; baseline 0 -8"><span class='ocrx_word' id='word_1_234' title='bbox 432 2352 713 2388; x_wconf 85' lang='lat' dir='ltr'>Vulnerationis</span> <span class='ocrx_word' id='word_1_235' title='bbox 744 2350 891 2388; x_wconf 82' lang='lat' dir='ltr'>flendae</span> <span class='ocrx_word' id='word_1_236' title='bbox 1249 2350 1437 2387; x_wconf 82' lang='lat' dir='ltr'>Munitum</span> <span class='ocrx_word' id='word_1_237' title='bbox 1469 2351 1575 2396; x_wconf 83' lang='lat' dir='ltr'>quasi</span> <span class='ocrx_word' id='word_1_238' title='bbox 1607 2351 1716 2388; x_wconf 79' lang='lat' dir='ltr'>titulo</span> 
     </span>
     <span class='ocr_line' id='line_1_37' title="bbox 491 2407 1879 2456; baseline -0.001 -11"><span class='ocrx_word' id='word_1_239' title='bbox 491 2408 640 2456; x_wconf 83' lang='lat' dir='ltr'>Curam,</span> <span class='ocrx_word' id='word_1_240' title='bbox 659 2409 757 2455; x_wconf 85' lang='lat' dir='ltr'>quod</span> <span class='ocrx_word' id='word_1_241' title='bbox 775 2410 826 2445; x_wconf 88' lang='lat' dir='ltr'>sis</span> <span class='ocrx_word' id='word_1_242' title='bbox 844 2414 880 2445; x_wconf 83' lang='lat' dir='ltr'>et</span> <span class='ocrx_word' id='word_1_243' title='bbox 901 2411 1065 2445; x_wconf 83' lang='lat' dir='ltr'>curator.</span> <span class='ocrx_word' id='word_1_244' title='bbox 1308 2408 1350 2444; x_wconf 88' lang='lat' dir='ltr'>ln</span> <span class='ocrx_word' id='word_1_245' title='bbox 1382 2417 1475 2453; x_wconf 86' lang='lat' dir='ltr'>pace</span> <span class='ocrx_word' id='word_1_246' title='bbox 1506 2407 1685 2453; x_wconf 81' lang='lat' dir='ltr'>quiescat.</span> <span class='ocrx_word' id='word_1_247' title='bbox 1743 2408 1879 2448; x_wconf 85' lang='lat' dir='ltr'>Amen.</span> 
     </span>
     <span class='ocr_line' id='line_1_38' title="bbox 411 2494 1880 2532; baseline 0.001 -3"><span class='ocrx_word' id='word_1_248' title='bbox 411 2497 555 2529; x_wconf 71' lang='lat' dir='ltr'>Collect.</span> <span class='ocrx_word' id='word_1_249' title='bbox 589 2508 650 2528; x_wconf 71' lang='lat' dir='ltr'>ms.</span> <span class='ocrx_word' id='word_1_250' title='bbox 685 2497 966 2529; x_wconf 70' lang='lat' dir='ltr'>Claraevallense</span> <span class='ocrx_word' id='word_1_251' title='bbox 1000 2506 1089 2529; x_wconf 84' lang='lat' dir='ltr'>saec.</span> <span class='ocrx_word' id='word_1_252' title='bbox 1125 2494 1175 2529; x_wconf 83' lang='grc'>15.</span> <span class='ocrx_word' id='word_1_253' title='bbox 1234 2496 1316 2528; x_wconf 87' lang='lat' dir='ltr'>Cod.</span> <span class='ocrx_word' id='word_1_254' title='bbox 1349 2496 1493 2528; x_wconf 87' lang='lat' dir='ltr'>Trecen.</span> <span class='ocrx_word' id='word_1_255' title='bbox 1530 2494 1627 2527; x_wconf 78' lang='grc'>1612.</span> <span class='ocrx_word' id='word_1_256' title='bbox 1661 2513 1704 2519; x_wconf 93' lang='lat'>—-</span> <span class='ocrx_word' id='word_1_257' title='bbox 1739 2495 1796 2532; x_wconf 81' lang='lat'>15.</span> <span class='ocrx_word' id='word_1_258' title='bbox 1838 2494 1880 2530; x_wconf 88' lang='lat'>10</span> 
     </span>
     <span class='ocr_line' id='line_1_39' title="bbox 316 2541 1563 2583; baseline -0.001 -10"><span class='ocrx_word' id='word_1_259' title='bbox 316 2542 537 2583; x_wconf 83' lang='lat' dir='ltr'>Tergentein.</span> <span class='ocrx_word' id='word_1_260' title='bbox 566 2561 606 2563; x_wconf 96' lang='lat'><strong>—</strong></span> <span class='ocrx_word' id='word_1_261' title='bbox 635 2541 685 2581; x_wconf 81' lang='lat'>17,</span> <span class='ocrx_word' id='word_1_262' title='bbox 711 2541 733 2573; x_wconf 85' lang='lat'>4</span> <span class='ocrx_word' id='word_1_263' title='bbox 759 2544 798 2574; x_wconf 88' lang='lat' dir='ltr'>In</span> <span class='ocrx_word' id='word_1_264' title='bbox 824 2546 939 2573; x_wconf 84' lang='lat' dir='ltr'>monte</span> <span class='ocrx_word' id='word_1_265' title='bbox 963 2542 1098 2574; x_wconf 86' lang='lat' dir='ltr'>Tumba</span> <span class='ocrx_word' id='word_1_266' title='bbox 1122 2556 1167 2567; x_wconf 68' lang='grc' dir='ltr'>Ξ</span> <span class='ocrx_word' id='word_1_267' title='bbox 1191 2541 1563 2573; x_wconf 69' lang='lat' dir='ltr'>Merit-Saint-Michel.</span> 
     </span>
    </p>
   </div>
   <div class='ocr_carea' id='block_1_3' title="bbox 730 2674 1464 2718">
    <p class='ocr_par' dir='ltr' id='par_1_3' title="bbox 730 2674 1464 2718">
     <span class='ocr_line' id='line_1_40' title="bbox 730 2674 1464 2718; baseline 0.005 -12"><span class='ocrx_word' id='word_1_268' title='bbox 730 2674 811 2710; x_wconf 76' lang='lat'>354.</span> <span class='ocrx_word' id='word_1_269' title='bbox 847 2675 905 2712; x_wconf 70' lang='grc'>(9.)</span> <span class='ocrx_word' id='word_1_270' title='bbox 940 2675 994 2709; x_wconf 78' lang='lat' dir='ltr'>Ad</span> <span class='ocrx_word' id='word_1_271' title='bbox 1020 2675 1210 2718; x_wconf 83' lang='lat' dir='ltr'>Angelum</span> <span class='ocrx_word' id='word_1_272' title='bbox 1237 2675 1464 2711; x_wconf 76' lang='lat' dir='ltr'>Custodem.</span> 
     </span>
    </p>
   </div>
   <div class='ocr_carea' id='block_1_4' title="bbox 338 2768 1019 2988">
    <p class='ocr_par' dir='ltr' id='par_1_4' title="bbox 338 2768 1019 2988">
     <span class='ocr_line' id='line_1_41' title="bbox 338 2768 903 2814; baseline 0 -9"><span class='ocrx_word' id='word_1_273' title='bbox 338 2770 370 2805; x_wconf 88' lang='lat'>1.</span> <span class='ocrx_word' id='word_1_274' title='bbox 405 2768 433 2805; x_wconf 94' lang='lat' dir='ltr'>O</span> <span class='ocrx_word' id='word_1_275' title='bbox 467 2768 611 2814; x_wconf 85' lang='lat' dir='ltr'>angele,</span> <span class='ocrx_word' id='word_1_276' title='bbox 645 2773 770 2805; x_wconf 84' lang='lat' dir='ltr'>custos</span> <span class='ocrx_word' id='word_1_277' title='bbox 800 2779 903 2805; x_wconf 88' lang='lat' dir='ltr'>meus</span> 
     </span>
     <span class='ocr_line' id='line_1_42' title="bbox 488 2824 942 2870; baseline 0.002 -10"><span class='ocrx_word' id='word_1_278' title='bbox 488 2824 535 2860; x_wconf 80' lang='lat' dir='ltr'>Et</span> <span class='ocrx_word' id='word_1_279' title='bbox 570 2825 645 2861; x_wconf 88' lang='lat' dir='ltr'>dux</span> <span class='ocrx_word' id='word_1_280' title='bbox 678 2825 748 2861; x_wconf 88' lang='lat' dir='ltr'>mei</span> <span class='ocrx_word' id='word_1_281' title='bbox 781 2825 942 2870; x_wconf 84' lang='lat' dir='ltr'>itineris,</span> 
     </span>
     <span class='ocr_line' id='line_1_43' title="bbox 405 2881 972 2928; baseline 0.005 -13"><span class='ocrx_word' id='word_1_282' title='bbox 405 2881 520 2926; x_wconf 84' lang='lat' dir='ltr'>Quem</span> <span class='ocrx_word' id='word_1_283' title='bbox 552 2881 700 2927; x_wconf 81' lang='lat' dir='ltr'>neglexi</span> <span class='ocrx_word' id='word_1_284' title='bbox 733 2882 842 2918; x_wconf 89' lang='lat' dir='ltr'>nimis</span> <span class='ocrx_word' id='word_1_285' title='bbox 873 2892 972 2928; x_wconf 83' lang='lat' dir='ltr'>reuS,</span> 
     </span>
     <span class='ocr_line' id='line_1_44' title="bbox 495 2936 1019 2988; baseline 0 -16"><span class='ocrx_word' id='word_1_286' title='bbox 495 2936 598 2973; x_wconf 88' lang='lat' dir='ltr'>Unus</span> <span class='ocrx_word' id='word_1_287' title='bbox 632 2936 753 2974; x_wconf 82' lang='lat' dir='ltr'>sactus</span> <span class='ocrx_word' id='word_1_288' title='bbox 784 2948 830 2974; x_wconf 87' lang='lat' dir='ltr'>ex</span> <span class='ocrx_word' id='word_1_289' title='bbox 861 2936 1019 2988; x_wconf 76' lang='lat' dir='ltr'>miseris,</span> 
     </span>
    </p>
   </div>
   <div class='ocr_carea' id='block_1_5' title="bbox 1249 2769 1876 2978">
    <p class='ocr_par' dir='ltr' id='par_1_5' title="bbox 1249 2769 1876 2978">
     <span class='ocr_line' id='line_1_45' title="bbox 1250 2769 1739 2818; baseline -0.002 -12"><span class='ocrx_word' id='word_1_290' title='bbox 1250 2769 1362 2818; x_wconf 84' lang='lat' dir='ltr'>Ecce,</span> <span class='ocrx_word' id='word_1_291' title='bbox 1398 2769 1506 2805; x_wconf 85' lang='lat' dir='ltr'>venio</span> <span class='ocrx_word' id='word_1_292' title='bbox 1537 2769 1587 2806; x_wconf 83' lang='lat' dir='ltr'>ad</span> <span class='ocrx_word' id='word_1_293' title='bbox 1619 2772 1667 2814; x_wconf 90' lang='lat' dir='ltr'>te,</span> <span class='ocrx_word' id='word_1_294' title='bbox 1699 2774 1739 2806; x_wconf 88' lang='lat' dir='ltr'>ut</span> 
     </span>
     <span class='ocr_line' id='line_1_46' title="bbox 1307 2824 1843 2872; baseline -0.002 -10"><span class='ocrx_word' id='word_1_295' title='bbox 1307 2826 1384 2862; x_wconf 86' lang='lat' dir='ltr'>Iam</span> <span class='ocrx_word' id='word_1_296' title='bbox 1418 2836 1486 2872; x_wconf 89' lang='lat' dir='ltr'>per</span> <span class='ocrx_word' id='word_1_297' title='bbox 1516 2825 1685 2862; x_wconf 82' lang='lat' dir='ltr'>effectum</span> <span class='ocrx_word' id='word_1_298' title='bbox 1717 2824 1843 2871; x_wconf 81' lang='lat' dir='ltr'>operis</span> 
     </span>
     <span class='ocr_line' id='line_1_47' title="bbox 1249 2880 1857 2932; baseline 0 -14"><span class='ocrx_word' id='word_1_299' title='bbox 1249 2882 1471 2931; x_wconf 84' lang='lat' dir='ltr'>Emendam,</span> <span class='ocrx_word' id='word_1_300' title='bbox 1504 2882 1599 2918; x_wconf 91' lang='lat' dir='ltr'>sicut</span> <span class='ocrx_word' id='word_1_301' title='bbox 1633 2882 1711 2918; x_wconf 89' lang='lat' dir='ltr'>vult</span> <span class='ocrx_word' id='word_1_302' title='bbox 1742 2880 1857 2932; x_wconf 85' lang='lat' dir='ltr'>Deus,</span> 
     </span>
     <span class='ocr_line' id='line_1_48' title="bbox 1306 2937 1876 2978; baseline -0.004 -2"><span class='ocrx_word' id='word_1_303' title='bbox 1306 2938 1454 2976; x_wconf 86' lang='lat' dir='ltr'>Solvam</span> <span class='ocrx_word' id='word_1_304' title='bbox 1493 2938 1679 2975; x_wconf 88' lang='lat' dir='ltr'>commissi</span> <span class='ocrx_word' id='word_1_305' title='bbox 1711 2937 1876 2978; x_wconf 81' lang='lat' dir='ltr'>sceleris.</span> 
     </span>
    </p>
   </div>
  </div>
 </body>
</html>
