1914 3223
740 186 1048 227 —389—

140 305 204 342 20.
236 301 395 340 Surreoei
425 302 550 338 iacens
582 298 763 345 faecibus,

137 1078 202 1116 21.

127 1853 192 1891 22.

125 2622 189 2659 23.

238 359 287 397 Ut
318 358 405 395 totis
436 357 528 394 meis
559 357 702 393 viribus

291 414 439 452 Dilecto
469 425 550 451 meo
583 424 648 450 cor
676 424 797 449 meum

233 471 448 520 leerirem,
480 481 564 507 nam
598 469 741 506 foribus

237 528 317 566 Sibi
348 528 482 564 seratis
507 527 682 573 precibus

293 584 388 620 Meis
420 596 491 621 non
524 587 703 630 exspecto
738 592 841 630 eum;
873 580 878 586 ‘

232 641 301 686 Qui
331 640 483 687 expellit
517 651 538 675 a
569 651 609 675 se
640 639 758 676 Deum

236 697 316 734 Nec
346 707 386 733 se
417 696 617 733 confitetur
649 706 763 740 reum,

294 753 418 790 Portis
450 753 521 789 sibi
554 752 770 799 patentibus

236 811 403 846 Vacuum
437 809 549 846 habet
581 810 755 846 horreum

233 866 314 903 Nec
344 866 475 903 credat
508 876 589 902 esse
621 866 794 903 nucleum

290 924 333 960 In
364 923 453 959 totis
484 923 561 959 suis
593 920 792 961 fructibus·

234 1076 384 1114 Manus
410 1085 518 1112 meae
545 1075 787 1113 stillaverunt

231 1133 429 1176 Murram,
461 1132 633 1178 quotiens
665 1131 835 1170 fecerunt

287 1188 412 1235 Opera
442 1188 662 1234 laudabilia,

232 1245 385 1283 Scilicet
412 1245 511 1291 quod
534 1243 698 1281 fructum
721 1243 848 1281 ferunt

231 1302 295 1349 Et,
327 1301 504 1348 quamdiu
535 1305 621 1338 sunt
652 1306 689 1338 et
719 1305 842 1348 erunt,

284 1358 402 1395 Fiunt
430 1358 692 1405 imputribilia,

231 1416 334 1461 Quae
365 1422 589 1462 quamquam
614 1415 842 1461 multiplicia

230 1473 442 1509 Videantur
473 1476 510 1507 et
542 1471 647 1508 varia

285 1527 399 1574 Quasi
420 1528 556 1573 stillae,
588 1538 683 1574 quae
708 1526 860 1565 fuerunt

229 1586 373 1624 Cuncta
403 1593 439 1620 et
468 1584 687 1632 singularia,

227 1642 343 1679 Fiunt
374 1641 701 1688 commendabilia,

283 1698 322 1735 Si
353 1709 393 1735 se
424 1709 555 1735 manus
586 1698 681 1735 bene
708 1701 856 1745 gerunt.

222 1852 439 1898 Murraque
464 1851 744 1901 probatissima

225 1909 285 1947 Ad
317 1909 611 1945 continuandum
642 1908 764 1955 prima

276 1964 393 2002 Pleni
422 1965 497 2002 mei
525 1968 616 2002 sunt
646 1964 769 2012 diyiti,

224 2022 308 2059 Non
340 2020 494 2067 sufficit,
523 2021 624 2068 quod
656 2022 800 2068 optima

224 2078 349 2126 Opera
379 2079 437 2115 vel
467 2078 675 2115 laetissima

279 2134 361 2172 Sint
389 2135 569 2182 temporis
600 2135 810 2185 praeteriti,

224 2191 306 2229 Nisi
339 2191 483 2228 fructus
515 2192 668 2239 gratuiti

223 2248 416 2285 Prioribus
447 2249 522 2285 sint
553 2248 675 2286 additi

278 2305 373 2342 Tota
406 2306 543 2342 virtute
574 2305 720 2353 intima,

222 2361 317 2398 Nam
350 2362 488 2398 nullius
520 2366 576 2398 est
606 2362 732 2399 meriti

220 2417 390 2464 inceptio
423 2418 604 2465 neophyti

278 2474 398 2527 Huius
429 2475 643 2512 intermissa
673 2475 775 2513 lima.

222 2621 423 2659 Pessulum
454 2622 529 2659 mei
561 2622 648 2660 ostii

221 2677 273 2715 Et
301 2678 466 2724 linguam
497 2679 574 2715 oris
604 2679 751 2726 proprii

277 2734 439 2781 Aperui,
470 2739 512 2772 ut
542 2746 621 2772 mos
653 2741 746 2783 erat,

223 2790 275 2828 Ut
304 2790 435 2828 dilecto
466 2803 547 2829 meo
580 2792 632 2838 pii

223 2846 454 2884 Exhiberem
487 2848 679 2894 praeconii

274 2903 448 2952 Laudes,
477 2909 590 2950 prout
620 2909 852 2953 occurrerat,

949 777 1016 815 24.

945 1537 1011 1574 25.

940 2285 1006 2323 26.

1047 302 1101 338 At
1132 302 1194 339 ille
1225 302 1481 340 declinaverat

1046 358 1173 404 Atque
1201 359 1302 407 ultra
1332 358 1542 396 transierat

1108 416 1302 461 Respuens
1332 416 1464 452 laudes
1497 416 1601 458 labii,

1046 472 1278 521 Monstrans,
1330 472 1430 518 quod
1482 472 1563 509 laus
1609 485 1681 510 non

1430 533 1594 571 venerat,

1048 584 1140 621 Cum
1174 584 1220 620 de
1252 585 1365 621 corde
1397 597 1468 622 non
1502 585 1639 633 fuerat,

1105 641 1165 677 Ad
1198 641 1337 677 exitum
1370 642 1527 687 postitii.

1047 775 1197 813 Anima
1229 788 1315 813 mea
1346 777 1518 823 pluribus

1045 832 1281 879 Liquefacta
1313 837 1364 870 est
1393 832 1555 877 fletibus,

1108 889 1158 927 Ut
1188 890 1334 927 locutus
1366 894 1417 927 est
1448 890 1599 936 publice

1047 947 1090 984 In
1123 946 1469 992 praedicationibus

1047 1002 1135 1040 Sive
1165 1003 1203 1040 in
1235 1002 1461 1040 lectionibus

1102 1059 1179 1096 Iam
1211 1059 1391 1108 inspectis
1422 1060 1460 1096 in
1493 1060 1647 1109 codice;

1046 1117 1147 1154 Istae
1180 1127 1340 1163 namque
1371 1116 1450 1152 eius
1482 1117 1566 1153 vico

1045 1173 1108 1211 Sic
1139 1173 1343 1220 loquuntur
1373 1173 1539 1210 rectifice

1102 1230 1175 1267 Pro
1211 1228 1462 1266 informandis
1499 1230 1678 1282 moribus,

1044 1286 1152 1333 Quod
1183 1286 1378 1333 liquefiunt
1411 1286 1582 1324 lubricae

1045 1343 1194 1380 Mentes
1226 1347 1338 1389 atque
1370 1344 1556 1380 erraticae

1102 1400 1145 1436 In
1177 1399 1522 1438 lamentationibus,

1043 1535 1163 1572 Hunc
1191 1535 1362 1581 quaesivi
1392 1535 1610 1584 ieiunando,

1041 1592 1252 1629 Ecclesiam
1284 1590 1573 1643 frequentando,

1100 1648 1187 1686 Mea
1221 1649 1346 1685 dando
1376 1650 1622 1697 pauperibus,

1042 1705 1218 1751 Quaesivi
1252 1707 1531 1752 peregrinando

1042 1761 1289 1809 Infirmosque
1322 1762 1511 1800 visitando

1098 1819 1148 1856 Et
1177 1819 1215 1856 in
1248 1819 1375 1855 inultis
1406 1819 1613 1861 laboribus,

1039 1875 1093 1912 Et
1122 1887 1199 1912 non
1231 1876 1341 1912 illum
1372 1887 1441 1922 pro
1472 1877 1611 1914 talibus

1036 1932 1396 1980 Investigationibus

1095 1988 1245 2038 Inveni,
1272 1989 1369 2025 hunc
1386 1988 1503 2036 forte,
1523 1989 1673 2035 quando

1040 2046 1136 2083 Aliis
1168 2046 1378 2093 aptioribus

1038 2102 1234 2139 vacavero
1264 2103 1454 2149 operibus,

1096 2160 1290 2196 Inveniam
1321 2159 1562 2205 gratulando.

1042 2284 1183 2322 Vocant
1217 2285 1322 2321 illum
1355 2283 1530 2330 precibus

1036 2343 1163 2388 Atque
1192 2341 1426 2378 orationibus

1094 2399 1245 2445 Rogans
1277 2408 1360 2434 eum
1391 2398 1628 2445 suppliciter,

1036 2454 1088 2491 Et
1117 2466 1196 2491 non
1226 2455 1351 2491 adhuc
1381 2466 1450 2501 pro
1480 2454 1621 2491 talibus

1036 2511 1249 2557 Respondit
1279 2511 1374 2547 mihi
1407 2511 1576 2558 vocibus,

1093 2568 1170 2604 Iam
1206 2567 1312 2604 illum
1334 2577 1511 2614 quaeram
1533 2567 1666 2614 aliter3

1034 2623 1271 2661 Invenerunt
1300 2635 1359 2660 nze
1390 2625 1534 2670 pariter

1037 2681 1232 2727 Custodes,
1264 2680 1330 2726 qui
1361 2680 1528 2717 fideliter

1093 2737 1318 2775 Custodiunt
1350 2737 1397 2774 ab
1430 2736 1602 2774 hostibus

1035 2794 1224 2835 Animam,
1256 2804 1351 2840 quae
1383 2794 1578 2830 humiliter

1036 2850 1084 2887 Se
1115 2850 1244 2886 subdit
1275 2855 1312 2886 et
1343 2850 1530 2887 veraciter

1092 2907 1158 2944 Ei.-
1191 2906 1502 2945 confessionibus.
