1914 3223
88 1372 124 1411 7.

85 2662 122 2700 2.

677 114 977 155 —103-

160 229 281 274 Quos
298 239 376 266 rex
394 229 590 277 peremit
606 228 792 278 impius,

162 285 252 323 Pius
283 285 351 322 sed
384 289 516 322 auctor
548 285 693 332 colligit

162 341 298 379 Secum
330 341 462 378 beatos
493 342 684 378 collocans

159 398 205 436 In
236 398 320 435 luce
352 399 458 445 regni
489 398 672 445 perpetis,

161 488 232 534 Qui
264 488 476 524 mansiones
508 487 665 534 singulis

163 544 343 592 Largitus
374 544 412 581 in
446 544 556 581 domo
587 543 720 592 patris,

162 601 293 638 Donat
323 600 498 648 supernis
531 600 698 650 sedibus,

159 657 279 703 Quos
302 668 381 694 rex
398 657 597 704 peremit
615 656 795 703 impius.

159 804 324 842 Bimos
347 809 392 842 et
413 802 550 841 infra
572 803 795 850 purvulos

161 861 331 899 Herodis
363 861 422 898 ira
451 861 616 907 perculit

159 918 349 965 Finesque
380 917 666 954 Bethlemiticos

158 974 298 1012 Sancto
329 974 516 1021 respersit
546 973 739 1020 sanguine.

157 1111 364 1148 Praeclara
395 1110 547 1148 Christo
579 1109 773 1156 splenduit

157 1167 264 1204 Mors
295 1167 476 1204 innocens
508 1165 691 1212 fidelium,

158 1223 282 1261 Caelis
315 1222 488 1260 ferebant
521 1223 646 1270 angeli

154 1280 186 1317 B
200 1281 321 1317 imos
341 1285 384 1317 et
402 1278 536 1317 infra
554 1280 792 1327 parvulos

157 1371 252 1408 Vox
270 1372 313 1408 in
331 1372 471 1409 Rama
491 1370 797 1419 percrebuit

159 1427 343 1465 Lamenta
373 1428 497 1465 luctus
528 1427 696 1473 maximi,

161 1484 307 1522 Rachel
338 1495 424 1522 suos
456 1495 539 1521 cum
570 1484 739 1521 lacrimis

159 1540 322 1579 Perfusa
353 1540 456 1578 flevit
487 1540 598 1581 filios.

120 1661 126 1669 .
162 1631 340 1669 Gaudent
370 1632 561 1678 triumpho
592 1631 756 1679 perpeti,

159 1688 365 1726 Tormenta
396 1689 533 1735 quique
564 1689 747 1735 vicerant,

159 1745 324 1791 Quorum
356 1756 508 1793 gemens
540 1745 586 1782 ob
619 1745 780 1782 verbera

159 1801 252 1839 Vox
279 1803 323 1839 in
345 1803 484 1840 Rama
505 1802 794 1849 percrebuit.

159 1893 360 1939 Ne,grex
382 1893 574 1940 pusille,
589 1891 811 1930 formides
873 1894 936 1932 16.

161 1949 306 1987 Dentes
337 1950 457 1986 leonis
488 1949 672 1997 perfidos,

160 2007 295 2044 Pastor
322 2006 442 2043 bonus
474 2018 558 2043 nam
591 2017 732 2053 pascua

158 2062 276 2100 Vobis
305 2063 411 2100 dabit
445 2063 634 2101 caelestia.

870 804 933 842 12.

866 1109 930 1147 13.

869 228 933 266 10.
967 231 1113 275 Agnum
1146 227 1217 264 Dei
1237 227 1312 277 ,qui
1345 225 1548 263 candidum

963 285 1108 321 Mundo
1141 283 1308 331 sequeris
1338 283 1500 331 tramite,

965 341 1103 378 Manus
1135 341 1295 377 latronis
1327 340 1463 386 impias

969 395 1611 446 Nc,grexpusille,formides.

924 486 1243 533 .Absterget
1271 497 1439 523 omnem
1462 487 1611 524 lacri-

1274 553 1391 579 mam

968 599 1116 635 Vestris
1146 603 1256 645 pater
1288 600 1335 636 de
1366 599 1546 648 vultibus,

965 655 1072 692 Mors
1115 655 1222 692 vobis
1253 656 1354 692 ultra
1384 668 1458 693 non
1488 660 1598 693 nocet

966 712 1077 749 Vitae
1110 713 1274 758 receptis
1306 713 1514 751 moenibus.

967 803 1037 849 Qui
1068 803 1256 839 seminant
1286 805 1324 839 in
1356 803 1536 848 lacrimis,

967 860 1097 906 Longo
1129 863 1271 895 metent
1301 860 1339 896 in
1370 861 1519 907 gaudio,

967 916 1084 954 Genis
1114 916 1305 962 lugentum
1338 917 1513 955 conditor

964 973 1219 1020 Absterge
1261 977 1447 1010 tomnem
1469 973 1610 1010 lacri-

1268 1041 1399 1067 mam.

964 1109 993 1146 Ο
1026 1120 1163 1156 quam
1206 1108 1354 1146 beata
1386 1109 1597 1157 civitas,

965 1166 1008 1202 In
1040 1176 1113 1212 qua
1143 1166 1364 1213 redemptor
1394 1166 1564 1203 nascitur

967 1222 1142 1269 Natoque
1174 1223 1318 1269 primae
1348 1228 1557 1270 martyrum

966 1280 1010 1316 In
1041 1290 1114 1326 qua
1147 1279 1322 1316 dicantur
1352 1278 1518 1317 hostiae!

926 1400 935 1409 .
969 1370 1169 1417 Nunquam
1202 1371 1348 1407 vocaris
1380 1371 1540 1417 parvula

968 1428 1012 1464 In
1044 1427 1237 1464 civitatum
1270 1427 1436 1472 milibus,

965 1484 1025 1521 Ex
1057 1495 1130 1530 qua
1161 1495 1279 1521 novus
1313 1484 1388 1521 dux
1415 1488 1518 1521 ortus
1541 1487 1610 1530 est,

966 1541 995 1578 Ο
1036 1551 1177 1587 quam
1214 1540 1366 1578 beata
1401 1538 1608 1577 civitas!

864 1632 928 1670 15.
962 1632 1135 1668 Astant
1163 1631 1368 1667 nitentes
1390 1629 1612 1677 fulgidis

964 1687 1058 1724 Eius
1089 1687 1226 1724 throno
1257 1698 1355 1724 nunc
1386 1688 1566 1736 vestibus,

969 1744 1094 1782 Stolas
1125 1755 1212 1781 suas
1245 1745 1308 1791 qui
1338 1745 1510 1781 laverant

966 1801 1066 1848 Agni
1098 1800 1282 1838 rubentes
1307 1801 1502 1849 sanguine.

970 1892 1041 1939 Qui
1071 1891 1241 1939 perpetis
1272 1902 1342 1938 pro
1373 1891 1520 1940 patriae

967 1949 1100 1996 Regno
1130 1953 1322 1995 gementes
1352 1947 1547 1993 fleverant,

967 2005 1077 2043 Laeti
1108 2005 1191 2042 Deo
1224 2015 1306 2042 cum
1338 2005 1513 2042 laudibus

964 2063 1135 2100 Astant
1165 2062 1369 2098 nitentes
1401 2060 1611 2108 fulgidis,

135 2152 331 2185 Cassander
354 2153 376 2184 l.
402 2163 431 2184 c.
460 2151 522 2184 117
549 2163 622 2194 sqq.
649 2170 690 2174 —-
717 2150 749 2190 5,
774 2150 795 2183 2
819 2152 1116 2184 Bethleemiticos.
1144 2170 1186 2174 —
1215 2149 1265 2191 12,
1292 2149 1313 2183 3
1337 2151 1541 2205 lugentium.

470 2308 529 2344 «2.
567 2309 625 2351 (4.)
663 2308 708 2343 In
734 2308 976 2345 Ascensione
1002 2307 1178 2344 Domini.

118 2431 126 2440 .
157 2402 348 2449 Hymnum
381 2400 558 2440 <sanamus
589 2403 744 2453 gloriae,

157 2459 299 2506 Hymni
330 2460 418 2497 novi
451 2470 550 2496 nunc
570 2463 787 2509 personent,

158 2514 330 2553 Christus
361 2526 458 2553 novo
491 2527 572 2552 cum
605 2516 757 2553 tramite

158 2572 221 2609 Ad
252 2572 373 2619 patris
404 2572 577 2610 ascendit
599 2573 788 2609 thronum.

152 2661 306 2700 Transit
337 2662 529 2710 triumpho
563 2663 714 2710 gloriae

163 2718 245 2756 Poli
275 2724 451 2766 potenter
483 2719 656 2768 culmina,

162 2774 230 2820 Qui
245 2781 364 2813 morte
373 2780 530 2814 mortem
543 2776 809 2822 absumpserat

162 2829 318 2870 Derisus
349 2844 371 2870 a
402 2832 636 2871 mortalibus

906 2404 943 2441 3.
976 2402 1073 2439 Nam
1107 2402 1180 2440 diri
1211 2402 1278 2439 leti
1308 2401 1439 2439 limina

977 2460 1118 2498 Caecas
1148 2463 1185 2496 et
1214 2458 1370 2495 umbras
1401 2457 1514 2496 inferi

977 2515 1162 2553 Lustrans
1195 2527 1261 2552 sua
1292 2515 1461 2561 potentia

976 2573 1062 2610 Leti
1094 2572 1231 2619 ligarat
1261 2572 1483 2619 principem,

938 2693 946 2701 .
978 2663 1041 2710 Et,
1074 2673 1166 2709 quos
1196 2672 1283 2699 suos
1313 2662 1351 2698 in
1382 2661 1529 2699 actibus

979 2719 1149 2765 Fideque
1180 2718 1297 2755 lectos
1329 2723 1499 2763 noverat,

983 2776 1120 2814 Omnes
1150 2775 1294 2813 Averni
1327 2773 1500 2812 faucibus

979 2831 1150 2870 Salvavit
1179 2843 1202 2869 a
1232 2829 1437 2870 ferocibus.
