1914 3223
550 278 618 312 :2321

85 387 121 425 1.
154 385 410 424 Paenitentum

207 451 337 478 severa
368 440 555 487 correptio

154 497 203 535 Et
231 508 359 534 eorum

209 554 318 602 longa
348 551 558 591 satisfactio

154 610 306 648 Crebris
336 621 485 648 curnem

206 667 382 704 edomant
411 666 559 702 ieiuniis

156 724 385 770 Asperisque

208 781 374 817 cruciant
406 779 550 822 ciliciis,

266 836 312 874 Et
343 835 480 873 eiectos

317 891 364 929 ab
395 892 551 928 ecclesia

267 947 473 986 Cunt‘undit

323 1005 591 1044 erubescentia.

113 1127 121 1134 .
156 1097 196 1133 lu
229 1096 298 1132 hac
329 1095 420 1133 nihil

212 1158 334 1189 actum
366 1157 422 1188 est
452 1152 522 1188 hoc
552 1153 620 1189 ord

154 1209 343 1246 Mitiorem

212 1265 326 1302 sensit
360 1265 477 1302 Deum
509 1264 620 1301 homit

156 1321 234 1358 Rex
267 1326 300 1357 et
334 1320 444 1363 iudex

214 1379 313 1415 idem
346 1378 463 1424 legem
495 1382 617 1424 tempe

158 1433 238 1470 Neo
270 1434 443 1482 attendit,

214 1491 276 1537 qui
308 1501 372 1527 cor
403 1501 488 1527 vere
520 1490 618 1528 indic

266 1547 357 1584 Tam
389 1548 567 1593 temporis

324 1603 592 1651 longitudinem

269 1661 384 1706 Quam
417 1660 556 1697 doloris

325 1717 617 1763 magnitudinem

85 1098 106 1134 [ὑ

689 143 997 184 —221—

621 301 632 313 .
669 277 772 320 (129.)
811 278 982 321 Hymnus
1007 277 1129 312 alter.

893 386 929 419 3.
965 382 1189 419 Pharisaeus

1019 438 1168 475 Domini
1199 438 1448 484 clementiam,

962 499 1078 541 Quam
1112 496 1271 541 ignorat,

1020 552 1141 589 credit
1174 552 1437 598 ignorantiam,

964 608 1010 645 Et
1045 609 1142 645 intra
1175 619 1214 644 se

1018 665 1104 701 dum
1140 675 1254 710 super
1286 665 1380 701 lianc
1402 668 1623 709 murmurat,

963 721 1078 758 ludex
1111 722 1236 758 cordis

1020 789 1185 814 murmur
1217 778 1287 815 hoc
1319 778 1515 820 diiudicat,

1079 836 1128 874 Ut
1161 835 1308 872 collatis

1134 891 1260 928 multis
1293 891 1444 936 dixerit,

1078 949 1152 985 Cur
1182 948 1328 985 veniam

1133 1005 1225 1042 liaeo
1255 1004 1446 1043 meruerit.

895 1098 934 1134 4.
965 1098 1080 1141 Quam
1113 1095 1312 1132 multorum

1021 1157 1262 1198 peccatorum
1295 1152 1453 1189 vinculis

965 1209 1078 1254 Quasi
1109 1213 1251 1254 septem

1022 1265 1221 1302 absolvens
1253 1265 1471 1311 daemoniis,

963 1321 1099 1368 Quanti
1130 1320 1237 1367 fides,

1021 1379 1149 1424 quanti
1182 1379 1230 1414 sit
1263 1379 1432 1417 dilectio.

964 1434 1055 1471 Tam
1090 1433 1190 1471 felici

1022 1491 1148 1528 docuit
1180 1491 1332 1529 indicio.

1076 1548 1155 1594 Ipsi
1187 1549 1300 1584 decus

1133 1604 1207 1651 ipsi
1238 1605 1370 1652 gloria,

1079 1661 1200 1709 Super
1231 1661 1309 1698 eius

1132 1723 1237 1755 tanta
1267 1719 1402 1765 gratia.

624 1152 697 1197 ine,

623 1275 669 1311 ie,

621 1382 677 1415 rat

622 1495 672 1530 ai,

163 1808 189 1837 C
215 1805 273 1837 fol.
303 1804 403 1837 165³.
430 1823 473 1827 —
497 1804 528 1843 3,
553 1805 573 1837 9
600 1806 643 1838 Et
669 1807 818 1838 collatis.

393 1960 474 1997 240.
510 1962 612 2005 (130.)

647 1962 692 1997 In
719 1963 824 1998 sesto
852 1963 1023 1998 oninium
1050 1964 1304 2000 Sanctorum.

696 2034 736 2064 In
764 2032 791 2065 l.
819 2034 1006 2065 Nocturno.

86 2135 118 2172 1.
153 2136 371 2173 Sanctorum
403 2135 634 2173 sollemnitas
895 2140 931 2177 3.
965 2138 1187 2175 Sanctorum
1219 2139 1300 2175 laus
1331 2140 1506 2176 omnium.

212 2191 396 2239 Omnium,
1019 2195 1190 2243 Domine,

156 2247 309 2284 Festiva
340 2248 578 2285 iuncunditas
963 2254 1011 2288 At
1045 2257 1081 2288 te
1112 2258 1298 2299 tamquam
1332 2253 1460 2290 talium

210 2304 422 2348 Hominum,
1021 2308 1153 2355 Capite

154 2359 323 2397 Fidelem
355 2361 533 2398 laetificat
966 2365 1105 2402 Laudis
1137 2366 1185 2402 sit
1216 2367 1410 2404 exordium

212 2417 405 2464 Populum.
420 2459 424 2462 .
1019 2422 1194 2460 Debitae.

85 2508 123 2547 2,
153 2507 260 2554 Quod
291 2507 411 2544 minus
442 2509 694 2555 impendimus
893 2516 930 2550 4.
963 2512 1065 2549 Tuae
1096 2519 1181 2549 sunt
1213 2514 1403 2559 potentiae

210 2563 387 2611 Singulis,
1018 2568 1192 2611 Subdita.

154 2620 254 2667 Quas
282 2631 351 2667 per
378 2632 516 2658 annum
549 2622 702 2659 colimus
961 2625 1063 2663 Tuae
1093 2626 1303 2672 sapientiae

209 2675 344 2722 Feriis,
1019 2683 1166 2729 Pervia,

156 2734 198 2770 In
230 2733 286 2770 his
318 2733 468 2770 laudum
500 2735 678 2772 solvimus
963 2739 1066 2776 Tuae
1097 2743 1231 2776 cuneta
1263 2740 1408 2787 gratiae

210 2789 366 2827 Hostiis.
1017 2795 1160 2834 Gloria.

159 2867 186 2900 C
208 2867 267 2899 fol.
295 2865 356 2900 198
366 2868 398 2901 b.
