1914 3223
667 236 717 242 -
778 213 858 252 23«)ss
916 234 972 241 ——

522 327 710 368 Radiabat.
740 329 891 375 caritas,

522 386 671 424 Puritas

579 443 769 488 Cordium,

523 499 684 546 Vigebat
713 498 918 545 humilitas,

522 556 709 594 Sanctitas

577 612 772 650 Mentium.

522 669 639 707 Modo
670 669 868 706 dissimilia

579 726 676 763 Cura
707 725 854 772 quaerit
883 725 1059 770 omnium,

523 783 659 819 Omnes
690 786 873 829 quaerunt
904 783 1074 828 propria,

580 839 701 876 Lucro
733 839 834 876 cedit
863 838 1052 889 gaudium,

524 895 602 932 Hos
633 894 738 932 inflat
769 894 958 944 superbia,

579 950 721 989 Malum
753 952 855 999 paris
885 951 1064 997 nescium,

524 1008 602 1046 Hos
633 1009 748 1046 trahit
778 1008 922 1046 invidia

580 1065 644 1103 Sui
674 1066 712 1102 in
743 1065 909 1110 exitium,

525 1122 614 1159 Illos
646 1133 728 1159 cum
757 1122 939 1159 iactantia

579 1178 802 1226 Hypocrisis
835 1179 964 1216 vitium

523 1235 659 1273 Laedit
689 1239 726 1272 et
754 1235 888 1278 acidia.

578 1292 702 1329 Triste
734 1291 820 1329 boni
851 1292 1035 1340 taedium3

520 1349 580 1386 Ex
611 1349 669 1386 his
699 1349 977 1396 tympanistria,

580 1405 724 1444 Viellae
753 1406 974 1452 psalterium

522 1463 741 1509 Vocumque
771 1462 973 1500 concordia

577 1518 771 1556 Sustinent
802 1519 986 1558 exsilium.

565 1696 647 1732 327.
686 1696 769 1739 (29.)
804 1697 861 1731 De
886 1696 1075 1732 Ratione.

519 1802 588 1848 Qui
618 1812 712 1849 opus
742 1802 929 1840 accelerat

520 1858 600 1895 Nec
630 1858 723 1895 illud
754 1859 1036 1905 praeponderat

585 1916 701 1954 Caute
731 1919 865 1953 notans
896 1916 1048 1966 exitum,

519 1971 752 2019 Frequenter
783 1972 973 2019 decipitur

518 2028 634 2066 Simul
667 2033 703 2065 et
734 2029 908 2066 illuditur

584 2085 719 2123 Votum
748 2096 881 2133 gerens
911 2086 1085 2133 irritum3

649 2142 827 2192 Proinde,

517 2198 747 2246 Quicumque
777 2199 825 2236 ad
856 2209 973 2246 opera

516 2255 671 2303 Tendis,
702 2254 814 2293 finem
844 2256 1027 2303 pondera.

562 2432 643 2469 323.
678 2432 759 2476 (30.)
794 2433 851 2469 De
876 2433 1055 2471 Iustitia.

360 2542 396 2578 1.
427 2540 545 2587 Leges
577 2550 702 2578 sacras
733 2551 862 2588 passas
893 2541 1045 2579 exilium

482 2597 616 2644 Iusque
647 2597 775 2635 datum
806 2598 938 2636 sceleri
970 2599 1150 2647 cernitur,

424 2652 505 2690 Noe
535 2653 652 2691 iustus
683 2654 781 2701 perit
811 2665 879 2702 per
909 2656 1072 2703 pretium

481 2709 742 2758 Barrabasque
772 2711 870 2749 latro
902 2712 1126 2762 dimittitur3

479 2767 585 2814 Quod
615 2779 638 2805 a
668 2767 820 2805 summis
851 2769 1031 2817 praelatis
1063 2771 1195 2809 oritur.

425 2822 521 2860 Nam
553 2833 635 2861 cum
665 2824 790 2862 lumen
820 2835 902 2864 esse
930 2825 1100 2864 fidelium

424 2879 651 2930 Teneantur‚
684 2881 851 2920 vendunt
879 2882 1073 2933 iudicium,

483 2936 558 2974 Fas
589 2941 626 2974 et
655 2936 763 2976 nefas
793 2939 842 2977 ab
871 2939 930 2978 his
961 2938 1206 2978 confunditur
