1914 3223
778 186 827 192 -—
890 164 972 204 :329
1035 185 1082 194 —-

222 305 231 314 .
264 269 416 315 Gratia
446 279 483 313 te
515 275 775 323 despondente

265 331 398 369 Totam
431 337 467 369 et
498 334 766 379 praeveniente

319 390 362 425 ln
395 389 735 439 benedictionibus,

262 445 302 481 In
335 447 434 483 omni
467 451 567 483 terra
601 453 637 483 et
668 453 778 494 gente

263 501 369 538 Fecit
401 503 503 539 Deus
533 503 699 541 solamen
732 510 768 541 te

316 559 506 596 Pulsatam
540 560 612 606 piis
645 562 833 611 precibus,

259 615 383 661 thue
416 616 482 653 des
514 617 606 663 legis
637 618 766 655 usibus

209 684 213 686 ·
258 671 477 709 Remedium
512 675 714 720 veteribus,

314 728 371 765 Ne
403 735 531 776 pereat
566 732 657 768 dens
686 743 754 778 pro
779 733 889 769 (lente

253 784 304 821 Et
335 787 500 823 mundus
531 786 638 824 flexis
670 789 814 836 legibus

257 841 299 878 In
331 843 638 881 miserationibus

310 899 480 946 Regatur
513 905 549 937 te
582 908 840 949 componente.

183 1051 221 1087 4.
256 1047 390 1091 Plena
422 1065 493 1090 non
527 1065 759 1100 supervacue

255 1108 410 1145 Pietatis
441 1109 605 1157 irriguae

307 1165 469 1204 Fluenta
503 1168 569 1204 das
602 1170 789 1214 continua,

252 1222 474 1260 Exuberans
506 1225 669 1273 assidue,

251 1278 450 1326 Nunquam
482 1281 614 1318 ovibus
645 1293 807 1330 pascuae

306 1336 496 1374 Deficiens
528 1339 586 1375 vel
619 1350 760 1389 vacua,

250 1392 340 1438 Ipsa
369 1393 566 1440 plenitudo
597 1399 661 1433 tua

250 1449 361 1486 Venit.
391 1461 413 1487 a
442 1461 553 1489 causa
584 1456 755 1503 strenua3

304 1506 406 1543 Deus
439 1512 506 1554 est,
539 1509 602 1556 qui
633 1516 816 1558 perpetue

250 1563 386 1610 Implet
416 1568 454 1601 te
486 1566 613 1603 clausa
643 1567 766 1613 ianua,

248 1620 297 1659 Ut
331 1622 557 1659 auctoritate
587 1634 655 1660 sua

303 1677 457 1715 Miseris
490 1680 555 1716 des
587 1680 770 1728 largiflue.

202 1858 210 1866 .
246 1827 463 1881 DominuS,
496 1833 583 1879 quia
614 1835 797 1872 nutricem

240 1887 294 1924 Te
325 1888 426 1934 piam
460 1896 496 1925 et
531 1892 758 1937 genetricem

298 1945 448 1983 Invenit
476 1946 515 1983 in
546 1946 719 1995 infantia,

240 2000 388 2038 Saeculi
422 2002 707 2042 dominatricem

241 2057 349 2095 Fecit
379 2064 415 2096 et
445 2059 726 2107 imperat-ricem

297 2115 503 2154 Subdendo
534 2118 603 2154 tibi
634 2121 770 2170 omnia,

239 2172 302 2209 Ad
332 2172 489 2221 ipsaque
518 2175 680 2222 imperia

236 2228 316 2266 Tua
347 2231 467 2268 utitur
497 2233 606 2269 venia

293 2285 415 2334 Seque
456 2287 521 2325 dat
559 2288 660 2335 pium
694 2291 853 2328 iudicem

239 2343 377 2380 Volens
408 2344 648 2384 oboedientia

237 2399 367 2437 Filiali
396 2400 489 2438 iuris
520 2402 582 2439 via

293 2456 379 2493 Tibi
410 2451 621 2505 rependere
653 2461 784 2500 vicem.

860 2323 868 2341 2

193 2631 201 2640 .
234 2599 390 2644 Tecum
422 2607 497 2653 agit
531 2607 568 2644 in
600 2607 733 2645 inferis

232 2660 284 2696 Et
313 2666 354 2698 tu
385 2672 510 2699 secum
543 2664 579 2700 in
611 2666 772 2713 superis,

290 2717 360 2754 Ille
390 2719 459 2756 tibi
491 2725 527 2756 et
559 2727 598 2757 tu
631 2723 676 2768 ei,

233 2773 371 2810 Tecum
404 2780 461 2812 est
492 2778 545 2813 tui
577 2779 724 2825 generis

232 2830 436 2869 Relevator
466 2838 502 2869 et
533 2834 680 2872 miseris

289 2886 338 2925 Se
369 2889 462 2926 dans
489 2888 747 2930 fulcimentum
770 2895 863 2942 spei,

1083 282 1216 320 Secum
1249 293 1408 332 regnans
1442 282 1551 322 faciei

1080 338 1260 377 Eiusdem
1293 346 1327 376 et
1359 342 1499 387 speciei

1137 396 1288 433 Visione.
1320 397 1540 448 perfrueris,

1081 452 1275 499 Particeps
1307 455 1363 490 sui
1397 455 1486 502 diei,

1076 508 1237 546 Domino
1270 511 1444 557 publicae
1476 513 1528 549 rei

1138 566 1311 604 Praelata
1342 569 1483 606 sanctis
1515 572 1664 610 ceteriS.

1033 740 1042 748 .
1075 708 1309 754 Benetlicia
1344 714 1379 751 in
1412 717 1584 754 omnibus

1074 769 1126 805 Es
1160 769 1497 814 benedictionibus,

1131 829 1230 871 Quas
1263 827 1370 864 dedit
1404 829 1471 866 Dei
1507 832 1675 879 dextera,

1072 883 1214 928 Quibus
1247 885 1540 930 particularibus

1071 939 1274 977 Benedixit
1303 942 1494 991 operibus,

1129 997 1200 1033 Tui
1231 996 1304 1034 fuit
1333 999 1537 1050 signifera3

1073 1053 1204 1100 Terra,
1237 1059 1375 1101 pontus
1406 1061 1444 1093 et
1474 1059 1640 1109 aethera,

1071 1110 1170 1146 Aula
1202 1112 1331 1148 mundi
1364 1117 1400 1149 et
1429 1125 1566 1161 supera

1128 1168 1218 1224 [suis
1258 1169 1453 1207 ascribunt
1485 1172 1670 1224 laudibuS,

1070 1224 1175 1268 Quod
1208 1225 1310 1262 Deus
1343 1230 1405 1264 tua
1436 1228 1583 1268 viscera

1070 1281 1221 1318 Intrans
1253 1289 1289 1319 et
1321 1295 1457 1330 sugens
1488 1287 1605 1325 ubera

1126 1338 1330 1377 Benedixit
1362 1341 1585 1382 hominibus.

995 1493 1030 1529 S.
1066 1487 1128 1531 Tu
1162 1492 1342 1531 virtutum
1375 1495 1412 1531 in
1446 1495 1593 1534 fabrica

1063 1551 1221 1586 Inventa
1252 1560 1290 1586 es
1322 1552 1521 1599 magnifica

1119 1606 1207 1643 Sola
1237 1610 1548 1658 antonomastice,

1061 1663 1209 1709 Expers
1241 1670 1367 1702 reatus
1398 1667 1520 1716 unica,

1063 1720 1176 1767 Virgo
1207 1726 1328 1758 mater
1358 1723 1518 1761 mirifica

1116 1779 1211 1814 Arte
1242 1780 1415 1826 magistri
1447 1779 1627 1833 fabricae,

1055 1833 1117 1870 Ab
1148 1835 1232 1880 ipso
1265 1835 1332 1885 sic⁴
1350 1836 1486 1883 opifice

1057 1890 1196 1939 Facta,
1228 1892 1328 1939 quod
1360 1904 1421 1930 ars
1453 1895 1692 1936 rhethoricae

1115 1947 1233 1985 Simul
1264 1949 1422 1996 ipsaque
1454 1952 1576 2000 logica

1057 2005 1118 2041 Ad
1151 2005 1282 2042 laudes
1315 2010 1398 2044 tuas
1429 2010 1600 2048 modicae

1057 2061 1173 2098 Fiunt
1203 2072 1272 2099 nec
1301 2063 1368 2101 has
1401 2067 1566 2104 rectifice

1114 2118 1161 2155 Vi
1193 2118 1265 2156 fari
1295 2121 1419 2158 sciunt
1449 2124 1588 2171 aliqua.

1015 2299 1023 2307 .
1057 2269 1106 2311 In
1138 2269 1400 2315 mulieribus
1433 2286 1520 2313 vere

1053 2329 1212 2377 Apieem
1245 2331 1360 2368 debes
1391 2336 1520 2370 tenere

1111 2387 1338 2425 Praesidens
1369 2389 1459 2426 sede
1489 2391 1605 2438 regia,

1051 2443 1227 2480 Fluctum
1258 2449 1382 2492 gestas
1413 2450 1448 2482 et
1479 2446 1615 2486 florere

1051 2500 1136 2537 Non
1169 2501 1321 2549 desinis,
1354 2506 1417 2540 tuo
1448 2515 1537 2541 vere

1109 2558 1311 2595 Nesciente
1341 2558 1539 2609 brumalia,

1053 2613 1186 2651 Partus
1218 2618 1302 2652 tuus
1335 2614 1409 2652 fert
1440 2619 1576 2661 gaudia

1052 2671 1099 2706 Et
1130 2671 1167 2707 in
1200 2672 1463 2710 misericordia

1106 2728 1236 2764 Movet
1246 2739 1352 2765 axem
1368 2732 1511 2775 primae
1519 2732 1681 2779 sphera„

1049 2785 1108 2821 Ad
1143 2784 1305 2822 delenda
1336 2785 1479 2833 flagitia

1049 2841 1096 2877 Et
1130 2842 1315 2888 tergenda
1346 2844 1509 2890 suspiria

1106 2897 1290 2935 Natorum
1322 2899 1369 2936 de
1398 2901 1567 2944 muliere.
