2031 3289
376 320 412 357 7.

353 2629 414 2667 10.

953 203 1256 244 -348—

443 315 690 357 Rectificator
725 328 879 363 operum

446 375 622 417 Tuorum,
654 378 776 421 pater,
808 383 1028 419 pauperum,

502 430 713 467 Secundum
746 433 847 466 tuam
879 429 1006 465 vivere

442 487 522 524 Fac
552 496 610 522 me
632 496 799 522 normam
821 486 858 521 in
881 490 1073 531 posterum

444 543 524 580 Nec
555 542 757 578 murmuris
788 540 1025 578 mortiferum

503 599 692 634 Venenum
725 597 794 634 tibi
826 598 979 634 tradere

441 655 505 692 Me
537 655 649 703 sinas,
687 654 735 690 ob
766 654 866 700 quod
898 653 1073 701 frangere

441 712 507 749 Me
539 711 679 748 debeas
711 716 747 747 et
778 710 942 757 perdere
1064 711 1068 714 ’

500 767 625 803 Veluti
657 778 720 803 vas
754 765 987 814 pestiferum,

445 823 535 860 Cum
568 823 757 869 patienter
787 823 921 860 tollere

443 880 624 922 Debeam,
656 880 755 926 quod
787 880 926 926 eligere

502 936 623 979 Volui,
643 947 865 983 quamquam
884 946 1072 982 asperum.

442 1084 649 1127 Monachus
676 1098 770 1133 sum,
802 1091 934 1133 pastor
963 1087 1071 1132 bone,

443 1145 528 1187 Ille,
561 1144 622 1190 qui
653 1143 824 1180 oratione

500 1201 576 1237 Diu
607 1210 688 1236 esse
718 1210 793 1236 non
824 1200 944 1250 valeo,

443 1258 514 1304 Qui
544 1268 614 1304 pro
646 1267 742 1293 vana
772 1257 920 1293 actione

443 1314 493 1351 Et
525 1312 778 1356 negotiatione

501 1369 624 1406 Nimis
656 1367 873 1415 frequenter
902 1379 1005 1417 exeo,

444 1427 525 1463 Nec
555 1425 753 1472 puerulum
783 1425 895 1462 video

445 1480 617 1529 Nigrum,
649 1492 730 1518 cum
763 1492 835 1528 quo
865 1481 986 1518 libens
1017 1491 1073 1529 e0,

500 1538 727 1576 Trahentem
760 1538 806 1575 de
837 1538 1010 1585 statione,

444 1597 495 1633 Et
526 1596 599 1632 iam
632 1595 722 1642 scio,
755 1595 854 1641 quod
885 1595 971 1632 ideo

444 1651 564 1699 Virga
594 1659 658 1688 tua
689 1651 841 1698 indigeo

500 1708 577 1745 Pro
608 1708 686 1744 eius
719 1708 950 1754 expulsione.

409 1888 417 1897 .
450 1857 605 1900 Uirtute
637 1866 676 1898 tu
706 1865 812 1898 tanta
843 1872 988 1911 vernaS,

447 1918 553 1963 Quod
586 1922 744 1954 naturae
775 1918 832 1954 ius
862 1918 1029 1954 alternas
1079 1932 1083 1938 ¹

504 1975 721 2011 Producens
753 1975 799 2011 de
829 1974 1021 2021 lapidibus

447 2031 602 2075 Fontes,
626 2036 667 2068 ut
688 2030 758 2073 his,
782 2042 873 2078 quos
891 2030 1076 2078 gubernas

446 2088 521 2124 Per
551 2088 652 2134 leges
684 2087 784 2124 vitae
814 2098 1010 2134 supernaS‚

502 2144 693 2191 Benignus
723 2145 817 2181 assis
846 2144 1000 2191 ovibus,

447 2200 547 2238 Hinc
578 2206 614 2237 te
645 2212 792 2247 precor,
825 2200 1022 2238 affectibus

449 2257 576 2294 Meum
610 2257 739 2294 durius
770 2257 926 2305 rupibus

507 2314 582 2351 Cor
591 2314 810 2350 mollescere
822 2325 893 2350 non
907 2323 1077 2363 spernaS,

449 2370 507 2407 Ita
537 2370 636 2416 quod
669 2380 713 2407 ex
744 2371 985 2407 mandatibus

450 2426 756 2472 Compunctionis
786 2426 936 2463 fletibus

506 2483 644 2529 Culpas
677 2483 814 2520 diluam
850 2488 1035 2521 veternas.

447 2625 757 2676 Submergendus
788 2630 825 2666 in
856 2628 1009 2666 flumine

448 2686 585 2723 Mundi
616 2686 769 2723 iuvante
798 2686 946 2723 nemine

510 2742 609 2788 Sum,
643 2743 714 2779 nisi
746 2747 786 2779 tu
816 2742 992 2790 aspicias,

451 2798 489 2835 Si
522 2811 594 2835 non
625 2799 798 2847 placidus
829 2799 989 2844 nomine,

451 2855 629 2892 Placidus
661 2856 727 2892 sim
761 2855 989 2903 precamine,

507 2911 560 2949 Ut
590 2923 647 2948 me
678 2912 799 2948 iuvari
831 2910 970 2957 facias3

1158 750 1222 788 11.

1160 1522 1224 1561 12.

1165 2291 1229 2331 13.

1254 318 1408 355 Manum
1441 318 1597 353 mittens
1629 317 1844 363 subvenias,

1253 374 1336 418 Dic,
1370 379 1410 409 ut
1441 378 1567 409 currat
1598 384 1728 410 manns
1759 373 1842 419 pias

1310 430 1531 467 Extendens
1563 440 1632 475 pro
1662 429 1864 478 iuvamine‚

1254 486 1396 532 Tuque,
1428 486 1576 531 Maure,
1608 485 1799 532 oboedias,

1254 542 1375 587 Super
1404 552 1520 588 aquas
1551 542 1723 588 pandens
1752 542 1831 578 vias

1314 598 1385 634 Pro
1415 608 1496 634 meo
1527 598 1761 636 liberamine.

1257 746 1315 788 De
1346 749 1512 785 mirabili
1542 753 1578 785 et
1610 749 1672 795 pia

1255 805 1368 843 Corvi
1395 805 1637 842 oboedientia

1310 863 1384 899 Pro
1415 872 1558 898 veneno
1589 861 1799 898 dubitantis

1255 918 1481 964 Exemplum
1518 929 1667 954 sumens
1698 918 1824 956 tristia

1255 975 1436 1011 Tolerare
1469 979 1505 1011 et
1536 974 1666 1021 gravia

1311 1031 1516 1078 Deberem,
1555 1031 1621 1067 sed
1654 1031 1888 1078 indignantis

1255 1088 1391 1126 cordis
1423 1088 1506 1136 mei,
1540 1087 1792 1124 mensurantis

1255 1144 1321 1180 Me
1351 1144 1400 1180 ad
1437 1154 1651 1180 mensuram
1685 1143 1860 1193 gigantis,

1313 1200 1435 1237 Tanta
1467 1204 1523 1237 est
1554 1199 1792 1247 rebellantia,

1256 1257 1375 1305 Quod,
1414 1257 1487 1293 nisi
1517 1257 1566 1293 tis
1598 1256 1818 1302 castigantis

1257 1313 1403 1350 Sentiat
1433 1314 1589 1361 virgam,
1624 1312 1840 1350 mandantis

1312 1370 1470 1407 Resistit
1500 1370 1550 1406 ad
1580 1368 1752 1417 imperia.

1256 1518 1372 1569 ErgQ
1406 1528 1527 1568 pater,
1559 1532 1642 1558 cum
1673 1519 1775 1568 fugio

1257 1579 1374 1626 Iussa,
1408 1583 1449 1614 ut
1479 1590 1501 1615 a
1533 1577 1731 1614 manubrio

1312 1634 1484 1683 Ferrum,
1519 1639 1559 1670 tu
1590 1644 1648 1670 me
1679 1632 1739 1671 fac
1761 1633 1888 1670 redire

1256 1692 1308 1729 Et
1338 1691 1556 1737 prolapsum
1587 1691 1625 1727 in
1655 1689 1768 1727 fluvio

1256 1748 1504 1785 Lubricitatis
1535 1747 1649 1784 nimio

1314 1804 1512 1850 Nunquam
1534 1804 1635 1840 sinas
1657 1814 1716 1840 me
1738 1802 1890 1851 perire,

1259 1860 1350 1899 Tuis
1382 1871 1531 1907 semper
1560 1860 1740 1897 oboedire

1259 1918 1340 1955 Fac
1369 1917 1596 1965 praeceptis,
1628 1927 1722 1963 quae
1742 1915 1890 1953 nescire

1316 1974 1437 2020 Saepe
1468 1974 1598 2010 audita
1628 1973 1767 2020 nescio,

1259 2031 1360 2069 Raro
1389 2041 1433 2067 ea
1463 2041 1536 2067 non
1567 2030 1701 2067 audire

1260 2088 1329 2124 Vel
1361 2087 1482 2124 invisa
1512 2086 1722 2133 praeterire

1318 2144 1472 2180 Possum
1504 2144 1540 2180 in
1572 2142 1813 2181 monasterio.

1261 2287 1434 2329 Donetur
1464 2289 1678 2326 benedictio

1261 2347 1342 2384 Tua
1372 2346 1475 2391 mibi,
1509 2346 1571 2392 qui
1602 2346 1716 2382 nimio

1317 2403 1404 2440 Sum
1437 2403 1605 2449 pondere
1636 2404 1876 2449 aggravatus,
1906 2444 1909 2445 ⁷

1259 2460 1370 2497 Vires
1400 2460 1434 2496 in
1468 2469 1526 2495 me
1556 2469 1630 2495 non
1660 2458 1792 2507 sentio,

1262 2518 1314 2556 Ut
1347 2516 1416 2553 Dei
1447 2514 1621 2552 aedificio

1319 2573 1435 2619 Lapis
1464 2572 1590 2609 iacens
1622 2571 1691 2608 sim
1722 2571 1892 2618 levatus3

1263 2629 1385 2676 Super
1415 2639 1534 2664 meum
1567 2628 1674 2664 sedet
1703 2627 1802 2664 latus

1264 2686 1393 2723 Hostis
1424 2685 1495 2721 mei
1526 2685 1709 2721 incolatus

1320 2742 1439 2779 Facto
1472 2741 1518 2778 de
1548 2752 1588 2778 se
1620 2739 1810 2787 pressorio

1262 2799 1332 2848 Ita,
1367 2798 1466 2845 quod
1499 2797 1701 2836 alleviatus

1264 2855 1464 2901 Nunquam
1495 2854 1594 2898 fiam,
1627 2854 1699 2890 nisi
1731 2856 1861 2900 gratus

1321 2910 1417 2948 Mihi
1448 2911 1499 2947 sis
1530 2910 1731 2949 adiutorio.
