2031 3289
869 206 1175 246 -450—

284 324 322 362 5.
357 321 447 358 Sese
473 319 638 369 fraudat,
671 320 733 367 qui
761 331 833 357 non
856 319 987 357 laudat

413 377 653 416 Genetricem
685 376 849 422 Domini,

353 434 422 480 Qui
455 444 527 470 non
559 436 641 470 orat
672 432 782 479 hanc,
824 432 983 481 ignorat,

411 489 509 536 Quid
540 489 588 525 sit
621 489 749 526 datum
782 488 934 527 homini.

287 593 324 630 6.
355 592 498 629 Precor
529 600 630 636 ergo,
662 599 769 626 sacra
802 589 920 635 virgo,

413 646 465 685 Ut
498 656 619 683 meum
648 645 868 692 obsequium

359 702 415 740 Sit
446 706 643 749 acceptum
675 711 744 738 nec
774 701 942 748 ineptum

413 759 469 795 Sit
501 758 694 795 laudantis
725 757 905 796 studium.

287 862 322 899 7.
354 861 584 898 Benedictus
616 860 663 896 sit
697 859 827 896 beatus

412 917 483 954 Tui
515 915 659 953 fructus
690 916 801 965 uteri,

355 973 470 1012 Cuius
503 973 600 1010 dono
627 984 701 1024 pax
732 972 895 1009 humano

411 1030 662 1067 Restauratur
692 1029 834 1076 generi.

285 1133 321 1171 8.
353 1129 802 1178 Quamiueundumluxin
812 1129 991 1166 mundum

416 1187 530 1224 Venit
560 1186 797 1231 indeficiens,

361 1243 485 1281 Carne
516 1246 666 1289 sumpta
698 1253 742 1280 ex
775 1242 935 1288 innupta

416 1300 543 1337 Matre
573 1299 682 1336 nobis
713 1299 851 1336 oriens.

289 1403 324 1440 9.
358 1401 432 1439 Res
464 1401 626 1448 novella,
659 1401 759 1447 quod
790 1400 917 1447 puella

415 1457 555 1505 Regem
586 1461 755 1494 nostrum
787 1457 926 1503 genuit,

358 1514 499 1560 Regem
509 1525 681 1561 magnum
694 1524 763 1551 nec
773 1513 827 1550 sic
837 1513 1011 1550 damnum

420 1570 580 1607 Pudoris
612 1570 803 1608 sustinuit.

256 1672 319 1710 10.
352 1672 471 1717 Quam
503 1675 653 1709 sacrata
684 1675 720 1708 et
751 1671 862 1708 beata

417 1727 632 1765 Genetricis
660 1727 790 1775 ubera,

369 1784 429 1821 Ex
461 1795 533 1831 qua
564 1788 674 1821 natus
706 1791 742 1820 et
773 1785 934 1821 lactatus

418 1840 501 1886 Est,
532 1841 595 1887 qui
625 1841 722 1888 regit
754 1841 892 1878 sidera.

265 1943 328 1980 11.
360 1942 390 1980 Ο
423 1942 624 1991 mamillae,
659 1942 793 1988 quibus
822 1943 886 1979 ille

419 1999 603 2035 Parvulas
634 1999 798 2035 nutritus
835 2004 903 2048 est,

363 2055 472 2091 Iussu
504 2055 608 2091 cuius
638 2055 768 2092 mundi
799 2055 908 2092 huius

420 2111 584 2149 Ornatus
614 2109 807 2157 perfectus
841 2118 908 2151 est.

266 2213 330 2250 12.
366 2212 598 2258 protoplasti
629 2213 741 2259 culpa
773 2214 897 2251 cuncti

421 2269 590 2306 Gloriam
622 2269 826 2314 amisimus,

363 2326 438 2363 Per
480 2329 690 2362 consortem
724 2326 801 2362 eius
834 2331 992 2363 mortem

420 2381 617 2418 Geminam
649 2381 890 2420 incurrimus,

263 2478 325 2516 13.
360 2476 433 2514 Per
465 2477 647 2522 Mariam,
689 2478 775 2515 dum
803 2479 995 2526 Messiam,

417 2533 510 2570 Eius
542 2538 682 2580 natum,
715 2535 916 2581 sequimur,

359 2590 600 2627 Immortales
632 2595 667 2626 et
699 2591 875 2637 aequales

421 2647 579 2693 Angelis
611 2645 809 2686 efficimur.

265 2743 329 2781 14.
363 2742 434 2778 Dei
465 2746 598 2787 mater,
633 2741 692 2779 fac
723 2747 918 2789 gratanter

418 2798 497 2835 Tua
529 2809 596 2835 nos
627 2799 822 2835 sollemnia

362 2854 567 2892 Celebrarc
599 2860 636 2891 et
668 2856 790 2892 vitare

421 2911 552 2947 Carnis
587 2912 788 2948 desideria.

1074 321 1137 357 15.
1172 319 1286 366 Virgo
1317 319 1429 368 mitis,
1461 319 1654 366 impeditis

1227 375 1459 412 Libertatem
1492 377 1654 422 postula,

1172 431 1276 468 Pelle
1307 429 1404 468 falsa
1434 436 1471 468 et
1501 432 1631 469 relaxa

1229 487 1462 525 Delictorum
1491 489 1654 528 vincula.
1682 481 1686 486 ⁵

1077 589 1141 628 16.
1177 588 1294 626 Maris
1326 589 1449 636 stella,
1482 588 1573 626 seda
1604 589 1716 639 bella,

1231 644 1330 682 Seda
1361 645 1479 682 malos
1510 645 1691 691 homines,

1174 700 1207 737 N
1212 711 1231 737 e
1244 711 1310 737 nos
1320 705 1491 747 mergant
1503 706 1565 738 aut
1581 701 1799 749 dispergant

1228 757 1364 794 Mundi
1395 757 1503 794 huius
1534 757 1716 798 turbines,

1077 860 1140 899 17,
1173 859 1215 896 In
1248 859 1317 895 hoc
1348 860 1442 896 mari
1477 859 1661 896 dominari

1230 915 1315 952 Non
1347 915 1544 962 permittas
1575 916 1742 963 spiritus,

1170 971 1312 1018 Quibus
1343 976 1487 1009 mentes
1517 972 1777 1019 imprudentes

1229 1028 1469 1065 Subruuntur
1498 1027 1682 1069 funditus

1079 1130 1141 1167 18.
1174 1129 1232 1166 Ex
1264 1129 1335 1166 hoc
1367 1128 1464 1166 freto
1495 1133 1558 1166 tuo
1589 1134 1677 1177 peto

1230 1186 1325 1222 Erui
1355 1185 1548 1232 praesidio

1175 1241 1225 1278 Et
1256 1246 1448 1289 postremo
1478 1242 1515 1279 in
1547 1252 1722 1289 supremo

1232 1298 1419 1335 Collocari
1450 1299 1600 1345 gaudio.

1079 1401 1143 1438 19.
1176 1400 1255 1436 Iter
1283 1404 1403 1437 tutum
1435 1411 1504 1447 per
1533 1400 1714 1439 virtutum

1234 1455 1386 1494 Gradus
1416 1457 1507 1494 mihi
1538 1467 1739 1504 praepara,

1178 1512 1358 1550 Gressum
1390 1514 1487 1560 leva,
1519 1524 1566 1550 ne
1596 1513 1633 1550 in
1666 1523 1778 1550 saeva

1234 1569 1354 1606 Miser
1385 1581 1488 1607 ruam
1520 1574 1677 1608 tartara.

1083 1671 1147 1709 20.
1180 1670 1359 1717 Magnum
1391 1682 1484 1708 onus
1516 1676 1621 1718 gesto
1652 1681 1792 1718 pronus

1237 1727 1441 1774 Culparum
1470 1727 1655 1775 congerie,

1179 1784 1280 1822 Onus
1308 1794 1434 1830 grave,
1467 1784 1567 1831 quod
1589 1788 1644 1820 est
1667 1793 1808 1830 pravae

1239 1841 1364 1877 Poena
1395 1840 1661 1878 conscientiae.

1082 1944 1145 1980 21.
1179 1942 1382 1980 Audiendo
1413 1946 1449 1978 et
1481 1941 1657 1988 videndo,

1238 1998 1371 2035 Verbis
1402 2002 1438 2035 et
1467 1997 1644 2045 operibus

1178 2057 1242 2093 Me
1276 2055 1446 2092 destruxi
1477 2059 1511 2091 et
1543 2054 1677 2092 seduxi

1237 2111 1361 2148 Variis
1392 2111 1597 2149 erroribus.

1079 2215 1144 2252 22.
1179 2214 1294 2260 Virgo
1325 2213 1500 2260 clemens,
1534 2217 1634 2250 tuam
1659 2222 1809 2259 gemens

1237 2270 1376 2306 Precor
1407 2268 1683 2313 excellentiam,

1177 2326 1227 2363 Ut
1261 2330 1478 2362 cunctomm
1511 2325 1735 2362 delictorum

1236 2382 1331 2419 Mihi
1364 2392 1497 2428 poscas
1525 2381 1686 2420 veniam.

1084 2481 1145 2519 213.
1180 2479 1307 2516 Mater
1338 2477 1446 2527 bona,
1479 2482 1604 2514 mente
1635 2487 1753 2524 prona

1238 2535 1434 2581 Deprecor
1463 2543 1506 2571 ac
1538 2533 1724 2583 supplico,

1179 2591 1237 2628 Da
1269 2591 1461 2636 virtutem,
1506 2594 1545 2627 ut
1577 2600 1650 2626 non
1683 2596 1808 2628 nutem

1236 2648 1384 2693 Impetu
1418 2647 1649 2685 daemonico,

1079 2745 1145 2782 24.
1178 2744 1231 2781 Te
1264 2743 1426 2792 requiro,
1459 2746 1498 2779 ut
1530 2753 1550 2779 a
1583 2741 1666 2779 diro

1235 2801 1353 2838 Hoste
1383 2809 1442 2836 me
1473 2797 1665 2835 custodias

1178 2857 1226 2893 Et
1259 2866 1434 2893 coronam
1466 2854 1733 2901 sempiternam

1235 2911 1330 2950 Mihi
1365 2911 1448 2949 dari
1480 2910 1609 2950 facias,
