1914 3223
747 137 1051 181 —185—

132 255 169 293 7.
193 254 418 292 ‘Intellectus
447 265 486 291 es
516 254 684 301 spiritus.
940 256 976 293 8.
1012 254 1087 290 Das
1117 253 1267 290 tandem
1300 251 1538 298 sapientiam,

253 312 332 357 Quo
364 310 512 348 videtur
543 310 721 347 divinitas
1069 310 1139 346 l‘er
1169 319 1289 356 quam
1310 308 1402 345 fiant
1433 307 1593 355 pacifici,

198 367 332 406 Mundi
363 368 489 404 cordis
519 366 732 414 luminibus,
1011 366 1152 402 Nomen
1185 365 1304 412 patris
1335 365 1587 412 sanctificans,

255 425 358 462 Haec
388 428 443 461 est
475 425 579 471 regni
610 423 846 467 sublnnitas3
1067 425 1108 460 ln
1139 434 1211 469 quo
1242 423 1317 458 sint
1347 421 1417 458 Dei
1449 422 1538 468 tilii3

311 481 359 518 Et
390 481 485 518 lianc
517 481 576 522 da,
609 480 780 524 Domine,
1123 480 1168 516 Et
1203 479 1299 515 banc
1331 479 1391 526 cla,
1424 479 1596 525 Domine,

365 537 413 574 da
443 537 549 574 nobis
580 537 752 583 gratiam,
1179 536 1226 572 (la
1258 535 1363 572 nobis
1395 536 1566 585 gratiam,

313 594 471 631 Poenam
505 594 578 630 reis
1111 593 1269 629 l'ocnam
1303 593 1376 629 reis

367 660 412 687 ne
444 650 582 687 reddas
615 649 794 693 debitam,
1177 659 1222 686 ne
1253 649 1393 686 reddas
1426 648 1605 694 debitam,

308 706 382 744 Sed
413 707 552 744 nomini
626 708 631 714 '
1121 706 1195 743 Sed
1227 706 1365 742 nomini

366 767 429 801 tuo
461 763 508 801 da
538 763 704 811 gloriam.
1179 766 1242 799 tuo
1274 762 1323 799 da
1352 762 1522 809 gloriam.

486 846 521 881 9.
554 843 821 889 Apostolorum
853 842 1042 891 precibus,

619 901 716 946 Quos
750 899 819 936 hac
848 899 886 936 in
918 899 979 936 die
1010 909 1219 945 consecras⁷

569 956 690 992 lsdem
722 967 788 993 nos
821 955 1110 992 charismatibus

623 1011 821 1061 confirma,
854 1023 946 1059 quos
978 1022 1178 1058 regeneras

678 1069 749 1106 Illa
777 1068 1000 1117 septiformi,

732 1136 842 1172 quam
871 1125 999 1173 habes,
1030 1125 1152 1172 gratia

677 1182 816 1219 Contra
846 1187 988 1229 septem

731 1239 797 1276 illa
829 1239 1036 1287 daemonia,

613 1332 617 1335 .
675 1295 787 1332 Cuius
820 1296 918 1333 dona

730 1352 827 1389 bona
856 1358 943 1389 sunt
973 1351 1107 1389 omnia.

217 1430 244 1461 B
276 1429 333 1461 fol.
359 1428 443 1461 901).
471 1447 510 1451 —
537 1430 563 1461 (3
590 1429 646 1460 fol.
676 1427 734 1461 101
749 1439 779 1460 a.
807 1447 845 1451 —
877 1427 911 1467 l,
952 1427 966 1460 1
995 1429 1187 1460 Adventum
1215 1429 1252 1458 U.
1278 1444 1321 1448 —
1345 1425 1383 1466 2,
1417 1425 1437 1458 5
1463 1438 1513 1469 sq.
1538 1428 1592 1459 Tu
1617 1427 1682 1460 hac

128 1475 171 1505 da
197 1474 297 1506 nohis
323 1475 469 1518 Dpniine
495 1476 642 1513 ‚qratiam
669 1475 708 1506 B.
732 1491 776 1496 —
801 1477 866 1506 Str.
893 1473 913 1503 Γ)
940 1476 984 1505 ist
1010 1476 1043 1505 111
1070 1476 1096 1505 C
1120 1484 1173 1504 am
1202 1473 1320 1505 Raude
1345 1472 1612 1515 nachgetragen.
1639 1491 1682 1495 —

128 1518 156 1555 6,
183 1518 204 1551 3
230 1521 417 1562 praemium
443 1521 497 1551 vel
527 1521 682 1551 bravium
709 1521 746 1551 B.
772 1537 814 1541 -
841 1518 870 1556 T,
896 1518 917 1550 4
942 1523 993 1551 est
1019 1521 1162 1561 spiritus
1189 1521 1285 1561 regni
1313 1520 1349 1550 Β.
1375 1538 1417 1541 -
1443 1520 1473 1555 ὅ,
1499 1517 1520 1550 4
1548 1520 1586 1550 [n
1612 1529 1679 1560 quo

127 1569 206 1596 sunt
231 1566 267 1596 C.
295 1582 332 1587 —
359 1564 390 1602 9,
420 1564 434 1597 1
460 1566 670 1607 Populoruin
697 1566 855 1607 precibus
880 1566 918 1596 Β.

632 1676 702 1713 180.
737 1676 817 1714 (70.)
851 1675 890 1711 ln
917 1676 949 1710 2.
976 1674 1168 1711 Nocturna.

132 1761 163 1797 l.
197 1759 440 1796 Remissionis
471 1770 663 1796 numerum
938 1761 973 1798 3.
1008 1760 1183 1796 Divinum
1216 1758 1355 1805 quippe
1387 1759 1560 1804 spiritum

241 1816 320 1853 Lux
353 1816 475 1862 signat
505 1816 822 1862 quinquagesima,
1065 1816 1241 1852 Amorem
1273 1815 1351 1851 eius
1384 1815 1581 1860 dicimus„

199 1873 277 1918 Quo
306 1871 490 1909 iubiiaeus
522 1873 682 1909 omnium
1006 1874 1084 1920 Quo
1117 1872 1191 1909 reis
1222 1872 1321 1908 1111110
1352 1872 1570 1918 propitium,

251 1930 383 1965 Annus
415 1929 557 1965 relaxat
592 1929 732 1966 debita.
1064 1932 1144 1975 Quo
1175 1930 1301 1966 mitem
1335 1939 1416 1965 esse
1447 1929 1629 1967 novimuS.

307 1985 456 2022 Summa
488 1996 631 2023 summo
663 1987 740 2033 regi
1119 1987 1271 2024 Summa
1301 1996 1444 2022 summo
1477 1986 1554 2032 regi

359 2041 440 2079 Deo
471 2043 518 2079 sit
550 2043 679 2090 gloria,
1176 2043 1254 2080 Deo
1285 2042 1333 2078 sit
1366 2042 1498 2089 gloria,

307 2098 419 2136 Cuius
451 2105 585 2137 cuncta
1117 2099 1229 2136 Cuius
1262 2104 1397 2136 cuncta

362 2155 569 2192 subsistunt
599 2156 734 2203 gratia,
1177 2156 1385 2193 subsistunt
1415 2155 1550 2202 gratia,

305 2211 364 2249 Ex
392 2223 475 2260 quo,
509 2223 578 2259 per
607 2223 730 2260 quem,
1120 2213 1178 2250 Ex
1210 2224 1294 2259 quo,
1327 2223 1396 2260 per
1426 2223 1548 2259 quem,

361 2268 397 2304 in
429 2279 501 2315 quo
531 2273 614 2305 sunt
647 2270 780 2307 omnia.
1172 2269 1210 2306 in
1242 2279 1314 2316 quo
1346 2273 1433 2306 sunt
1461 2269 1597 2306 omnia.

124 2349 160 2384 2.
192 2346 267 2384 Sub
300 2347 368 2383 1100
401 2348 543 2384 dierum
576 2359 728 2385 numero
934 2354 970 2389 4,
1004 2350 1118 2388 Cuius
1149 2350 1287 2386 amoris
1320 2349 1431 2385 hodie

249 2404 492 2441 Remissionis
525 2404 679 2451 spiritus
1060 2405 1230 2442 Flamma.
1261 2406 1421 2442 mundus
1444 2405 1676 2453 accenditur,

193 2461 226 2496 A
259 2460 390 2496 summi
420 2457 540 2508 'patris
571 2462 664 2498 solio
1002 2464 1117 2509 Quem
1150 2463 1249 2499 venit
1282 2462 1454 2499 Christus
1485 2463 1646 2509 mittere,

252 2517 375 2564 Venit,
409 2528 514 2562 quem
550 2518 645 2554 misit
680 2518 788 2556 filius.
1063 2520 1099 2555 111
1136 2524 1275 2556 terram
1307 2519 1402 2565 ignis
1434 2519 1610 2557 mittitur.

306 2573 457 2611 Summa
487 2585 628 2610 summo
660 2576 738 2622 regi
1116 2575 1267 2612 Summa
1299 2586 1442 2612 summo
1473 2575 1551 2622 regi

358 2629 437 2666 Deo
468 2631 516 2668 sit
547 2631 679 2679 gloria,
1178 2633 1256 2670 Deo
1284 2632 1330 2668 sit
1364 2632 1494 2679 gloria,

304 2686 415 2723 Cuius
447 2692 580 2724 cuncta
1118 2690 1230 2726 ('uius
1261 2694 1395 2725 cuncta

362 2743 566 2780 subsistunt
598 2744 729 2793 gratia,
1174 2745 1381 2782 subsistunt
1414 2745 1546 2791 gratia,

304 2798 362 2836 Ex
392 2811 477 2846 quo,
511 2810 579 2847 per
608 2811 730 2846 quem,
1117 2803 1173 2839 Ex
1204 2813 1287 2850 quo,
1322 2812 1391 2848 per
1419 2813 1540 2850 quem,

358 2856 394 2892 in
421 2867 494 2903 quo
523 2862 609 2893 sunt
639 2858 776 2896 omnia.
1173 2859 1209 2895 in
1241 2870 1313 2905 quo
1344 2864 1429 2896 sunt
1461 2860 1597 2897 omnia.
