1914 3223
778 192 833 197 —
891 170 969 212 371

174 286 239 324 18.
273 285 384 322 Venit
413 295 502 331 ergo
532 291 570 321 ut
602 283 744 320 saliews

162 1008 228 1046 19.

160 1735 228 1772 20.

161 2268 228 2306 23.

264 341 316 379 In
346 341 538 379 montibus
569 340 797 378 transsliens

323 398 443 435 (biles
474 403 585 444 atque
617 397 823 443 cacumina,

265 453 377 495 Nam,
412 455 498 490 ‹lum
531 452 600 490 fuit
624 454 897 500 pertransiens,

266 511 528 557 Relinquendo
560 515 600 546 ut
630 511 803 546 nesciens

327 568 436 604 l'lura
468 573 682 603 sanctorum
714 567 865 615 agmina

265 624 520 664 Feminarum
538 634 607 670 pro
640 622 776 660 femina

262 680 328 717 Me
360 679 536 717 facienda
568 680 718 716 domina

321 736 464 773 Saltum
498 736 600 781 fecit,
633 742 669 773 et
700 737 872 783 quotiens

264 793 384 830 seivit
415 804 541 830 earum
575 794 740 830 culmina

262 849 483 887 Sanctitatis
515 855 550 886 et
582 850 732 886 nomina

319 906 454 943 Salivit
486 917 633 952 quoque
666 907 817 946 totiens.

259 1007 410 1046 Sim-ilis
443 1009 495 1045 est
527 1007 580 1044 sic
612 1008 770 1045 dilectus

259 1065 373 1101 Illeus
405 1075 567 1111 capreae
598 1065 740 1101 electus

316 1121 443 1167 Atque
472 1132 667 1157 cervorum
699 1121 872 1172 hinnulo,

259 1178 321 1215 Ad
354 1189 475 1214 meum
508 1179 635 1214 salivit
666 1184 798 1224 pectus

261 1234 352 1272 Tam
388 1235 530 1271 directe
562 1246 670 1281 quam
706 1235 873 1272 directus

317 1292 473 1337 Sumpto
503 1292 540 1328 in
563 1302 622 1328 me
646 1292 892 1338 corpusculo;

257 1348 369 1385 Hunc
399 1359 514 1385 aureo
547 1348 719 1385 vehiculo

258 1404 309 1442 Et
340 1406 443 1452 regio
475 1405 662 1442 curriculo

315 1462 469 1498 Ventris
499 1463 572 1498 mei
604 1465 641 1498 et
671 1462 826 1499 affectus

258 1519 410 1556 Portavi
447 1519 575 1556 clauso
606 1519 826 1567 claustrulo,

260 1575 312 1614 Ut
342 1575 473 1612 saliret
503 1587 573 1622 pro
604 1577 745 1622 populo

317 1632 443 1670 Saltus
473 1632 627 1669 maioris
659 1631 867 1679 profectus.

259 1733 336 1779 Fm,
367 1733 448 1781 ipse
477 1735 553 1771 stat
583 1734 828 1771 absconditus

258 1790 343 1827 Non
378 1801 418 1827 se
449 1795 662 1828 monstrans
696 1791 889 1839 divinitus,

317 1847 435 1884 Fixus
469 1848 590 1884 crucis
623 1848 806 1896 patibulo,

256 1903 350 1941 Post
371 1905 561 1951 parietem
593 1905 743 1951 penitus

256 1959 442 1998 Nostram
474 1960 596 1998 factus
629 1962 843 1999 humanitus

316 2019 364 2056 Se
395 2022 498 2054 tenet
529 2019 566 2055 in
599 2018 758 2056 latibulo

634 2166 802 2203 Filius
843 2165 903 2203 ad

259 2268 382 2315 Surye
413 2269 460 2305 de
490 2269 619 2305 mundi
650 2269 820 2315 pulvere,

256 2324 431 2371 Propera
461 2326 499 2362 in
530 2326 678 2369 itinere,

314 2381 453 2419 Amica
485 2393 571 2419 mea
601 2382 712 2419 unica

257 2437 524 2485 Formosaque
553 2450 639 2475 mea
672 2449 771 2485 vere,

259 2495 460 2532 Pulchrior
489 2496 590 2532 omni
621 2496 759 2542 sidere,

316 2551 501 2589 Columba
532 2563 617 2589 mea
649 2552 799 2602 pudica,

258 2607 378 2645 Fellis
410 2619 558 2657 expers,
591 2608 761 2659 pacifica,

260 2663 378 2702 Solita
408 2666 530 2702 erucis
562 2666 708 2712 pertica

316 2720 540 2759 Memoriter
570 2723 785 2770 quiescere,

261 2777 354 2813 Veni
387 2779 520 2815 relicta
551 2779 687 2825 pedica

260 2833 409 2871 Mecum
441 2836 489 2872 ad
523 2846 638 2882 regna
669 2835 811 2871 caelica

318 2891 497 2929 Loeanda
528 2903 632 2929 meae
664 2892 856 2929 dexterae.

983 669 1051 708 21.

979 1373 1046 1432 2’2.

1083 285 1284 322 Clavorum
1316 285 1527 322 retinaculo

1083 342 1145 379 Sic
1177 343 1351 379 detentus
1381 342 1420 378 in
1452 341 1597 388 patulo,

1140 400 1216 436 Iam
1244 398 1321 435 ‘non
1353 399 1442 435 salit
1462 403 1504 434 ut
1525 397 1715 445 primitus,

1082 457 1162 499 Quo
1192 455 1319 492 salivit
1351 455 1386 491 in
1420 454 1564 493 nidulo.

1082 511 1257 548 Mortuus
1290 516 1342 547 est
1379 521 1447 557 pro
1479 511 1632 557 populo.

1138 568 1265 605 Saltus
1283 568 1344 604 hie
1361 579 1434 604 non
1453 572 1509 604 est
1527 568 1715 614 perditus.

1085 669 1236 706 Pariete
1268 667 1498 705 fenestratus

1082 726 1134 762 Et
1164 726 1201 761 in
1235 736 1348 762 carne
1380 724 1596 772 perforatus

1137 782 1213 818 Per
1243 783 1432 829 fenestras
1462 782 1669 828 rpspiciens

1080 839 1149 875 Est
1183 839 1295 874 etiam
1330 839 1561 875 cancellatus

1080 896 1122 932 ln
1155 906 1198 931 ea
1229 904 1264 933 et
1302 895 1516 932 vulneratus

1136 952 1211 988 Per
1249 951 1435 989 camellos
1459 951 1715 998 prospiciens,

1080 1009 1311 1055 Quamquam
1334 1018 1447 1045 carne
1469 1009 1515 1044 sit
1534 1008 1711 1058 moriens,

1082 1065 1227 1102 Cuncta
1257 1065 1361 1101 videt
1393 1075 1435 1102 ea.
1464 1065 1586 1101 sciens

1139 1123 1227 1159 Post
1258 1122 1440 1168 parietem
1475 1123 1628 1171 celatus,

1082 1179 1143 1215 Nil
1176 1179 1336 1215 invisum
1370 1179 1605 1224 praeteriens

1079 1235 1152 1272 Seu
1184 1247 1256 1271 non
1291 1236 1419 1271 videre
1452 1236 1633 1282 nequiens

1135 1292 1232 1328 Tota
1263 1302 1376 1328 carne
1407 1293 1631 1330 occultatus

1077 1393 1155 1438 En,
1187 1405 1294 1431 meus
1324 1393 1421 1430 mihi
1453 1394 1627 1440 loquitur

1076 1449 1251 1488 Dilectus
1283 1455 1320 1487 et
1351 1451 1589 1498 supponitur,

1133 1507 1240 1553 Quod
1271 1507 1470 1553 loquamur
1501 1508 1548 1544 de
1572 1517 1713 1553 amore,

1075 1564 1155 1610 Quo
1186 1563 1247 1610 pie
1279 1564 1369 1600 mihi
1399 1564 1568 1610 iungitur

1075 1622 1201 1667 Atque
1233 1621 1321 1656 milii
1354 1620 1579 1667 astringitur

1131 1677 1206 1714 Suo
1238 1677 1399 1723 benigno
1431 1675 1587 1725 favore3

1075 1733 1138 1770 Sic
1169 1739 1245 1780 est,
1280 1734 1379 1770 unde
1410 1734 1472 1780 pio
1503 1745 1569 1770 ore

1075 1790 1182 1838 Rogo
1212 1801 1355 1836 omneS‚
1389 1802 1436 1826 ne
1468 1801 1639 1837 rancore,

1136 1849 1207 1885 Per
1223 1858 1333 1894 quem
1349 1858 1455 1884 amor
1473 1848 1710 1892 dissolvitur,

1074 1904 1253 1952 Utantur,
1285 1904 1352 1954 sed
1384 1908 1514 1941 nostro
1545 1915 1650 1941 more

1076 1960 1245 2007 Quilibet
1275 1961 1325 1997 sit
1355 1961 1392 1997 in
1427 1960 1578 1998 fervore

1131 2017 1307 2065 Amoris,
1342 2018 1429 2055 dum
1462 2018 1524 2054 hic
1556 2017 1709 2056 vivitur.

944 2169 1164 2205 matrem.

978 2270 1045 2307 24.
1076 2267 1168 2304 Iam
1199 2267 1302 2304 enim
1332 2268 1451 2304 hiems
1483 2266 1651 2317 transiit,

1076 2325 1196 2371 Rigor
1226 2325 1346 2370 patris
1378 2324 1588 2371 praeteriit,

1134 2383 1214 2426 Quo
1235 2381 1397 2417 mundus
1419 2381 1515 2417 solet
1533 2385 1709 2430 tremere,

1075 2438 1213 2474 Aestas
1244 2438 1384 2474 amoris
1415 2437 1541 2485 rediit,

1076 2495 1155 2540 Quo
1187 2494 1369 2542 salvatur,
1402 2493 1465 2540 qui
1496 2493 1611 2539 periit

1131 2551 1254 2587 Homo
1285 2562 1354 2597 pro
1386 2562 1451 2586 suo
1483 2550 1651 2600 scelere,

1074 2607 1203 2644 Imber
1233 2608 1356 2644 solens
1388 2607 1626 2653 exstinguere

1074 2666 1253 2701 Amorem
1288 2669 1324 2699 et
1357 2664 1580 2709 disperdere

1129 2720 1297 2757 Recessit
1313 2721 1401 2756 'iam
1433 2722 1467 2757 et
1497 2720 1593 2756 abiit

1075 2777 1146 2822 Ita,
1179 2777 1279 2823 quod
1311 2775 1474 2813 fructum
1507 2775 1633 2813 facere

1077 2834 1221 2870 Poterit
1254 2839 1290 2869 et
1321 2834 1545 2879 producere,

1131 2891 1202 2937 Qui
1233 2900 1377 2926 mecum
1409 2889 1542 2926 foedus
1574 2890 1670 2926 iniit.

1426 2954 1496 2987 524*
