1914 3223
790 192 835 196 —
906 168 980 205 ΙΝ.)

183 290 219 325 5.
251 285 342 324 Avis
374 283 523 331 blanda,
556 285 748 319 mansueta

309 342 428 380 Deum
459 344 643 377 monstrat
673 338 875 385 placatum,

253 399 330 436 Nec
361 398 509 435 divinae
539 406 759 443 quemquam
787 405 904 441 aeque

309 454 461 493 Gratiae
491 457 593 490 tenet
622 457 765 500 typum.

994 283 1031 319 6.
1068 282 1142 318 Pax
1177 281 1213 316 iu
1249 278 1373 322 terris,
1406 277 1442 313 in
1474 275 1631 313 excelsis

1119 337 1175 373 Sit
1206 335 1338 383 gloria,
1370 334 1419 370 sit
1449 343 1592 370 summa

1062 394 1154 439 Regi
1187 402 1342 438 summo,
1375 390 1488 437 patri,
1522 389 1648 434 verbo,

1119 449 1278 496 Spiritui
1308 459 1377 495 per
1407 447 1544 484 saecla.

260 557 287 587 B
311 555 368 587 sol.
393 552 478 586 8821.
503 570 545 576 ——-
569 554 596 586 C
622 552 678 584 fol.
704 550 784 584 3521.
819 569 851 573 —
879 549 909 590 5,
939 549 954 583 1
981 552 1068 590 Quis
1096 550 1222 582 blanda
1248 550 1284 581 B.
1311 566 1354 570 -
1378 546 1409 587 5,
1436 545 1457 579 3
1482 557 1593 589 aequa
1622 547 1657 577 Β.

716 718 792 757 147.
827 719 908 761 (37.)
944 717 995 754 Ad
1020 717 1173 754 Laudes.

190 829 225 868 1.
257 828 325 874 Qui
357 827 543 874 baptismo
573 825 680 863 nobis
710 836 777 862 suo

309 885 438 931 Aquas
468 882 730 930 sanctificavit,

256 941 335 978 Has
365 940 401 977 in
433 950 574 977 merum
597 939 710 976 vertit
739 938 862 976 vinum

310 997 361 1034 Et
391 997 566 1035 convivas
595 995 728 1035 reficit.

189 1102 226 1139 2.
261 1099 371 1139 Unde
401 1099 505 1136 clara
535 1098 614 1136 dies
644 1098 716 1136 ista

315 1156 441 1193 Primo
472 1153 573 1192 fastu
603 1155 833 1201 resplendet,

263 1216 343 1258 Qua
372 1223 440 1259 per
470 1216 575 1249 tanta
603 1212 741 1248 mundo
771 1212 876 1258 signa

317 1269 451 1306 Mundi
479 1268 581 1305 salus
610 1272 782 1315 apparet.

190 1374 226 1410 3.
260 1371 339 1408 Nee
369 1355 454 1417 post
484 1373 588 1406 tanta
618 1369 677 1406 vel
707 1369 849 1406 maiora

315 1427 429 1474 Signa
463 1425 581 1463 credit
614 1426 786 1475 Iudaeus,

260 1485 374 1530 Quem
405 1482 454 1519 ad
484 1493 593 1520 unam
620 1483 746 1519 statim
767 1482 914 1519 stellam

316 1538 526 1586 Requisivit
557 1539 780 1577 Chaldaeus.

997 827 1034 863 4.
1067 824 1265 862 Elementa
1295 833 1401 860 suum
1433 827 1567 859 cuncta

1121 881 1409 927 Recognoscunt
1437 883 1641 927 auctorem,

1062 937 1116 975 Te
1148 948 1217 974 nec
1247 937 1353 984 signa
1383 946 1452 972 nec
1482 936 1543 972 lex
1574 933 1659 980 ipsa

1121 994 1291 1042 Movent,
1323 993 1448 1038 miser,
1480 992 1530 1029 ad
1564 990 1689 1028 fidem.

1000 1101 1037 1137 5.
1069 1096 1108 1134 Si
1139 1107 1208 1133 nec
1238 1095 1354 1142 signis
1384 1105 1454 1132 nec
1484 1092 1680 1141 prophetis

1126 1152 1337 1190 Arbitraris
1369 1151 1610 1199 credendum,

1069 1210 1188 1248 Exsul
1219 1209 1328 1256 longa
1360 1209 1493 1246 saltem
1524 1217 1645 1254 poena

1125 1266 1246 1304 Tuum
1279 1265 1382 1303 disce
1412 1269 1571 1302 reatum.

1001 1371 1038 1408 6.
1071 1369 1151 1405 Pax
1180 1367 1219 1404 in
1249 1367 1375 1414 terris,
1406 1367 1444 1404 in
1475 1364 1634 1403 excelsis

1125 1425 1185 1462 Sit
1213 1424 1344 1474 gloria,
1378 1424 1427 1461 sit
1460 1433 1604 1460 summa

1070 1481 1163 1528 Regi
1193 1491 1348 1527 summo,
1380 1480 1494 1527 patri,
1522 1478 1650 1525 verbo,

1126 1538 1285 1584 Spiritui
1315 1548 1384 1584 per
1414 1537 1551 1576 saecla.

269 1642 294 1672 B
318 1640 375 1672 sol.
407 1638 492 1672 881).
526 1657 568 1661 —
603 1639 629 1671 C
661 1640 718 1671 fol.
743 1637 829 1671 36b.
854 1657 895 1660 —
924 1637 956 1680 l,
991 1637 1013 1670 4
1039 1638 1148 1671 reficit
1171 1639 1210 1670 B.
1235 1656 1280 1661 —-
1305 1635 1344 1678 2,
1373 1635 1395 1670 3
1420 1638 1513 1677 Quia
1536 1648 1597 1679 per
1622 1638 1659 1669 B.
1684 1653 1715 1658 ›-

176 1685 208 1726 3,
234 1684 255 1717 3
280 1689 388 1726 Quam
415 1686 452 1717 C.
482 1702 517 1706 —
544 1683 575 1721 4,
601 1683 622 1716 2
642 1689 794 1717 actorem
819 1684 855 1716 C.

598 1862 671 1899 148.
707 1863 787 1907 (38.)
821 1863 861 1899 ln
889 1863 1107 1910 Hypapante
1134 1861 1286 1899 Domini.

792 1935 833 1966 In
860 1933 889 1966 1.
915 1936 1102 1967 Noeturno.

189 2039 223 2078 1.
250 2038 418 2087 Adoma,
450 2037 552 2086 Sion,
583 2038 800 2086 thalamum,

256 2096 356 2140 Quae
384 2095 630 2141 praestolaris
663 2095 875 2145 Dominum,

255 2151 439 2199 Sponsum
470 2155 506 2188 et
537 2162 711 2200 sponsam
742 2152 892 2199 suscipe

256 2208 347 2246 Cum
378 2218 569 2245 cereorum
599 2208 749 2246 lumine.

186 2311 223 2348 2.
256 2308 466 2346 Prudentes
496 2309 553 2346 illi
583 2310 747 2357 virgines

256 2365 407 2403 Vestras
436 2370 564 2415 aptate
592 2366 800 2419 lampades,

255 2422 306 2459 Et
335 2426 573 2460 occurrentes
605 2423 777 2461 dominae

257 2479 421 2526 Surgant
450 2479 765 2521 adulescentulae.

188 2584 223 2619 5.
258 2580 404 2618 Devota
434 2580 515 2618 Deo
545 2581 659 2619 vidua

258 2637 423 2684 Eiusque
454 2637 595 2686 templo
627 2638 767 2686 dedita,

259 2694 346 2732 Pari
377 2694 562 2742 propheta
590 2695 727 2741 gaudio

258 2750 309 2787 Et
338 2749 516 2788 confitere
546 2750 717 2792 Domino.

996 2040 1033 2077 3.
1068 2039 1188 2076 Faces
1219 2037 1429 2075 accendant
1460 2035 1591 2073 famuli

1067 2095 1240 2141 Veroque
1270 2093 1401 2131 mundi
1432 2093 1564 2130 lumini

1067 2152 1209 2188 Domus
1239 2151 1361 2189 omnis
1392 2160 1474 2186 cum
1505 2149 1676 2187 omnibus

1067 2208 1252 2246 Occurrat
1281 2206 1543 2245 luminaribus.

1028 2341 1038 2350 .
1069 2311 1188 2348 Beate
1217 2319 1344 2356 senex,
1375 2319 1552 2359 propera,

1070 2367 1262 2406 Promissa
1292 2366 1438 2415 comple
1468 2365 1606 2413 gaudia

1069 2425 1120 2462 Et
1151 2423 1395 2461 revelandum
1427 2422 1600 2470 gentibus

1070 2481 1212 2519 Revela
1242 2481 1367 2517 lumen
1400 2479 1585 2519 omnibus.

1014 2587 1036 2622 ”.
1069 2583 1150 2620 Deo
1180 2582 1281 2630 patri
1312 2592 1395 2618 eum
1426 2580 1517 2627 filio,

1069 2640 1163 2678 Cum
1194 2639 1332 2686 spiritu
1363 2638 1561 2687 paraclito,

1070 2696 1121 2735 Ut
1154 2700 1211 2732 est
1241 2706 1314 2732 una
1344 2695 1568 2743 substantia,

1068 2752 1130 2790 Sic
1161 2757 1198 2789 et
1228 2763 1303 2789 una
1333 2752 1382 2789 sit
1411 2751 1542 2799 gloria.

265 2850 292 2882 B
323 2849 382 2882 fol.
415 2848 500 2884 88b.
532 2869 575 2874 ——-
599 2852 626 2885 C
650 2852 709 2885 fol.
736 2850 838 2886 1382.
863 2870 905 2875 —
930 2851 969 2893 2,
1006 2852 1021 2885 1
1049 2853 1131 2886 illae
1158 2850 1200 2884 B.
1225 2870 1268 2874 —
1293 2850 1330 2891 3,
1364 2850 1385 2884 3
1408 2853 1542 2884 Domus
1567 2853 1619 2884 dis
1648 2863 1725 2885 cum

174 2896 331 2943 omnibus
356 2897 395 2928 B.
