2031 3289
959 214 1012 220 —
1071 192 1153 234 32⁴3

343 308 409 346 20.
442 303 578 348 Hodie
610 311 645 344 et
676 307 814 345 cotidie

332 1863 354 1898 ΓΟ

363 1864 383 1899 10

325 2635 390 2671 23.

444 365 565 403 Simili
598 375 693 401 vena
724 365 855 401 veniae

496 422 702 469 Egeremus
733 431 832 458 nunc
862 420 991 467 minui,

440 477 524 514 Nisi
556 488 644 515 suae
675 482 750 514 tam
780 477 916 514 nimiae

439 533 602 571 Fructus
633 534 917 571 misericordiae

496 591 636 628 Nostro
668 591 848 628 cederent
876 592 982 641 usui;

440 648 514 685 Per
543 648 646 694 ipsos
677 647 775 684 enim
807 647 908 684 ablui

440 704 649 750 Credimus,
682 704 746 751 qui
776 704 919 741 assidui

496 761 630 798 Sumus
663 761 784 807 culpis
816 762 1018 808 nequitiae,

441 817 658 866 Supposit0,
692 818 792 864 quod
823 817 928 855 fletui

438 875 652 921 Debitoque
684 874 837 921 gemitui

494 931 574 968 Nos
607 931 737 968 demus
771 931 993 969 voluntarie.

398 1114 406 1122 .
440 1080 494 1123 Et
526 1084 613 1131 quia
645 1084 757 1131 digne
787 1085 916 1131 lugere

438 1140 523 1178 Non
555 1152 752 1187 possumus
783 1152 903 1188 neque
934 1140 1036 1189 flere,

493 1197 546 1235 Ut
576 1197 730 1244 exigunt
763 1199 958 1246 demerita,

438 1254 518 1290 Nec
550 1254 743 1301 habemus,
776 1266 849 1302 quo
876 1255 1068 1305 supplere,

437 1311 521 1348 Nisi
550 1312 670 1348 solum
700 1312 897 1357 Miserere,

491 1368 586 1413 Quia
615 1379 690 1405 non
722 1369 850 1406 valent
880 1369 1015 1406 merita

434 1424 587 1474 Nostra,
620 1435 789 1472 quaeque
819 1429 906 1463 sunt
944 1426 1066 1476 irrita,

431 1481 569 1518 Anima
599 1486 729 1519 nostra
760 1483 923 1530 perdita,

487 1539 580 1575 Ideo
611 1539 816 1576 clamamus
849 1550 960 1577 vere:

431 1595 594 1642 Respice
626 1607 692 1632 nos
724 1600 761 1632 et
791 1596 903 1634 visita

432 1651 484 1688 Et
515 1653 615 1699 erige
647 1656 682 1689 et
713 1653 865 1702 suscita,

490 1709 569 1746 Nos
590 1721 663 1746 non
681 1710 807 1746 sinens
824 1711 909 1757 plus
927 1710 1063 1749 iacere.

389 1891 397 1899 .
434 1858 614 1901 Dimitte
645 1860 774 1903 nobis·
802 1870 838 1900 et
868 1865 973 1911 quita

435 1919 606 1967 Peccata,
640 1925 761 1966 pater,
794 1921 913 1958 oblita

486 1976 533 2012 Et
568 1976 651 2013 dele
685 1977 730 2013 de
762 1977 860 2015 libro
892 1983 966 2023 tuo,

430 2033 502 2069 Illa
532 2037 678 2078 autem,
712 2045 806 2080 quae
837 2039 923 2072 sunt
954 2035 1060 2080 scita,

432 2089 647 2126 Lamentari
680 2089 740 2127 fac
770 2102 838 2128 nos
871 2093 935 2141 ita,

485 2146 542 2182 Ne
573 2146 789 2191 scribantur
819 2153 1026 2197 perpetu03

429 2202 513 2238 Non
536 2208 622 2239 sunt
642 2215 767 2255 unum,
791 2216 864 2243 non
883 2209 969 2242 sunt
988 2206 1060 2243 duo

428 2259 508 2295 Nec
538 2261 770 2298 numeranda
803 2261 930 2307 biduo,

485 2317 558 2354 Sed
591 2322 677 2353 sunt
707 2319 814 2364 quasi
846 2318 1006 2367 infinita,

416 2372 510 2409 Non
543 2373 672 2410 habita
703 2384 747 2411 ex
781 2379 907 2412 mutuo

426 2429 558 2476 Neque
592 2429 692 2467 facta
724 2432 761 2468 in
793 2433 932 2477 triduo,

481 2486 555 2523 Sed
589 2487 624 2523 in
654 2490 733 2525 tota
763 2493 892 2526 nostra
926 2489 1013 2527 vita.

427 2630 585 2673 Debita
615 2635 698 2680 ipsa
727 2635 909 2681 novimus,

427 2691 520 2727 Nam
554 2702 622 2737 pro
654 2691 748 2737 ipsis
780 2692 1007 2729 tradidimus

480 2748 638 2784 Animas
669 2748 705 2784 in
740 2749 941 2798 obsidium,

425 2805 545 2841 Penes
577 2815 644 2841 nos
677 2817 748 2841 non
782 2805 979 2842 habuimus

423 2860 502 2896 Nec.
533 2861 568 2897 in
605 2861 714 2897 domo
745 2862 955 2899 invenimus

484 2918 608 2955 Ullum
643 2919 765 2955 carius
798 2919 970 2967 vadiumg

1215 214 1264 222 ῥά

1160 741 1226 778 24.

1155 1520 1219 1557 25.

1257 310 1373 357 Deus,
1406 312 1574 347 nostrum
1606 308 1806 359 refugium,

1257 367 1313 403 Tu
1344 366 1442 403 nosti
1472 368 1695 416 usurarium,

1315 423 1383 460 Cui
1413 434 1480 459 nos
1512 424 1566 460 sic
1596 424 1856 472 obligavimus,

1258 479 1341 515 Nisi
1374 478 1474 516 feras
1504 480 1682 517 auxilium
1732 513 1737 518 .

1260 536 1326 572 Vel
1360 547 1441 573 eum
1474 547 1584 584 cogas
1614 538 1781 587 nimium,

1314 593 1448 630 Totum
1479 598 1649 632 nostrum
1681 594 1885 633 amisimus.

1258 735 1418 779 Nostra
1450 751 1532 777 esse
1564 741 1656 778 haec
1688 741 1826 793 debita,

1257 798 1420 844 Propter
1449 808 1544 844 quae
1575 798 1629 834 sic
1655 802 1713 834 est
1733 799 1886 836 subdita

1313 853 1451 890 Anima
1483 855 1666 901 usurario,

1258 910 1340 946 Non
1372 921 1562 957 negamus,
1595 923 1642 948 ne
1672 912 1782 949 irrita

1256 967 1308 1003 Et
1338 967 1407 1004 tibi
1436 967 1644 1014 ingratuita

1312 1024 1425 1060 Esset
1459 1024 1526 1061 illa
1556 1025 1727 1072 negatio,

1256 1079 1359 1117 Talis
1391 1084 1518 1118 tamen
1549 1080 1736 1119 confessio

1256 1136 1454 1184 Nunquam
1487 1138 1579 1175 dicit
1608 1139 1761 1186 sufficio

1310 1193 1441 1241 Neque
1471 1195 1541 1231 tibi
1572 1194 1612 1232 fit
1643 1196 1797 1243 placita,

1253 1250 1336 1287 Nisi
1370 1249 1521 1288 fervens
1554 1252 1704 1290 devotio

1252 1307 1303 1344 Et
1333 1319 1461 1345 amara
1493 1309 1670 1346 contritio

1310 1364 1440 1403 Dicat:
1475 1365 1569 1404 Fleo
1602 1365 1814 1413 deperdita.

1254 1514 1375 1558 Sicut
1407 1529 1494 1567 ergo
1525 1519 1716 1557 debitores

1251 1574 1302 1611 Et
1331 1576 1459 1612 miseri
1489 1581 1712 1623 peccatores

1306 1632 1470 1678 Egemus
1500 1633 1748 1680 indulgentia,

1210 1693 1214 1697 ·
1251 1688 1313 1725 Sic
1346 1701 1492 1736 quoque
1525 1691 1799 1727 condonatores

1250 1745 1434 1782 Rancoris
1466 1751 1502 1783 et
1533 1747 1741 1794 quitatores

1308 1803 1484 1840 Volumus
1515 1804 1569 1840 uti
1601 1804 1731 1852 venia,

1249 1860 1291 1896 In
1324 1865 1387 1896 tua
1419 1871 1576 1907 namque
1608 1861 1712 1898 curia

1248 1916 1397 1953 Rancor
1428 1922 1465 1954 et
1494 1918 1692 1955 iracundia

1303 1973 1388 2010 Non
1420 1978 1506 2010 sunt
1537 1974 1623 2011 boni
1654 1975 1850 2022 petitores,

1246 2029 1342 2066 Nam
1379 2031 1570 2068 vindictae
1601 2042 1671 2077 pro
1702 2032 1826 2078 gratia
1886 2071 1889 2073 ,

1244 2086 1293 2123 Et
1327 2098 1395 2133 pro
1426 2088 1686 2125 misericordia

1300 2144 1518 2181 Noseuntur
1549 2150 1801 2191 reparatores,

1203 2327 1212 2335 .
1245 2293 1300 2335 Et
1332 2297 1416 2334 idco
1447 2297 1685 2345 indulgemus

1245 2353 1418 2397 Iniustas,
1450 2359 1489 2390 ut
1522 2355 1702 2391 vellemus

1296 2410 1373 2447 Eas
1404 2411 1512 2448 nobis
1542 2411 1744 2458 indulgeri,

1241 2467 1305 2503 Nil
1337 2468 1507 2504 rancoris
1539 2469 1743 2505 retinemus

1244 2524 1283 2560 In
1315 2524 1494 2562 cordibus
1526 2535 1593 2561 nec
1624 2525 1818 2570 habemus,

1296 2581 1402 2626 Quod
1434 2593 1507 2618 non
1539 2582 1588 2617 sit
1608 2582 1746 2619 amoris
1768 2581 1872 2631 veri3

1239 2637 1276 2674 Si
1310 2636 1446 2674 fuimus
1479 2638 1589 2674 nimis
1620 2636 1690 2675 feri

1239 2693 1286 2730 Et
1319 2694 1367 2731 ad
1399 2695 1669 2743 indulgendum
1701 2695 1776 2732 seri

1296 2751 1345 2787 let
1375 2751 1530 2799 ultores,
1563 2753 1595 2788 si
1627 2763 1833 2799 possemus,

1238 2807 1368 2844 Nostri
1400 2808 1492 2844 velis
1525 2809 1694 2845 misereri

1238 2865 1288 2902 Et,
1320 2864 1496 2900 cordibus
1529 2865 1583 2901 sic
1613 2865 1768 2911 mederi,

1296 2922 1344 2959 Ut
1379 2921 1414 2957 in
1449 2922 1606 2958 caritate
1636 2927 1789 2961 stemus,
