1914 3223
725 197 777 202 —-
837 175 920 214 459
978 199 1034 204 -

415 290 453 327 5.
485 287 588 335 Ergo
619 288 815 326 laudemus
847 289 1015 326 mulieris
1047 295 1133 327 aeta

482 344 584 381 Mira
614 345 826 391 praesentis
858 345 995 392 sapido
1028 357 1178 389 canore,

480 401 570 447 Ipsa
600 412 670 448 pro
703 401 810 438 nobis
842 403 1009 448 rogitans
1027 402 1078 440 'ut
1110 406 1234 440 exstet

575 457 719 495 Cuncta
749 463 955 504 regentem.

412 560 447 597 6.
481 558 650 596 Gloriam
683 559 783 606 patri
814 559 1023 597 tribuamus
1054 561 1131 597 alto

483 615 533 652 Et
564 626 632 652 suo
664 616 765 652 celso
795 617 921 662 genito
955 617 1133 657 vicissim,

484 672 649 710 Flamini
681 677 812 710 sancto
844 671 1035 710 referente
1067 674 1142 710 ritu

572 728 739 776 Tempus
769 729 817 766 ad
850 740 970 768 omne.

188 816 332 849 Collect.
364 827 425 848 ms.
455 817 658 849 Hilariense
691 828 779 850 saec.
815 816 865 849 15.
918 818 999 849 Cod.
1029 819 1191 850 Hilarien
1222 817 1275 850 77.
1309 837 1353 841 —
1386 818 1424 854 123,
1458 817 1478 851 2
1510 820 1665 854 lacrimis

96 862 243 895 iacebat.
269 879 314 884 —
337 861 369 903 3,
393 860 415 893 3
442 864 578 895 tundes.
604 879 648 884 ——
673 863 742 896 Cfr.
770 863 1031 906 Grillenberger
1056 864 1077 895 l.
1104 876 1132 895 e.
1158 862 1237 896 322.

571 996 654 1032 444.
688 996 746 1039 (3.)
782 997 840 1032 De
867 998 1008 1033 sancto
1036 998 1181 1034 Paulo.

415 1091 451 1130 1.
484 1091 537 1130 Ut
567 1091 638 1128 tibi
668 1095 815 1138 gratum
848 1092 1040 1129 modulum
1072 1103 1262 1141 canamus,

483 1148 555 1194 Qui
583 1153 666 1185 tuas
698 1148 830 1185 laudes
862 1149 996 1185 recitet
1029 1150 1219 1195 decenter,

484 1204 563 1241 Nos
594 1205 706 1242 modo
739 1205 872 1252 (lignos
904 1204 1033 1254 facito,
1066 1216 1278 1254 precamur,

576 1261 787 1308 Splendide
823 1262 947 1301 Paule.

415 1365 451 1402 2.
483 1363 542 1400 Tu
573 1365 659 1401 Iesu
689 1363 832 1401 Christi
863 1364 1049 1400 vocitatus
1077 1363 1208 1413 hostis,

485 1420 621 1457 Saulus
651 1420 829 1457 exstabas
860 1421 976 1469 prius⁷
1010 1421 1099 1457 inde
1131 1419 1255 1458 factus

487 1478 629 1515 Paulus
662 1488 701 1513 es
732 1476 843 1526 fidus,
876 1477 949 1513 sibi
980 1481 1084 1514 stans
1117 1478 1258 1515 amicus

576 1534 702 1572 Corde
733 1534 886 1572 meraci.

417 1637 455 1674 3.
489 1635 560 1672 Ille
591 1639 628 1672 te
660 1635 765 1672 cudit
796 1635 901 1671 lesus
933 1635 1032 1671 altus
1064 1635 1178 1672 imum

489 1691 677 1742 Christus,
709 1692 748 1729 in
780 1696 921 1728 terram
953 1691 1030 1728 ruis
1062 1696 1097 1728 et
1129 1691 1298 1739 supinus,

489 1749 617 1796 Impos
649 1754 685 1785 et
717 1749 839 1787 caecis
871 1749 989 1785 oculis
1021 1748 1181 1785 moraris

583 1807 732 1844 Stratus
764 1805 811 1842 ab
842 1805 920 1843 illo.

419 1909 459 1948 4.
491 1907 587 1945 Inde
617 1912 657 1944 tu
688 1918 799 1944 sanas
829 1907 930 1944 acies
963 1906 1121 1943 resumis

490 1964 542 2002 Et
572 1963 672 2001 fame
703 1964 802 2000 laete
834 1963 1000 2001 comedis
1022 1963 1190 2010 solutus,

493 2021 692 2060 Fluctibus
724 2031 855 2058 sacrae
884 2019 974 2057 fidei
1005 2020 1145 2057 lavaris

582 2077 750 2115 Maxime
781 2076 941 2124 fulge-ns,

426 2182 464 2218 5.
495 2179 572 2216 Vas
601 2189 639 2215 es
672 2179 829 2216 electum
862 2179 1015 2216 Domini
1047 2178 1221 2225 polorum

492 2236 639 2273 Doctor
669 2240 704 2272 et
736 2236 859 2283 gentis
890 2235 1146 2282 gradiensque
1177 2245 1316 2281 praeco

492 2293 697 2330 Praedicas
729 2292 923 2330 Christum
953 2292 1131 2328 miserum
1162 2302 1231 2338 per
1262 2292 1392 2329 orbem

583 2350 658 2387 Ore
689 2350 823 2396 perito.

425 2451 463 2489 6.
493 2451 642 2498 Raptus
672 2452 721 2489 ad
754 2452 897 2488 caelum
930 2451 1078 2489 deicum
1110 2450 1218 2487 fuisti

495 2508 622 2554 Atque
654 2509 815 2555 migrato
850 2519 967 2555 puero
996 2507 1136 2545 dedisti

496 2565 621 2612 Ipsius
652 2565 780 2609 vitam,
813 2565 1009 2601 colubrum
1042 2564 1108 2601 sed
1140 2563 1218 2612 igni

588 2621 762 2659 Pendens
793 2621 960 2659 edacem.

428 2722 463 2762 7.
494 2721 621 2759 Publii
651 2727 798 2769 patrem
829 2722 1008 2769 precibus
1039 2722 1165 2758 calore

497 2778 656 2816 Liberas
688 2777 820 2826 febris,
853 2778 1031 2826 gravibus
1061 2777 1222 2825 flagellis

498 2835 685 2873 Plecteris
716 2835 859 2874 Christi
891 2836 1064 2872 recinens
1096 2834 1276 2871 honorem

591 2891 707 2928 Nulla
737 2891 917 2930 timendo.
