1914 3223
725 130 1030 171 —223—

121 253 158 291 3.
189 250 296 297 Quod
325 249 404 287 illic
437 259 459 284 a
489 246 612 294 capite
934 249 970 285 5.
1004 245 1109 283 Haec
1140 246 1227 280 tuae
1258 242 1394 280 militia

251 306 430 353 Coeptum
462 308 531 350 est,
1061 300 1195 338 Curiae
1285 339 1289 341 ,

132 371 135 374 ’
191 364 251 401 Ad
285 361 451 399 membra
482 359 690 397 rectissime
1004 358 1076 394 Por
1107 368 1173 393 sua
1205 355 1394 405 suffragia,

246 420 423 457 Tractum
455 420 524 463 est,
1058 413 1232 460 Domine,

192 476 294 515 Sicut
325 479 359 512 ct
391 474 451 511 hic
482 472 592 510 hodie
1004 470 1080 507 Sub
1112 475 1175 506 tuo
1206 480 1273 506 nos
1304 473 1477 518 protegat

248 533 385 571 Patens
415 534 483 568 est.
1057 526 1229 564 Nomine.

124 622 161 658 4.
192 619 354 665 Quorum
386 614 495 652 simul
526 613 683 650 colimus
934 613 970 650 6.
1004 611 1106 648 Tuae
1138 615 1225 647 sunt
1257 611 1446 657 potentiae

247 672 433 711 Gaudium
626 708 631 714 ,
1063 667 1236 713 Subdita,

194 730 407 768 Laudantes
437 738 505 774 pro
535 725 707 764 omnibus
1004 724 1107 761 Tuae
1138 724 1348 770 sapientiae

248 785 460 830 Dominum,
1063 781 1213 829 Pervia‚

191 843 424 882 Adiuvemur
458 839 633 888 precibus
1007 838 1110 875 Tuae
1138 842 1271 875 cuncta
1303 838 1446 884 gemine

249 898 432 938 Omnium.
1062 894 1206 933 Gloria.

199 975 225 1004 C
251 971 307 1003 fol.
338 968 398 1002 199
409 980 439 1002 a.
466 986 506 991 —
533 967 563 1005 2,
593 966 606 999 l
635 967 735 999 llunc
762 967 869 1009 plebS.
895 984 937 987 —
962 965 992 1005 2,
1018 965 1038 998 5
1065 967 1099 997 in
1125 966 1221 998 fehlt.
1247 985 1289 989 ——
1313 965 1344 1007 5,
1370 964 1390 998 6
1416 966 1580 997 Domine.

503 1152 566 1201 Β.
621 1151 932 1201 Abaelardi
973 1151 1272 1200 Planctus,

429 1261 510 1297 244.
546 1262 648 1302 (134.)
683 1261 876 1297 Planctus
902 1260 1045 1305 mnae,
1072 1260 1182 1296 filiae
1208 1261 1344 1296 Iacob.

599 1368 666 1405 la.
700 1366 879 1404 Abrahae
909 1366 1048 1412 proles,

751 1423 872 1461 Israel
903 1426 1003 1469 nata,

698 1479 1006 1517 Patriarcharum

752 1536 932 1583 sanguine
963 1536 1078 1574 clara.

112 1624 183 1664 lb.
224 1623 479 1662 Iucircumcisi
922 1622 987 1659 lc.
1029 1620 1189 1658 Generis
1220 1622 1340 1658 sancti

277 1680 349 1718 viri
380 1679 526 1726 rapina,
1089 1678 1237 1714 macula
1268 1689 1423 1724 summa,

223 1736 396 1776 Hominis
427 1736 554 1787 spurci
1032 1734 1160 1771 Plebis
1191 1735 1375 1772 adversae

277 1792 377 1831 facta
407 1804 488 1830 sum
519 1792 675 1839 praeda,
1089 1791 1188 1828 ludis
1219 1791 1342 1829 illusa.

609 1878 654 1915 R.
692 1878 771 1914 Vae
801 1877 892 1913 mihi
923 1877 1095 1923 miserae,

695 1935 770 1971 Per
798 1938 935 1970 memet
965 1933 1160 1981 proditae!

126 2021 194 2058 2a.
226 2019 322 2064 Quid
354 2018 586 2065 alienigenas
935 2017 1006 2056 2b.
1040 2017 1202 2066 sichem,
1235 2020 1273 2055 in
1305 2019 1459 2057 exitium

281 2074 437 2113 Iuvabat
468 2086 527 2112 me
558 2075 740 2112 cernere?
1093 2074 1191 2112 Nate
1221 2076 1274 2112 tui
1306 2076 1465 2122 generis,

224 2134 339 2178 Quam
371 2132 467 2169 male
493 2142 572 2169 sum
611 2131 759 2179 cognita
1036 2132 1187 2170 Nostris
1217 2132 1255 2168 in
1286 2133 1531 2180 opprobrium

285 2188 420 2225 Volens
450 2188 517 2225 has
549 2189 794 2235 cognoscere!
1093 2190 1236 2236 Perpes
1267 2188 1367 2226 facte
1397 2191 1573 2236 posteris,

138 2273 185 2311 R.
222 2273 299 2310 Vae
328 2273 417 2309 mihi
449 2273 618 2319 miserae,
947 2274 990 2311 R.
1030 2273 1106 2311 Vae
1137 2273 1207 2311 tibi
1237 2274 1387 2321 misero,

224 2330 296 2368 Per
324 2334 461 2366 memet
489 2329 683 2377 proditae!
1030 2330 1104 2367 Per
1133 2334 1249 2368 temet¹
1279 2332 1451 2378 perdito!

583 2416 653 2453 20.
694 2414 855 2453 Frustra
885 2415 1121 2454 circumcisio

749 2472 857 2509 Fecit
887 2477 924 2509 te
955 2473 1200 2521 proselytum,

695 2528 779 2566 Non
810 2529 939 2567 valens
970 2528 1147 2567 infamiae

751 2586 901 2623 Tollere
932 2587 1195 2636 praeputium3

611 2669 655 2709 R.
695 2670 775 2707 Vae
805 2670 872 2707 tibi
905 2672 1054 2716 misero,

696 2727 770 2765 Per
799 2732 914 2764 temet
943 2728 1115 2775 perdito!

129 2811 199 2847 3a.
232 2809 393 2847 Coactus
425 2821 482 2847 me
513 2821 646 2858 rapere
938 2816 960 2850 3
975 2813 1009 2852 b.
1041 2814 1181 2861 Quovis
1213 2824 1348 2860 expers
1380 2815 1510 2852 veniae

227 2866 315 2904 Mea
346 2872 476 2916 raptus
507 2868 645 2918 specie,
1040 2871 1122 2907 Non
1157 2869 1292 2908 fuisses
1317 2871 1453 2910 iudice.
