<?xml version="1.0" encoding="UTF-8"?>
<!DOCTYPE html PUBLIC "-//W3C//DTD XHTML 1.0 Transitional//EN"
    "http://www.w3.org/TR/xhtml1/DTD/xhtml1-transitional.dtd">
<html xmlns="http://www.w3.org/1999/xhtml" xml:lang="en" lang="en">
 <head>
  <title>
</title>
<meta http-equiv="Content-Type" content="text/html;charset=utf-8" />
  <meta name='ocr-system' content='tesseract 3.04.00' />
  <meta name='ocr-capabilities' content='ocr_page ocr_carea ocr_par ocr_line ocrx_word'/>
</head>
<body>
  <div class='ocr_page' id='page_1' title='image "./hymnographilatin01drevuoft_0408.png"; bbox 0 0 2031 3289; ppageno 0'>
   <div class='ocr_carea' id='block_1_1' title="bbox 0 0 78 3289">
    <p class='ocr_par' dir='ltr' id='par_1_1' title="bbox 0 0 78 3289">
     <span class='ocr_line' id='line_1_1' title="bbox 0 0 78 3289; baseline 0 0"><span class='ocrx_word' id='word_1_1' title='bbox 0 0 78 3289; x_wconf 95' lang='lat' dir='ltr'> </span> 
     </span>
    </p>
   </div>
   <div class='ocr_carea' id='block_1_2' title="bbox 1012 216 1318 257">
    <p class='ocr_par' dir='ltr' id='par_1_2' title="bbox 1012 216 1318 257">
     <span class='ocr_line' id='line_1_2' title="bbox 1012 216 1318 257; baseline -0.003 0"><span class='ocrx_word' id='word_1_2' title='bbox 1012 216 1318 257; x_wconf 76' lang='lat'>—402—</span> 
     </span>
    </p>
   </div>
   <div class='ocr_carea' id='block_1_3' title="bbox 411 330 1064 380">
    <p class='ocr_par' dir='ltr' id='par_1_3' title="bbox 411 330 1064 380">
     <span class='ocr_line' id='line_1_3' title="bbox 411 330 1064 380; baseline -0.006 -8"><span class='ocrx_word' id='word_1_3' title='bbox 411 334 476 372; x_wconf 84' lang='lat'>28.</span> <span class='ocrx_word' id='word_1_4' title='bbox 506 332 572 370; x_wconf 79' lang='lat' dir='ltr'>Ad</span> <span class='ocrx_word' id='word_1_5' title='bbox 593 332 811 380; x_wconf 66' lang='lat' dir='ltr'>potandum</span> <span class='ocrx_word' id='word_1_6' title='bbox 845 335 900 367; x_wconf 89' lang='lat' dir='ltr'>est</span> <span class='ocrx_word' id='word_1_7' title='bbox 933 330 1064 368; x_wconf 73' lang='lat' dir='ltr'>dilecto</span> 
     </span>
    </p>
   </div>
   <div class='ocr_carea' id='block_1_4' title="bbox 407 1199 473 1237">
    <p class='ocr_par' dir='ltr' id='par_1_4' title="bbox 407 1199 473 1237">
     <span class='ocr_line' id='line_1_4' title="bbox 407 1199 473 1237; baseline 0 0"><span class='ocrx_word' id='word_1_8' title='bbox 407 1199 473 1237; x_wconf 85' lang='lat'>30.</span> 
     </span>
    </p>
   </div>
   <div class='ocr_carea' id='block_1_5' title="bbox 412 1922 478 1960">
    <p class='ocr_par' dir='ltr' id='par_1_5' title="bbox 412 1922 478 1960">
     <span class='ocr_line' id='line_1_5' title="bbox 412 1922 478 1960; baseline -0.03 0"><span class='ocrx_word' id='word_1_9' title='bbox 412 1922 478 1960; x_wconf 85' lang='lat'>31.</span> 
     </span>
    </p>
   </div>
   <div class='ocr_carea' id='block_1_6' title="bbox 412 2644 478 2681">
    <p class='ocr_par' dir='ltr' id='par_1_6' title="bbox 412 2644 478 2681">
     <span class='ocr_line' id='line_1_6' title="bbox 412 2644 478 2681; baseline -0.03 0"><span class='ocrx_word' id='word_1_10' title='bbox 412 2644 478 2681; x_wconf 87' lang='grc'>32.</span> 
     </span>
    </p>
   </div>
   <div class='ocr_carea' id='block_1_7' title="bbox 502 387 1137 995">
    <p class='ocr_par' dir='ltr' id='par_1_7' title="bbox 502 387 1137 995">
     <span class='ocr_line' id='line_1_7' title="bbox 502 387 1002 435; baseline -0.008 -9"><span class='ocrx_word' id='word_1_11' title='bbox 502 389 591 426; x_wconf 84' lang='lat' dir='ltr'>Meo</span> <span class='ocrx_word' id='word_1_12' title='bbox 624 389 782 435; x_wconf 70' lang='lat' dir='ltr'>diymaem</span> <span class='ocrx_word' id='word_1_13' title='bbox 815 391 853 423; x_wconf 84' lang='lat' dir='ltr'>et</span> <span class='ocrx_word' id='word_1_14' title='bbox 883 387 1002 423; x_wconf 84' lang='lat' dir='ltr'>electo</span> 
     </span>
     <span class='ocr_line' id='line_1_8' title="bbox 559 442 1042 490; baseline -0.004 -9"><span class='ocrx_word' id='word_1_15' title='bbox 559 445 771 490; x_wconf 57' lang='lat' dir='ltr'>labiisque</span> <span class='ocrx_word' id='word_1_16' title='bbox 801 447 837 480; x_wconf 82' lang='lat' dir='ltr'>et</span> <span class='ocrx_word' id='word_1_17' title='bbox 867 442 1042 480; x_wconf 76' lang='lat' dir='ltr'><strong><em>dentibus</em></strong></span> 
     </span>
     <span class='ocr_line' id='line_1_9' title="bbox 503 499 953 537; baseline -0.002 0"><span class='ocrx_word' id='word_1_18' title='bbox 503 500 622 537; x_wconf 73' lang='lat' dir='ltr'>Illius</span> <span class='ocrx_word' id='word_1_19' title='bbox 653 501 689 536; x_wconf 89' lang='lat' dir='ltr'>in</span> <span class='ocrx_word' id='word_1_20' title='bbox 722 499 822 536; x_wconf 92' lang='lat' dir='ltr'>omni</span> <span class='ocrx_word' id='word_1_21' title='bbox 853 503 953 536; x_wconf 87' lang='lat' dir='ltr'>tecto</span> 
     </span>
     <span class='ocr_line' id='line_1_10' title="bbox 505 553 1137 603; baseline -0.003 -10"><span class='ocrx_word' id='word_1_22' title='bbox 505 556 818 603; x_wconf 70' lang='lat' dir='ltr'>Ruminawdu‘m,</span> <span class='ocrx_word' id='word_1_23' title='bbox 850 566 936 592; x_wconf 90' lang='lat' dir='ltr'>nam</span> <span class='ocrx_word' id='word_1_24' title='bbox 963 553 1137 601; x_wconf 80' lang='lat' dir='ltr'>profecto</span> 
     </span>
     <span class='ocr_line' id='line_1_11' title="bbox 564 611 1066 650; baseline -0.004 -1"><span class='ocrx_word' id='word_1_25' title='bbox 564 614 677 650; x_wconf 90' lang='lat' dir='ltr'>Potus</span> <span class='ocrx_word' id='word_1_26' title='bbox 708 616 795 648; x_wconf 81' lang='lat' dir='ltr'>sunt</span> <span class='ocrx_word' id='word_1_27' title='bbox 825 611 859 647; x_wconf 86' lang='lat' dir='ltr'>ei</span> <span class='ocrx_word' id='word_1_28' title='bbox 891 616 928 647; x_wconf 83' lang='lat' dir='ltr'>et</span> <span class='ocrx_word' id='word_1_29' title='bbox 960 611 1066 648; x_wconf 83' lang='lat' dir='ltr'>cibus</span> 
     </span>
     <span class='ocr_line' id='line_1_12' title="bbox 507 667 1094 717; baseline -0.002 -11"><span class='ocrx_word' id='word_1_30' title='bbox 507 668 633 706; x_wconf 87' lang='lat' dir='ltr'>Verba</span> <span class='ocrx_word' id='word_1_31' title='bbox 663 672 804 717; x_wconf 81' lang='lat' dir='ltr'>nostra,</span> <span class='ocrx_word' id='word_1_32' title='bbox 839 678 921 704; x_wconf 84' lang='lat' dir='ltr'>cum</span> <span class='ocrx_word' id='word_1_33' title='bbox 953 667 1094 705; x_wconf 90' lang='lat' dir='ltr'>talibus</span> 
     </span>
     <span class='ocr_line' id='line_1_13' title="bbox 508 724 953 762; baseline -0.002 -1"><span class='ocrx_word' id='word_1_34' title='bbox 508 725 688 762; x_wconf 78' lang='lat' dir='ltr'>Caritatis</span> <span class='ocrx_word' id='word_1_35' title='bbox 719 724 953 760; x_wconf 80' lang='lat' dir='ltr'>sermonibus</span> 
     </span>
     <span class='ocr_line' id='line_1_14' title="bbox 566 778 1070 818; baseline -0.004 0"><span class='ocrx_word' id='word_1_36' title='bbox 566 781 678 818; x_wconf 89' lang='lat' dir='ltr'>Pulso</span> <span class='ocrx_word' id='word_1_37' title='bbox 708 791 899 817; x_wconf 85' lang='lat' dir='ltr'>murmure</span> <span class='ocrx_word' id='word_1_38' title='bbox 929 778 1070 817; x_wconf 80' lang='lat' dir='ltr'>infecto</span> 
     </span>
     <span class='ocr_line' id='line_1_15' title="bbox 507 836 1019 882; baseline -0.004 -7"><span class='ocrx_word' id='word_1_39' title='bbox 507 837 679 875; x_wconf 82' lang='lat' dir='ltr'>Gaudeat</span> <span class='ocrx_word' id='word_1_40' title='bbox 712 837 825 873; x_wconf 90' lang='lat' dir='ltr'>nullis</span> <span class='ocrx_word' id='word_1_41' title='bbox 858 836 1019 882; x_wconf 89' lang='lat' dir='ltr'>dapibus</span> 
     </span>
     <span class='ocr_line' id='line_1_16' title="bbox 508 893 924 940; baseline -0.007 -8"><span class='ocrx_word' id='word_1_42' title='bbox 508 894 673 940; x_wconf 82' lang='lat' dir='ltr'>Cupiens</span> <span class='ocrx_word' id='word_1_43' title='bbox 704 893 924 930; x_wconf 89' lang='lat' dir='ltr'>melioribus</span> 
     </span>
     <span class='ocr_line' id='line_1_17' title="bbox 562 948 998 995; baseline -0.005 -8"><span class='ocrx_word' id='word_1_44' title='bbox 562 950 734 987; x_wconf 80' lang='lat' dir='ltr'>Saturari</span> <span class='ocrx_word' id='word_1_45' title='bbox 764 961 786 986; x_wconf 87' lang='lat' dir='ltr'>a</span> <span class='ocrx_word' id='word_1_46' title='bbox 816 948 998 995; x_wconf 83' lang='lat' dir='ltr'>perfeeto.</span> 
     </span>
    </p>
   </div>
   <div class='ocr_carea' id='block_1_8' title="bbox 1220 329 1784 378">
    <p class='ocr_par' dir='ltr' id='par_1_8' title="bbox 1220 329 1784 378">
     <span class='ocr_line' id='line_1_18' title="bbox 1220 329 1784 378; baseline -0.004 -10"><span class='ocrx_word' id='word_1_47' title='bbox 1220 330 1286 368; x_wconf 87' lang='grc'>29.</span> <span class='ocrx_word' id='word_1_48' title='bbox 1317 330 1401 378; x_wconf 79' lang='lat' dir='ltr'>Eyo</span> <span class='ocrx_word' id='word_1_49' title='bbox 1432 330 1504 366; x_wconf 81' lang='lat' dir='ltr'>iam</span> <span class='ocrx_word' id='word_1_50' title='bbox 1539 329 1672 367; x_wconf 68' lang='lat' dir='ltr'>dilecto</span> <span class='ocrx_word' id='word_1_51' title='bbox 1702 341 1784 366; x_wconf 77' lang='lat' dir='ltr'>‘meo</span> 
     </span>
    </p>
   </div>
   <div class='ocr_carea' id='block_1_9' title="bbox 1317 385 1946 998">
    <p class='ocr_par' dir='ltr' id='par_1_9' title="bbox 1317 385 1946 998">
     <span class='ocr_line' id='line_1_19' title="bbox 1317 385 1757 436; baseline -0.005 -12"><span class='ocrx_word' id='word_1_52' title='bbox 1317 387 1382 424; x_wconf 89' lang='lat' dir='ltr'>Me</span> <span class='ocrx_word' id='word_1_53' title='bbox 1413 386 1540 433; x_wconf 82' lang='lat' dir='ltr'>offero,</span> <span class='ocrx_word' id='word_1_54' title='bbox 1570 391 1612 422; x_wconf 83' lang='lat' dir='ltr'>ut</span> <span class='ocrx_word' id='word_1_55' title='bbox 1640 385 1757 436; x_wconf 79' lang='lat' dir='ltr'>floreo</span> 
     </span>
     <span class='ocr_line' id='line_1_20' title="bbox 1375 442 1869 489; baseline -0.004 -9"><span class='ocrx_word' id='word_1_56' title='bbox 1375 443 1463 480; x_wconf 87' lang='lat' dir='ltr'>Meo</span> <span class='ocrx_word' id='word_1_57' title='bbox 1496 442 1667 479; x_wconf 87' lang='lat' dir='ltr'>discedat</span> <span class='ocrx_word' id='word_1_58' title='bbox 1698 442 1869 489; x_wconf 78' lang='lat' dir='ltr'>hortu103</span> 
     </span>
     <span class='ocr_line' id='line_1_21' title="bbox 1320 498 1913 544; baseline -0.003 -8"><span class='ocrx_word' id='word_1_59' title='bbox 1320 499 1404 541; x_wconf 85' lang='lat' dir='ltr'>Dic,</span> <span class='ocrx_word' id='word_1_60' title='bbox 1439 498 1606 544; x_wconf 82' lang='lat' dir='ltr'>Gabriel,</span> <span class='ocrx_word' id='word_1_61' title='bbox 1639 499 1736 544; x_wconf 89' lang='lat' dir='ltr'>quod</span> <span class='ocrx_word' id='word_1_62' title='bbox 1770 509 1839 543; x_wconf 88' lang='lat' dir='ltr'>pro</span> <span class='ocrx_word' id='word_1_63' title='bbox 1870 508 1913 534; x_wconf 87' lang='lat' dir='ltr'>eo</span> 
     </span>
     <span class='ocr_line' id='line_1_22' title="bbox 1322 554 1770 600; baseline -0.002 -9"><span class='ocrx_word' id='word_1_64' title='bbox 1322 555 1461 591; x_wconf 83' lang='lat' dir='ltr'>Parata</span> <span class='ocrx_word' id='word_1_65' title='bbox 1491 566 1570 591; x_wconf 88' lang='lat' dir='ltr'>sum</span> <span class='ocrx_word' id='word_1_66' title='bbox 1602 554 1770 600; x_wconf 82' lang='lat' dir='ltr'>virgineo</span> 
     </span>
     <span class='ocr_line' id='line_1_23' title="bbox 1378 610 1946 657; baseline 0 -10"><span class='ocrx_word' id='word_1_67' title='bbox 1378 612 1514 648; x_wconf 86' lang='lat' dir='ltr'>Parato</span> <span class='ocrx_word' id='word_1_68' title='bbox 1548 621 1618 657; x_wconf 91' lang='lat' dir='ltr'>pro</span> <span class='ocrx_word' id='word_1_69' title='bbox 1649 621 1689 646; x_wconf 89' lang='lat' dir='ltr'>se</span> <span class='ocrx_word' id='word_1_70' title='bbox 1720 610 1946 656; x_wconf 81' lang='lat' dir='ltr'>claustru103</span> 
     </span>
     <span class='ocr_line' id='line_1_24' title="bbox 1319 667 1746 704; baseline -0.005 0"><span class='ocrx_word' id='word_1_71' title='bbox 1319 667 1540 704; x_wconf 78' lang='lat' dir='ltr'>Praesentia</span> <span class='ocrx_word' id='word_1_72' title='bbox 1570 668 1604 702; x_wconf 82' lang='lat' dir='ltr'>et</span> <span class='ocrx_word' id='word_1_73' title='bbox 1638 667 1746 703; x_wconf 86' lang='lat' dir='ltr'>oculo</span> 
     </span>
     <span class='ocr_line' id='line_1_25' title="bbox 1318 721 1854 769; baseline -0.004 -9"><span class='ocrx_word' id='word_1_74' title='bbox 1318 723 1419 761; x_wconf 74' lang='lat' dir='ltr'>Eius</span> <span class='ocrx_word' id='word_1_75' title='bbox 1449 723 1502 760; x_wconf 80' lang='lat' dir='ltr'>ad</span> <span class='ocrx_word' id='word_1_76' title='bbox 1529 734 1588 759; x_wconf 86' lang='lat' dir='ltr'>me</span> <span class='ocrx_word' id='word_1_77' title='bbox 1616 733 1684 769; x_wconf 81' lang='lat' dir='ltr'>pro</span> <span class='ocrx_word' id='word_1_78' title='bbox 1716 721 1854 768; x_wconf 89' lang='lat' dir='ltr'>populo</span> 
     </span>
     <span class='ocr_line' id='line_1_26' title="bbox 1379 779 1798 817; baseline -0.002 -1"><span class='ocrx_word' id='word_1_79' title='bbox 1379 780 1464 817; x_wconf 88' lang='lat' dir='ltr'>Fiat</span> <span class='ocrx_word' id='word_1_80' title='bbox 1495 779 1604 816; x_wconf 85' lang='lat' dir='ltr'>horto</span> <span class='ocrx_word' id='word_1_81' title='bbox 1635 779 1798 816; x_wconf 76' lang='lat' dir='ltr'>iubilaeo</span> 
     </span>
     <span class='ocr_line' id='line_1_27' title="bbox 1321 834 1841 883; baseline -0.002 -10"><span class='ocrx_word' id='word_1_82' title='bbox 1321 835 1540 883; x_wconf 78' lang='lat' dir='ltr'>Conversio,</span> <span class='ocrx_word' id='word_1_83' title='bbox 1570 846 1654 872; x_wconf 89' lang='lat' dir='ltr'>nam</span> <span class='ocrx_word' id='word_1_84' title='bbox 1685 834 1841 872; x_wconf 79' lang='lat' dir='ltr'>flosculo</span> 
     </span>
     <span class='ocr_line' id='line_1_28' title="bbox 1321 890 1852 939; baseline -0.002 -10"><span class='ocrx_word' id='word_1_85' title='bbox 1321 892 1396 930; x_wconf 91' lang='lat' dir='ltr'>Pro</span> <span class='ocrx_word' id='word_1_86' title='bbox 1426 903 1467 928; x_wconf 91' lang='lat' dir='ltr'>se</span> <span class='ocrx_word' id='word_1_87' title='bbox 1497 896 1646 928; x_wconf 88' lang='lat' dir='ltr'>servato</span> <span class='ocrx_word' id='word_1_88' title='bbox 1678 890 1852 939; x_wconf 81' lang='lat' dir='ltr'>primulo,</span> 
     </span>
     <span class='ocr_line' id='line_1_29' title="bbox 1379 948 1929 998; baseline -0.005 -13"><span class='ocrx_word' id='word_1_89' title='bbox 1379 948 1482 986; x_wconf 83' lang='lat' dir='ltr'>Sicut</span> <span class='ocrx_word' id='word_1_90' title='bbox 1512 954 1553 985; x_wconf 81' lang='lat' dir='ltr'>tu</span> <span class='ocrx_word' id='word_1_91' title='bbox 1583 948 1669 998; x_wconf 85' lang='lat' dir='ltr'>scis,</span> <span class='ocrx_word' id='word_1_92' title='bbox 1702 959 1776 984; x_wconf 89' lang='lat' dir='ltr'>non</span> <span class='ocrx_word' id='word_1_93' title='bbox 1807 957 1929 985; x_wconf 86' lang='lat' dir='ltr'>careo.</span> 
     </span>
    </p>
   </div>
   <div class='ocr_carea' id='block_1_10' title="bbox 927 1092 1410 1134">
    <p class='ocr_par' dir='ltr' id='par_1_10' title="bbox 927 1092 1410 1134">
     <span class='ocr_line' id='line_1_30' title="bbox 927 1092 1410 1134; baseline 0.002 -2"><span class='ocrx_word' id='word_1_94' title='bbox 927 1095 1091 1132; x_wconf 88' lang='lat' dir='ltr'>Mater</span> <span class='ocrx_word' id='word_1_95' title='bbox 1131 1094 1190 1132; x_wconf 85' lang='lat' dir='ltr'>ad</span> <span class='ocrx_word' id='word_1_96' title='bbox 1229 1092 1410 1134; x_wconf 86' lang='lat' dir='ltr'>filium.</span> 
     </span>
    </p>
   </div>
   <div class='ocr_carea' id='block_1_11' title="bbox 504 1196 1138 1865">
    <p class='ocr_par' dir='ltr' id='par_1_11' title="bbox 504 1196 1138 1865">
     <span class='ocr_line' id='line_1_31' title="bbox 508 1196 995 1247; baseline -0.006 -12"><span class='ocrx_word' id='word_1_97' title='bbox 508 1198 614 1247; x_wconf 75' lang='lat' dir='ltr'>Veni,</span> <span class='ocrx_word' id='word_1_98' title='bbox 645 1197 700 1234; x_wconf 80' lang='lat' dir='ltr'>‘mi</span> <span class='ocrx_word' id='word_1_99' title='bbox 731 1196 874 1241; x_wconf 73' lang='lat' dir='ltr'>dilecte,</span> <span class='ocrx_word' id='word_1_100' title='bbox 907 1207 995 1232; x_wconf 86' lang='lat' dir='ltr'>vere</span> 
     </span>
     <span class='ocr_line' id='line_1_32' title="bbox 508 1253 1137 1300; baseline -0.003 -9"><span class='ocrx_word' id='word_1_101' title='bbox 508 1254 591 1291; x_wconf 86' lang='lat' dir='ltr'>Non</span> <span class='ocrx_word' id='word_1_102' title='bbox 624 1258 681 1290; x_wconf 85' lang='lat' dir='ltr'>est</span> <span class='ocrx_word' id='word_1_103' title='bbox 711 1259 881 1300; x_wconf 87' lang='lat' dir='ltr'>tempus,</span> <span class='ocrx_word' id='word_1_104' title='bbox 914 1264 986 1299; x_wconf 89' lang='lat' dir='ltr'>quo</span> <span class='ocrx_word' id='word_1_105' title='bbox 1017 1253 1137 1289; x_wconf 85' lang='lat' dir='ltr'>latere</span> 
     </span>
     <span class='ocr_line' id='line_1_33' title="bbox 563 1309 1082 1355; baseline -0.004 -8"><span class='ocrx_word' id='word_1_106' title='bbox 563 1310 642 1347; x_wconf 89' lang='lat' dir='ltr'>Nos</span> <span class='ocrx_word' id='word_1_107' title='bbox 676 1310 878 1347; x_wconf 86' lang='lat' dir='ltr'>debeamus</span> <span class='ocrx_word' id='word_1_108' title='bbox 908 1309 1082 1355; x_wconf 87' lang='lat' dir='ltr'>amplius,</span> 
     </span>
     <span class='ocr_line' id='line_1_34' title="bbox 504 1365 1113 1414; baseline -0.005 -9"><span class='ocrx_word' id='word_1_109' title='bbox 504 1367 555 1405; x_wconf 76' lang='lat' dir='ltr'>In</span> <span class='ocrx_word' id='word_1_110' title='bbox 587 1378 724 1414; x_wconf 61' lang='lat' dir='ltr'>aprum</span> <span class='ocrx_word' id='word_1_111' title='bbox 757 1366 887 1402; x_wconf 91' lang='lat' dir='ltr'>mundi</span> <span class='ocrx_word' id='word_1_112' title='bbox 918 1365 993 1402; x_wconf 89' lang='lat' dir='ltr'>iam</span> <span class='ocrx_word' id='word_1_113' title='bbox 1024 1375 1113 1402; x_wconf 87' lang='lat' dir='ltr'>vere</span> 
     </span>
     <span class='ocr_line' id='line_1_35' title="bbox 506 1421 922 1470; baseline -0.005 -9"><span class='ocrx_word' id='word_1_114' title='bbox 506 1424 753 1470; x_wconf 73' lang='lat' dir='ltr'>incipientem</span> <span class='ocrx_word' id='word_1_115' title='bbox 785 1421 922 1459; x_wconf 83' lang='lat' dir='ltr'>florere</span> 
     </span>
     <span class='ocr_line' id='line_1_36' title="bbox 560 1479 980 1527; baseline -0.007 -10"><span class='ocrx_word' id='word_1_116' title='bbox 560 1479 826 1527; x_wconf 74' lang='lat' dir='ltr'>Eyrediawur</span> <span class='ocrx_word' id='word_1_117' title='bbox 855 1479 980 1527; x_wconf 75' lang='lat' dir='ltr'>ociu83</span> 
     </span>
     <span class='ocr_line' id='line_1_37' title="bbox 505 1535 993 1584; baseline -0.004 -11"><span class='ocrx_word' id='word_1_118' title='bbox 505 1537 562 1574; x_wconf 88' lang='lat' dir='ltr'>Tu</span> <span class='ocrx_word' id='word_1_119' title='bbox 592 1546 651 1572; x_wconf 89' lang='lat' dir='ltr'>me</span> <span class='ocrx_word' id='word_1_120' title='bbox 681 1546 788 1582; x_wconf 86' lang='lat' dir='ltr'>reges</span> <span class='ocrx_word' id='word_1_121' title='bbox 816 1535 993 1584; x_wconf 86' lang='lat' dir='ltr'>exterius,</span> 
     </span>
     <span class='ocr_line' id='line_1_38' title="bbox 507 1590 974 1639; baseline -0.006 -9"><span class='ocrx_word' id='word_1_122' title='bbox 507 1593 634 1639; x_wconf 87' lang='lat' dir='ltr'>Teque</span> <span class='ocrx_word' id='word_1_123' title='bbox 666 1590 782 1629; x_wconf 88' lang='lat' dir='ltr'>feram</span> <span class='ocrx_word' id='word_1_124' title='bbox 815 1591 974 1628; x_wconf 86' lang='lat' dir='ltr'>interius</span> 
     </span>
     <span class='ocr_line' id='line_1_39' title="bbox 564 1648 1042 1694; baseline -0.006 -8"><span class='ocrx_word' id='word_1_125' title='bbox 564 1650 605 1686; x_wconf 88' lang='lat' dir='ltr'>In</span> <span class='ocrx_word' id='word_1_126' title='bbox 638 1654 827 1694; x_wconf 73' lang='lat' dir='ltr'>montana,</span> <span class='ocrx_word' id='word_1_127' title='bbox 860 1648 923 1685; x_wconf 88' lang='lat' dir='ltr'>ubi</span> <span class='ocrx_word' id='word_1_128' title='bbox 953 1657 1042 1684; x_wconf 88' lang='lat' dir='ltr'>vere</span> 
     </span>
     <span class='ocr_line' id='line_1_40' title="bbox 511 1704 963 1742; baseline -0.004 0"><span class='ocrx_word' id='word_1_129' title='bbox 511 1706 553 1742; x_wconf 87' lang='lat' dir='ltr'>ln</span> <span class='ocrx_word' id='word_1_130' title='bbox 585 1710 706 1742; x_wconf 85' lang='lat' dir='ltr'>matre</span> <span class='ocrx_word' id='word_1_131' title='bbox 736 1705 801 1742; x_wconf 81' lang='lat' dir='ltr'>fiet</span> <span class='ocrx_word' id='word_1_132' title='bbox 831 1704 963 1741; x_wconf 89' lang='lat' dir='ltr'>obvius</span> 
     </span>
     <span class='ocr_line' id='line_1_41' title="bbox 509 1761 1019 1799; baseline -0.006 0"><span class='ocrx_word' id='word_1_133' title='bbox 509 1762 610 1799; x_wconf 87' lang='lat' dir='ltr'>Tuus</span> <span class='ocrx_word' id='word_1_134' title='bbox 642 1763 836 1799; x_wconf 77' lang='lat' dir='ltr'>exsultans</span> <span class='ocrx_word' id='word_1_135' title='bbox 868 1761 1019 1798; x_wconf 89' lang='lat' dir='ltr'>nuntius</span> 
     </span>
     <span class='ocr_line' id='line_1_42' title="bbox 567 1817 1138 1865; baseline 0.002 -10"><span class='ocrx_word' id='word_1_136' title='bbox 567 1819 614 1855; x_wconf 88' lang='lat' dir='ltr'>Se</span> <span class='ocrx_word' id='word_1_137' title='bbox 635 1823 883 1865; x_wconf 83' lang='lat' dir='ltr'>praesentans</span> <span class='ocrx_word' id='word_1_138' title='bbox 899 1817 973 1854; x_wconf 89' lang='lat' dir='ltr'>iam</span> <span class='ocrx_word' id='word_1_139' title='bbox 990 1826 1138 1864; x_wconf 86' lang='lat' dir='ltr'>parere.</span> 
     </span>
    </p>
   </div>
   <div class='ocr_carea' id='block_1_12' title="bbox 510 1919 1141 2581">
    <p class='ocr_par' dir='ltr' id='par_1_12' title="bbox 510 1919 1141 2581">
     <span class='ocr_line' id='line_1_43' title="bbox 510 1919 996 1966; baseline -0.002 -9"><span class='ocrx_word' id='word_1_140' title='bbox 510 1920 560 1957; x_wconf 74' lang='lat' dir='ltr'>In</span> <span class='ocrx_word' id='word_1_141' title='bbox 593 1919 692 1956; x_wconf 80' lang='lat' dir='ltr'>villis</span> <span class='ocrx_word' id='word_1_142' title='bbox 724 1919 996 1966; x_wconf 85' lang='lat' dir='ltr'>multiplicibus</span> 
     </span>
     <span class='ocr_line' id='line_1_44' title="bbox 510 1976 1027 2022; baseline 0 -9"><span class='ocrx_word' id='word_1_143' title='bbox 510 1976 733 2014; x_wconf 81' lang='lat' dir='ltr'>Bethlehem</span> <span class='ocrx_word' id='word_1_144' title='bbox 761 1976 1027 2022; x_wconf 82' lang='lat' dir='ltr'>profitentibus</span> 
     </span>
     <span class='ocr_line' id='line_1_45' title="bbox 569 2031 1000 2079; baseline -0.002 -9"><span class='ocrx_word' id='word_1_145' title='bbox 569 2033 708 2070; x_wconf 83' lang='lat' dir='ltr'>Edicto</span> <span class='ocrx_word' id='word_1_146' title='bbox 739 2031 840 2069; x_wconf 86' lang='lat' dir='ltr'>facto</span> <span class='ocrx_word' id='word_1_147' title='bbox 870 2033 1000 2079; x_wconf 89' lang='lat' dir='ltr'>patulo</span> 
     </span>
     <span class='ocr_line' id='line_1_46' title="bbox 511 2089 1098 2137; baseline -0.003 -9"><span class='ocrx_word' id='word_1_148' title='bbox 511 2089 724 2137; x_wconf 82' lang='lat' dir='ltr'>Oportebit,</span> <span class='ocrx_word' id='word_1_149' title='bbox 757 2090 857 2135; x_wconf 84' lang='lat' dir='ltr'>quod</span> <span class='ocrx_word' id='word_1_150' title='bbox 888 2094 948 2126; x_wconf 87' lang='lat' dir='ltr'>ter</span> <span class='ocrx_word' id='word_1_151' title='bbox 977 2089 1098 2126; x_wconf 85' lang='lat' dir='ltr'>tribus</span> 
     </span>
     <span class='ocr_line' id='line_1_47' title="bbox 514 2145 1066 2193; baseline -0.002 -9"><span class='ocrx_word' id='word_1_152' title='bbox 514 2146 721 2193; x_wconf 83' lang='lat' dir='ltr'>Completis</span> <span class='ocrx_word' id='word_1_153' title='bbox 752 2146 844 2181; x_wconf 81' lang='lat' dir='ltr'>meis</span> <span class='ocrx_word' id='word_1_154' title='bbox 876 2145 1066 2183; x_wconf 86' lang='lat' dir='ltr'>mensibus</span> 
     </span>
     <span class='ocr_line' id='line_1_48' title="bbox 569 2203 1109 2240; baseline 0 0"><span class='ocrx_word' id='word_1_155' title='bbox 569 2203 860 2240; x_wconf 74' lang='lat' dir='ltr'>Cowworewur</span> <span class='ocrx_word' id='word_1_156' title='bbox 889 2203 926 2238; x_wconf 89' lang='lat' dir='ltr'>in</span> <span class='ocrx_word' id='word_1_157' title='bbox 960 2203 1109 2240; x_wconf 86' lang='lat' dir='ltr'>stabulo</span> 
     </span>
     <span class='ocr_line' id='line_1_49' title="bbox 510 2259 1106 2306; baseline 0.002 -11"><span class='ocrx_word' id='word_1_158' title='bbox 510 2259 761 2296; x_wconf 83' lang='lat' dir='ltr'>Monstrando</span> <span class='ocrx_word' id='word_1_159' title='bbox 792 2259 846 2295; x_wconf 81' lang='lat' dir='ltr'>sio</span> <span class='ocrx_word' id='word_1_160' title='bbox 877 2260 1106 2306; x_wconf 78' lang='lat' dir='ltr'>spectaculo,</span> 
     </span>
     <span class='ocr_line' id='line_1_50' title="bbox 512 2315 1097 2362; baseline 0.003 -11"><span class='ocrx_word' id='word_1_161' title='bbox 512 2316 617 2361; x_wconf 77' lang='lat' dir='ltr'>Quod</span> <span class='ocrx_word' id='word_1_162' title='bbox 650 2326 719 2361; x_wconf 90' lang='lat' dir='ltr'>pro</span> <span class='ocrx_word' id='word_1_163' title='bbox 750 2315 924 2352; x_wconf 85' lang='lat' dir='ltr'>villarum</span> <span class='ocrx_word' id='word_1_164' title='bbox 956 2316 1097 2362; x_wconf 89' lang='lat' dir='ltr'>populo</span> 
     </span>
     <span class='ocr_line' id='line_1_51' title="bbox 570 2372 1139 2418; baseline 0.002 -10"><span class='ocrx_word' id='word_1_165' title='bbox 570 2372 627 2408; x_wconf 87' lang='lat' dir='ltr'>Ex</span> <span class='ocrx_word' id='word_1_166' title='bbox 650 2372 795 2408; x_wconf 76' lang='lat' dir='ltr'>cunetis</span> <span class='ocrx_word' id='word_1_167' title='bbox 816 2372 945 2409; x_wconf 87' lang='lat' dir='ltr'>mundi</span> <span class='ocrx_word' id='word_1_168' title='bbox 969 2372 1139 2418; x_wconf 81' lang='lat' dir='ltr'>partibus</span> 
     </span>
     <span class='ocr_line' id='line_1_52' title="bbox 511 2429 1027 2474; baseline 0 -9"><span class='ocrx_word' id='word_1_169' title='bbox 511 2430 637 2474; x_wconf 87' lang='lat' dir='ltr'>Atque</span> <span class='ocrx_word' id='word_1_170' title='bbox 668 2439 738 2474; x_wconf 89' lang='lat' dir='ltr'>pro</span> <span class='ocrx_word' id='word_1_171' title='bbox 768 2432 847 2465; x_wconf 86' lang='lat' dir='ltr'>toto</span> <span class='ocrx_word' id='word_1_172' title='bbox 878 2429 1027 2465; x_wconf 86' lang='lat' dir='ltr'>saeculo</span> 
     </span>
     <span class='ocr_line' id='line_1_53' title="bbox 511 2485 1080 2522; baseline 0.002 -1"><span class='ocrx_word' id='word_1_173' title='bbox 511 2485 573 2522; x_wconf 87' lang='lat' dir='ltr'>Ad</span> <span class='ocrx_word' id='word_1_174' title='bbox 606 2485 705 2520; x_wconf 82' lang='lat' dir='ltr'>bunc</span> <span class='ocrx_word' id='word_1_175' title='bbox 735 2485 854 2521; x_wconf 73' lang='lat' dir='ltr'>locum</span> <span class='ocrx_word' id='word_1_176' title='bbox 888 2489 925 2520; x_wconf 85' lang='lat' dir='ltr'>te</span> <span class='ocrx_word' id='word_1_177' title='bbox 954 2485 1080 2522; x_wconf 92' lang='lat' dir='ltr'>baiulo</span> 
     </span>
     <span class='ocr_line' id='line_1_54' title="bbox 567 2541 1141 2581; baseline 0 -2"><span class='ocrx_word' id='word_1_178' title='bbox 567 2542 710 2579; x_wconf 81' lang='lat' dir='ltr'>Lumen</span> <span class='ocrx_word' id='word_1_179' title='bbox 743 2541 897 2578; x_wconf 82' lang='lat' dir='ltr'>umbrae</span> <span class='ocrx_word' id='word_1_180' title='bbox 919 2542 1141 2581; x_wconf 84' lang='lat' dir='ltr'>colentibus.</span> 
     </span>
    </p>
   </div>
   <div class='ocr_carea' id='block_1_13' title="bbox 512 2642 1082 2970">
    <p class='ocr_par' dir='ltr' id='par_1_13' title="bbox 512 2642 1029 2690">
     <span class='ocr_line' id='line_1_55' title="bbox 512 2642 1029 2690; baseline 0.002 -12"><span class='ocrx_word' id='word_1_181' title='bbox 512 2643 612 2679; x_wconf 86' lang='lat' dir='ltr'>Deus</span> <span class='ocrx_word' id='word_1_182' title='bbox 643 2646 752 2688; x_wconf 79' lang='lat' dir='ltr'>pater</span> <span class='ocrx_word' id='word_1_183' title='bbox 782 2642 813 2678; x_wconf 87' lang='lat' dir='ltr'>si</span> <span class='ocrx_word' id='word_1_184' title='bbox 844 2643 1029 2690; x_wconf 84' lang='lat' dir='ltr'>plantavit</span> 
     </span>
    </p>

    <p class='ocr_par' dir='ltr' id='par_1_14' title="bbox 512 2699 1082 2805">
     <span class='ocr_line' id='line_1_56' title="bbox 512 2699 1022 2745; baseline 0.002 -10"><span class='ocrx_word' id='word_1_185' title='bbox 512 2699 663 2745; x_wconf 60' lang='lat' dir='ltr'>Vincas,</span> <span class='ocrx_word' id='word_1_186' title='bbox 698 2699 848 2744; x_wconf 82' lang='lat' dir='ltr'>quando</span> <span class='ocrx_word' id='word_1_187' title='bbox 879 2700 1022 2736; x_wconf 86' lang='lat' dir='ltr'>creavit</span> 
     </span>
     <span class='ocr_line' id='line_1_57' title="bbox 569 2755 1082 2805; baseline 0.004 -14"><span class='ocrx_word' id='word_1_188' title='bbox 569 2755 762 2797; x_wconf 83' lang='lat' dir='ltr'>Homines,</span> <span class='ocrx_word' id='word_1_189' title='bbox 796 2759 898 2792; x_wconf 82' lang='lat' dir='ltr'>terra</span> <span class='ocrx_word' id='word_1_190' title='bbox 929 2757 1082 2805; x_wconf 78' lang='lat' dir='ltr'>saeculi,</span> 
     </span>
    </p>

    <p class='ocr_par' dir='ltr' id='par_1_15' title="bbox 513 2811 963 2857">
     <span class='ocr_line' id='line_1_58' title="bbox 513 2811 963 2857; baseline 0.002 -10"><span class='ocrx_word' id='word_1_191' title='bbox 513 2811 552 2847; x_wconf 84' lang='lat' dir='ltr'>Si</span> <span class='ocrx_word' id='word_1_192' title='bbox 584 2811 724 2847; x_wconf 81' lang='lat' dir='ltr'>ibidem</span> <span class='ocrx_word' id='word_1_193' title='bbox 756 2814 793 2846; x_wconf 77' lang='lat' dir='ltr'>to</span> <span class='ocrx_word' id='word_1_194' title='bbox 824 2812 963 2857; x_wconf 79' lang='lat' dir='ltr'>legavit</span> 
     </span>
    </p>

    <p class='ocr_par' dir='ltr' id='par_1_16' title="bbox 515 2868 1029 2970">
     <span class='ocr_line' id='line_1_59' title="bbox 515 2868 1029 2905; baseline 0.004 -2"><span class='ocrx_word' id='word_1_195' title='bbox 515 2868 562 2904; x_wconf 82' lang='lat' dir='ltr'>Et</span> <span class='ocrx_word' id='word_1_196' title='bbox 596 2878 653 2903; x_wconf 83' lang='lat' dir='ltr'>me</span> <span class='ocrx_word' id='word_1_197' title='bbox 685 2872 805 2903; x_wconf 68' lang='lat' dir='ltr'>tecum</span> <span class='ocrx_word' id='word_1_198' title='bbox 839 2869 1029 2905; x_wconf 77' lang='lat' dir='ltr'>ordinavit</span> 
     </span>
     <span class='ocr_line' id='line_1_60' title="bbox 571 2924 966 2970; baseline 0.003 -10"><span class='ocrx_word' id='word_1_199' title='bbox 571 2924 692 2960; x_wconf 71' lang='lat' dir='ltr'>Mane</span> <span class='ocrx_word' id='word_1_200' title='bbox 722 2924 776 2961; x_wconf 89' lang='lat' dir='ltr'>tui</span> <span class='ocrx_word' id='word_1_201' title='bbox 808 2926 966 2970; x_wconf 74' lang='lat' dir='ltr'>pueruli,</span> 
     </span>
    </p>
   </div>
   <div class='ocr_carea' id='block_1_14' title="bbox 1225 1582 1292 1620">
    <p class='ocr_par' dir='ltr' id='par_1_17' title="bbox 1225 1582 1292 1620">
     <span class='ocr_line' id='line_1_61' title="bbox 1225 1582 1292 1620; baseline 0 0"><span class='ocrx_word' id='word_1_202' title='bbox 1225 1582 1292 1620; x_wconf 85' lang='lat'>33.</span> 
     </span>
    </p>
   </div>
   <div class='ocr_carea' id='block_1_15' title="bbox 1204 2306 1293 2344">
    <p class='ocr_par' dir='ltr' id='par_1_18' title="bbox 1204 2306 1293 2344">
     <span class='ocr_line' id='line_1_62' title="bbox 1204 2306 1293 2344; baseline -0.011 0"><span class='ocrx_word' id='word_1_203' title='bbox 1204 2310 1206 2313; x_wconf 86' lang='lat'>&#39;</span> <span class='ocrx_word' id='word_1_204' title='bbox 1228 2306 1293 2344; x_wconf 83' lang='lat'>34.</span> 
     </span>
    </p>
   </div>
   <div class='ocr_carea' id='block_1_16' title="bbox 1317 1195 1951 1525">
    <p class='ocr_par' dir='ltr' id='par_1_19' title="bbox 1317 1195 1951 1525">
     <span class='ocr_line' id='line_1_63' title="bbox 1317 1195 1810 1244; baseline -0.004 -10"><span class='ocrx_word' id='word_1_205' title='bbox 1317 1197 1535 1244; x_wconf 73' lang='lat' dir='ltr'>Suryamus</span> <span class='ocrx_word' id='word_1_206' title='bbox 1566 1195 1659 1234; x_wconf 83' lang='lat' dir='ltr'>faeti</span> <span class='ocrx_word' id='word_1_207' title='bbox 1689 1195 1810 1233; x_wconf 86' lang='lat' dir='ltr'>seduli</span> 
     </span>
     <span class='ocr_line' id='line_1_64' title="bbox 1319 1252 1804 1299; baseline -0.004 -9"><span class='ocrx_word' id='word_1_208' title='bbox 1319 1253 1386 1290; x_wconf 78' lang='lat' dir='ltr'>Ad</span> <span class='ocrx_word' id='word_1_209' title='bbox 1414 1253 1544 1290; x_wconf 72' lang='lat' dir='ltr'>vineas</span> <span class='ocrx_word' id='word_1_210' title='bbox 1575 1253 1642 1290; x_wconf 81' lang='lat' dir='ltr'>lias</span> <span class='ocrx_word' id='word_1_211' title='bbox 1673 1252 1804 1299; x_wconf 88' lang='lat' dir='ltr'>populi</span> 
     </span>
     <span class='ocr_line' id='line_1_65' title="bbox 1363 1308 1951 1356; baseline -0.003 -9"><span class='ocrx_word' id='word_1_212' title='bbox 1363 1308 1951 1356; x_wconf 83' lang='lat' dir='ltr'>Supponentes,qu0dmandavit</span> 
     </span>
     <span class='ocr_line' id='line_1_66' title="bbox 1321 1365 1881 1412; baseline -0.002 -10"><span class='ocrx_word' id='word_1_213' title='bbox 1321 1365 1441 1403; x_wconf 89' lang='lat' dir='ltr'>Nobis</span> <span class='ocrx_word' id='word_1_214' title='bbox 1472 1371 1594 1412; x_wconf 75' lang='lat' dir='ltr'>pater⁷</span> <span class='ocrx_word' id='word_1_215' title='bbox 1626 1365 1725 1412; x_wconf 89' lang='lat' dir='ltr'>quod</span> <span class='ocrx_word' id='word_1_216' title='bbox 1761 1365 1881 1411; x_wconf 84' lang='lat' dir='ltr'>patuli</span> 
     </span>
     <span class='ocr_line' id='line_1_67' title="bbox 1320 1422 1777 1470; baseline -0.002 -12"><span class='ocrx_word' id='word_1_217' title='bbox 1320 1422 1452 1459; x_wconf 88' lang='lat' dir='ltr'>Nostri</span> <span class='ocrx_word' id='word_1_218' title='bbox 1483 1423 1636 1459; x_wconf 77' lang='lat' dir='ltr'>videant</span> <span class='ocrx_word' id='word_1_219' title='bbox 1667 1422 1777 1470; x_wconf 84' lang='lat' dir='ltr'>oculi,</span> 
     </span>
     <span class='ocr_line' id='line_1_68' title="bbox 1376 1477 1898 1525; baseline 0 -10"><span class='ocrx_word' id='word_1_220' title='bbox 1376 1480 1478 1525; x_wconf 83' lang='lat' dir='ltr'>Quae</span> <span class='ocrx_word' id='word_1_221' title='bbox 1508 1479 1640 1516; x_wconf 87' lang='lat' dir='ltr'>melius</span> <span class='ocrx_word' id='word_1_222' title='bbox 1671 1489 1711 1515; x_wconf 87' lang='lat' dir='ltr'>se</span> <span class='ocrx_word' id='word_1_223' title='bbox 1741 1477 1898 1524; x_wconf 88' lang='lat' dir='ltr'>aptavit.</span> 
     </span>
    </p>
   </div>
   <div class='ocr_carea' id='block_1_17' title="bbox 1321 1580 1952 2249">
    <p class='ocr_par' dir='ltr' id='par_1_20' title="bbox 1321 1580 1952 2249">
     <span class='ocr_line' id='line_1_69' title="bbox 1327 1580 1796 1629; baseline -0.002 -12"><span class='ocrx_word' id='word_1_224' title='bbox 1327 1580 1547 1629; x_wconf 70' lang='lat' dir='ltr'>Videamus,</span> <span class='ocrx_word' id='word_1_225' title='bbox 1579 1580 1612 1618; x_wconf 80' lang='lat' dir='ltr'>si</span> <span class='ocrx_word' id='word_1_226' title='bbox 1643 1580 1796 1627; x_wconf 80' lang='lat' dir='ltr'>Iudaea,</span> 
     </span>
     <span class='ocr_line' id='line_1_70' title="bbox 1324 1636 1734 1683; baseline -0.007 -8"><span class='ocrx_word' id='word_1_227' title='bbox 1324 1638 1407 1675; x_wconf 87' lang='lat' dir='ltr'>Tua</span> <span class='ocrx_word' id='word_1_228' title='bbox 1439 1637 1579 1674; x_wconf 86' lang='lat' dir='ltr'>dilecta</span> <span class='ocrx_word' id='word_1_229' title='bbox 1608 1636 1734 1683; x_wconf 70' lang='lat' dir='ltr'>vinea,</span> 
     </span>
     <span class='ocr_line' id='line_1_71' title="bbox 1379 1691 1903 1740; baseline -0.004 -10"><span class='ocrx_word' id='word_1_230' title='bbox 1379 1693 1548 1740; x_wconf 74' lang='lat' dir='ltr'>Florm&#39;t,</span> <span class='ocrx_word' id='word_1_231' title='bbox 1581 1698 1616 1729; x_wconf 85' lang='lat' dir='ltr'>et</span> <span class='ocrx_word' id='word_1_232' title='bbox 1648 1693 1778 1740; x_wconf 87' lang='lat' dir='ltr'>quales</span> <span class='ocrx_word' id='word_1_233' title='bbox 1808 1691 1903 1730; x_wconf 86' lang='lat' dir='ltr'>fiunt</span> 
     </span>
     <span class='ocr_line' id='line_1_72' title="bbox 1323 1748 1855 1798; baseline -0.002 -12"><span class='ocrx_word' id='word_1_234' title='bbox 1323 1750 1457 1786; x_wconf 89' lang='lat' dir='ltr'>Flores</span> <span class='ocrx_word' id='word_1_235' title='bbox 1489 1754 1523 1786; x_wconf 86' lang='lat' dir='ltr'>et</span> <span class='ocrx_word' id='word_1_236' title='bbox 1557 1748 1701 1786; x_wconf 82' lang='lat' dir='ltr'>fructus</span> <span class='ocrx_word' id='word_1_237' title='bbox 1731 1749 1769 1786; x_wconf 91' lang='lat' dir='ltr'>in</span> <span class='ocrx_word' id='word_1_238' title='bbox 1801 1760 1855 1798; x_wconf 85' lang='lat' dir='ltr'>ea,</span> 
     </span>
     <span class='ocr_line' id='line_1_73' title="bbox 1321 1807 1738 1845; baseline -0.005 -1"><span class='ocrx_word' id='word_1_239' title='bbox 1321 1807 1365 1845; x_wconf 78' lang='lat' dir='ltr'>Sz·</span> <span class='ocrx_word' id='word_1_240' title='bbox 1396 1807 1536 1843; x_wconf 85' lang='lat' dir='ltr'>virtute</span> <span class='ocrx_word' id='word_1_241' title='bbox 1565 1807 1738 1843; x_wconf 83' lang='lat' dir='ltr'>intranea</span> 
     </span>
     <span class='ocr_line' id='line_1_74' title="bbox 1381 1861 1952 1912; baseline -0.004 -12"><span class='ocrx_word' id='word_1_242' title='bbox 1381 1861 1523 1912; x_wconf 81' lang='lat' dir='ltr'>Flores,</span> <span class='ocrx_word' id='word_1_243' title='bbox 1544 1863 1691 1909; x_wconf 74' lang='lat' dir='ltr'>fruc-tus</span> <span class='ocrx_word' id='word_1_244' title='bbox 1700 1862 1952 1909; x_wconf 51' lang='lat' dir='ltr'>parturiam&amp;</span> 
     </span>
     <span class='ocr_line' id='line_1_75' title="bbox 1326 1917 1897 1969; baseline -0.004 -13"><span class='ocrx_word' id='word_1_245' title='bbox 1326 1919 1419 1956; x_wconf 89' lang='lat' dir='ltr'>Sunt</span> <span class='ocrx_word' id='word_1_246' title='bbox 1450 1920 1593 1969; x_wconf 73' lang='lat' dir='ltr'>vineae,</span> <span class='ocrx_word' id='word_1_247' title='bbox 1627 1930 1722 1966; x_wconf 88' lang='lat' dir='ltr'>quae</span> <span class='ocrx_word' id='word_1_248' title='bbox 1753 1917 1897 1955; x_wconf 80' lang='lat' dir='ltr'>faciunt</span> 
     </span>
     <span class='ocr_line' id='line_1_76' title="bbox 1322 1975 1900 2023; baseline -0.003 -10"><span class='ocrx_word' id='word_1_249' title='bbox 1322 1976 1499 2023; x_wconf 83' lang='lat' dir='ltr'>Fructus,</span> <span class='ocrx_word' id='word_1_250' title='bbox 1531 1977 1593 2023; x_wconf 89' lang='lat' dir='ltr'>qui</span> <span class='ocrx_word' id='word_1_251' title='bbox 1624 1976 1717 2013; x_wconf 81' lang='lat' dir='ltr'>nibil</span> <span class='ocrx_word' id='word_1_252' title='bbox 1748 1975 1900 2022; x_wconf 82' lang='lat' dir='ltr'>sapiunt</span> 
     </span>
     <span class='ocr_line' id='line_1_77' title="bbox 1381 2033 1794 2073; baseline -0.005 -3"><span class='ocrx_word' id='word_1_253' title='bbox 1381 2033 1464 2070; x_wconf 55' lang='lat' dir='ltr'>*Sisi</span> <span class='ocrx_word' id='word_1_254' title='bbox 1495 2033 1626 2070; x_wconf 77' lang='lat' dir='ltr'>accida</span> <span class='ocrx_word' id='word_1_255' title='bbox 1656 2037 1794 2073; x_wconf 75' lang='lat' dir='ltr'>terrea.</span> 
     </span>
     <span class='ocr_line' id='line_1_78' title="bbox 1325 2087 1848 2135; baseline -0.006 -9"><span class='ocrx_word' id='word_1_256' title='bbox 1325 2090 1427 2135; x_wconf 86' lang='lat' dir='ltr'>Quae</span> <span class='ocrx_word' id='word_1_257' title='bbox 1458 2089 1527 2126; x_wconf 86' lang='lat' dir='ltr'>tibi</span> <span class='ocrx_word' id='word_1_258' title='bbox 1557 2100 1629 2126; x_wconf 91' lang='lat' dir='ltr'>non</span> <span class='ocrx_word' id='word_1_259' title='bbox 1656 2087 1848 2128; x_wconf 81' lang='lat' dir='ltr'>sufficiunt</span> 
     </span>
     <span class='ocr_line' id='line_1_79' title="bbox 1325 2145 1890 2192; baseline 0.004 -10"><span class='ocrx_word' id='word_1_260' title='bbox 1325 2146 1455 2192; x_wconf 88' lang='lat' dir='ltr'>Neque</span> <span class='ocrx_word' id='word_1_261' title='bbox 1486 2146 1575 2182; x_wconf 90' lang='lat' dir='ltr'>mihi</span> <span class='ocrx_word' id='word_1_262' title='bbox 1608 2145 1847 2192; x_wconf 81' lang='lat' dir='ltr'>conveniunt,</span> <span class='ocrx_word' id='word_1_263' title='bbox 1887 2182 1890 2184; x_wconf 75' lang='grc'>,</span> 
     </span>
     <span class='ocr_line' id='line_1_80' title="bbox 1381 2200 1950 2249; baseline -0.004 -9"><span class='ocrx_word' id='word_1_264' title='bbox 1381 2203 1535 2240; x_wconf 87' lang='lat' dir='ltr'>Amanti</span> <span class='ocrx_word' id='word_1_265' title='bbox 1565 2214 1659 2249; x_wconf 83' lang='lat' dir='ltr'>quae</span> <span class='ocrx_word' id='word_1_266' title='bbox 1690 2206 1777 2238; x_wconf 79' lang='lat' dir='ltr'>sunt</span> <span class='ocrx_word' id='word_1_267' title='bbox 1803 2200 1950 2239; x_wconf 85' lang='lat' dir='ltr'>mellea.</span> 
     </span>
    </p>
   </div>
   <div class='ocr_carea' id='block_1_18' title="bbox 1323 2303 1952 2691">
    <p class='ocr_par' dir='ltr' id='par_1_21' title="bbox 1323 2303 1952 2691">
     <span class='ocr_line' id='line_1_81' title="bbox 1329 2303 1862 2350; baseline -0.002 -10"><span class='ocrx_word' id='word_1_268' title='bbox 1329 2303 1516 2341; x_wconf 82' lang='lat' dir='ltr'>Debemus</span> <span class='ocrx_word' id='word_1_269' title='bbox 1544 2314 1690 2350; x_wconf 87' lang='lat' dir='ltr'>quoque</span> <span class='ocrx_word' id='word_1_270' title='bbox 1720 2303 1862 2350; x_wconf 74' lang='lat' dir='ltr'>videre,</span> 
     </span>
     <span class='ocr_line' id='line_1_82' title="bbox 1323 2361 1794 2407; baseline -0.006 -9"><span class='ocrx_word' id='word_1_271' title='bbox 1323 2361 1367 2399; x_wconf 69' lang='lat' dir='ltr'>Si</span> <span class='ocrx_word' id='word_1_272' title='bbox 1396 2361 1500 2397; x_wconf 78' lang='lat' dir='ltr'>mala</span> <span class='ocrx_word' id='word_1_273' title='bbox 1528 2361 1675 2407; x_wconf 77' lang='lat' dir='ltr'>punica</span> <span class='ocrx_word' id='word_1_274' title='bbox 1707 2370 1794 2397; x_wconf 87' lang='lat' dir='ltr'>vere</span> 
     </span>
     <span class='ocr_line' id='line_1_83' title="bbox 1382 2417 1819 2464; baseline -0.002 -11"><span class='ocrx_word' id='word_1_275' title='bbox 1382 2418 1555 2464; x_wconf 88' lang='lat' dir='ltr'>Apostoli</span> <span class='ocrx_word' id='word_1_276' title='bbox 1586 2417 1819 2463; x_wconf 73' lang='lat' dir='ltr'>floruerunt;</span> 
     </span>
     <span class='ocr_line' id='line_1_84' title="bbox 1325 2467 1952 2511; baseline -0.003 0"><span class='ocrx_word' id='word_1_277' title='bbox 1325 2474 1384 2511; x_wconf 86' lang='lat' dir='ltr'>Ex</span> <span class='ocrx_word' id='word_1_278' title='bbox 1415 2485 1512 2510; x_wconf 83' lang='lat' dir='ltr'>nune</span> <span class='ocrx_word' id='word_1_279' title='bbox 1542 2475 1615 2511; x_wconf 80' lang='lat' dir='ltr'>iam</span> <span class='ocrx_word' id='word_1_280' title='bbox 1648 2474 1787 2510; x_wconf 86' lang='lat' dir='ltr'>debent.</span> <span class='ocrx_word' id='word_1_281' title='bbox 1816 2467 1952 2510; x_wconf 75' lang='lat' dir='ltr'>florere</span> 
     </span>
     <span class='ocr_line' id='line_1_85' title="bbox 1325 2531 1797 2575; baseline -0.002 -8"><span class='ocrx_word' id='word_1_282' title='bbox 1325 2531 1375 2567; x_wconf 52' lang='lat' dir='ltr'>Et,</span> <span class='ocrx_word' id='word_1_283' title='bbox 1406 2531 1475 2566; x_wconf 88' lang='lat' dir='ltr'>tibi</span> <span class='ocrx_word' id='word_1_284' title='bbox 1507 2541 1546 2567; x_wconf 89' lang='lat' dir='ltr'>se</span> <span class='ocrx_word' id='word_1_285' title='bbox 1578 2531 1797 2575; x_wconf 78' lang='lat' dir='ltr'>adhaerere,</span> 
     </span>
     <span class='ocr_line' id='line_1_86' title="bbox 1383 2585 1891 2634; baseline -0.002 -11"><span class='ocrx_word' id='word_1_286' title='bbox 1383 2587 1420 2624; x_wconf 86' lang='lat' dir='ltr'>Si</span> <span class='ocrx_word' id='word_1_287' title='bbox 1454 2587 1586 2624; x_wconf 83' lang='lat' dir='ltr'>salutis</span> <span class='ocrx_word' id='word_1_288' title='bbox 1617 2598 1734 2634; x_wconf 76' lang='lat' dir='ltr'>grana</span> <span class='ocrx_word' id='word_1_289' title='bbox 1764 2585 1891 2623; x_wconf 85' lang='lat' dir='ltr'>ferunt</span> 
     </span>
     <span class='ocr_line' id='line_1_87' title="bbox 1326 2644 1922 2691; baseline -0.002 -11"><span class='ocrx_word' id='word_1_290' title='bbox 1326 2644 1586 2691; x_wconf 80' lang='lat' dir='ltr'>Corticemque</span> <span class='ocrx_word' id='word_1_291' title='bbox 1625 2644 1756 2680; x_wconf 75' lang='lat' dir='ltr'>duram</span> <span class='ocrx_word' id='word_1_292' title='bbox 1788 2646 1922 2689; x_wconf 79' lang='lat' dir='ltr'>gerunt</span> 
     </span>
    </p>
   </div>
   <div class='ocr_carea' id='block_1_19' title="bbox 1326 2700 2020 2755">
    <p class='ocr_par' dir='ltr' id='par_1_22' title="bbox 1326 2700 2020 2755">
     <span class='ocr_line' id='line_1_88' title="bbox 1326 2700 2020 2755; baseline -0.001 -18"><span class='ocrx_word' id='word_1_293' title='bbox 1326 2701 1384 2737; x_wconf 88' lang='lat' dir='ltr'>Ad</span> <span class='ocrx_word' id='word_1_294' title='bbox 1400 2701 1509 2737; x_wconf 81' lang='lat' dir='ltr'>mala.</span> <span class='ocrx_word' id='word_1_295' title='bbox 1523 2711 1617 2747; x_wconf 79' lang='lat' dir='ltr'>quae</span> <span class='ocrx_word' id='word_1_296' title='bbox 1629 2706 1711 2749; x_wconf 73' lang='lat' dir='ltr'>post</span> <span class='ocrx_word' id='word_1_297' title='bbox 1727 2700 1819 2736; x_wconf 81' lang='lat' dir='ltr'>haee</span> <span class='ocrx_word' id='word_1_298' title='bbox 1831 2702 1951 2749; x_wconf 82' lang='lat' dir='ltr'>erunt,</span> <span class='ocrx_word' id='word_1_299' title='bbox 1979 2725 1983 2728; x_wconf 86' lang='lat'><em>-</em></span> <span class='ocrx_word' id='word_1_300' title='bbox 2018 2750 2020 2755; x_wconf 73' lang='lat'><em>‚</em></span> 
     </span>
    </p>
   </div>
   <div class='ocr_carea' id='block_1_20' title="bbox 1326 2757 1954 2916">
    <p class='ocr_par' dir='ltr' id='par_1_23' title="bbox 1326 2757 1954 2916">
     <span class='ocr_line' id='line_1_89' title="bbox 1386 2757 1824 2804; baseline -0.002 -11"><span class='ocrx_word' id='word_1_301' title='bbox 1386 2757 1530 2793; x_wconf 81' lang='lat' dir='ltr'>Paratis</span> <span class='ocrx_word' id='word_1_302' title='bbox 1562 2757 1630 2793; x_wconf 90' lang='lat' dir='ltr'>tibi</span> <span class='ocrx_word' id='word_1_303' title='bbox 1661 2758 1824 2804; x_wconf 80' lang='lat' dir='ltr'>placere,</span> 
     </span>
     <span class='ocr_line' id='line_1_90' title="bbox 1326 2813 1887 2860; baseline -0.002 -10"><span class='ocrx_word' id='word_1_304' title='bbox 1326 2813 1455 2851; x_wconf 79' lang='lat' dir='ltr'>Gratia</span> <span class='ocrx_word' id='word_1_305' title='bbox 1485 2824 1630 2860; x_wconf 85' lang='lat' dir='ltr'>quoque</span> <span class='ocrx_word' id='word_1_306' title='bbox 1660 2824 1727 2850; x_wconf 82' lang='lat' dir='ltr'>sua</span> <span class='ocrx_word' id='word_1_307' title='bbox 1757 2817 1887 2851; x_wconf 84' lang='lat' dir='ltr'>serunt</span> 
     </span>
     <span class='ocr_line' id='line_1_91' title="bbox 1328 2870 1954 2916; baseline -0.002 -10"><span class='ocrx_word' id='word_1_308' title='bbox 1328 2870 1375 2907; x_wconf 84' lang='lat' dir='ltr'>Et</span> <span class='ocrx_word' id='word_1_309' title='bbox 1413 2870 1448 2906; x_wconf 88' lang='lat' dir='ltr'>in</span> <span class='ocrx_word' id='word_1_310' title='bbox 1482 2870 1739 2916; x_wconf 81' lang='lat' dir='ltr'>praedicando</span> <span class='ocrx_word' id='word_1_311' title='bbox 1770 2873 1954 2915; x_wconf 80' lang='lat' dir='ltr'>quaerunt</span> 
     </span>
    </p>
   </div>
   <div class='ocr_carea' id='block_1_21' title="bbox 1385 2925 2015 2971">
    <p class='ocr_par' dir='ltr' id='par_1_24' title="bbox 1385 2925 2015 2971">
     <span class='ocr_line' id='line_1_92' title="bbox 1385 2925 2015 2971; baseline 0.002 -8"><span class='ocrx_word' id='word_1_312' title='bbox 1385 2926 1549 2963; x_wconf 67' lang='lat' dir='ltr'>Salutem</span> <span class='ocrx_word' id='word_1_313' title='bbox 1583 2926 1726 2963; x_wconf 82' lang='lat' dir='ltr'>cunctis</span> <span class='ocrx_word' id='word_1_314' title='bbox 1759 2925 1952 2971; x_wconf 83' lang='lat' dir='ltr'>praebere.</span> <span class='ocrx_word' id='word_1_315' title='bbox 2013 2940 2015 2955; x_wconf 56' lang='grc' dir='ltr'><em>ι</em></span> 
     </span>
    </p>
   </div>
   <div class='ocr_carea' id='block_1_22' title="bbox 1999 2239 2031 3289">
    <p class='ocr_par' dir='ltr' id='par_1_25' title="bbox 1999 2239 2031 3289">
     <span class='ocr_line' id='line_1_93' title="bbox 1999 2239 2031 3289; baseline 0 0"><span class='ocrx_word' id='word_1_316' title='bbox 1999 2239 2031 3289; x_wconf 95' lang='lat' dir='ltr'>    </span> 
     </span>
    </p>
   </div>
  </div>
 </body>
</html>
