1914 3223
169 257 258 294 145.

168 846 258 884 155.

171 1140 258 1177 160.

167 1439 256 1476 165.

158 1719 249 1757 170.

158 2286 248 2324 180.

156 2569 246 2608 185.

156 2853 246 2892 190.

292 253 395 300 Quod
427 253 531 299 origo
562 250 826 297 comprobatur

344 308 518 357 perennis
549 307 728 346 laetitiae.

292 371 399 410 Unde
429 370 562 418 gaude,
595 368 817 416 imperatrix

346 427 465 465 famae
495 425 774 472 celeberrimae,

290 490 479 528 Generosa
510 493 543 525 et
577 486 740 525 formosa

345 547 461 593 virgo,
493 555 642 592 germen
668 544 856 594 Abrahae,

291 607 505 646 l‘raeelecta
535 611 572 643 et
601 607 757 654 insignis

344 675 387 702 ex
419 663 541 718 David
574 664 764 710 progenie,

291 727 363 764 Vas
393 730 579 763 sacratum
612 715 648 762 et
680 726 842 762 dicatum

343 783 414 820 Dei
445 782 673 829 sapientiae!

291 845 463 883 Gloriare
493 848 527 880 et
557 845 703 882 exsulta

344 907 377 938 et
411 901 523 939 lauda
553 901 781 948 plenissime,

289 964 381 1010 Quia
414 963 594 1001 Dominus
626 963 804 1000 virtutum

346 1021 444 1056 ricto
475 1020 604 1056 mortis
636 1020 806 1066 principe

291 1084 433 1128 t'orpus
455 1093 559 1118 suuni
584 1082 683 1118 dete
698 1087 884 1129 sumptum

347 1140 427 1175 sine
459 1138 528 1174 viri
560 1139 699 1175 semine

291 1201 506 1237 lnunortale
537 1200 731 1239 suscitabit

347 1262 384 1293 et
414 1257 722 1303 incorruptibile;

287 1319 337 1356 Et
370 1318 514 1368 videbis
547 1323 581 1354 et
612 1319 807 1366 gaudebis,

344 1375 532 1420 patienter
562 1376 723 1412 sustine!

290 1437 547 1474 Haeclocutus
563 1438 895 1484 praesumpsissem

341 1493 495 1539 propius
527 1494 708 1530 accedere

283 1550 334 1586 Et
364 1549 527 1586 adorans
559 1555 775 1587 reverenter

340 1610 375 1642 et
407 1605 590 1643 submisso
622 1607 745 1655 capite

283 1663 399 1700 Manu
429 1672 510 1700 mea
541 1673 656 1710 genas
686 1668 769 1701 tuas

339 1719 504 1756 lacrimis
535 1723 741 1767 extergere,

282 1775 422 1813 Gratus
453 1775 521 1812 tibi
553 1777 620 1813 tali
652 1777 761 1814 modo

338 1832 491 1879 cupiens
523 1833 716 1879 exsistere,

283 1889 331 1927 Ut
362 1889 446 1937 ipsa
476 1900 534 1925 me
566 1890 770 1927 consoleris

336 1947 374 1982 in
406 1946 467 1983 die
497 1947 702 1994 angustiae.

241 2031 249 2038 .
281 2005 398 2048 Quam
428 2000 558 2040 felices
589 2003 689 2051 illos,
722 2003 856 2051 quibus

338 2059 465 2096 datum
498 2064 553 2096 est
586 2060 656 2097 hoc
688 2059 832 2098 facere!

282 2115 397 2161 Quam
429 2114 576 2152 felicem
608 2127 679 2164 me,
712 2117 743 2154 si
773 2117 866 2154 velis

339 2172 492 2209 auribus
523 2173 734 2220 percipere,

279 2230 379 2275 Quas
411 2229 588 2279 indignus
621 2230 690 2267 tibi
720 2241 853 2278 preces

337 2285 486 2323 effundo
517 2287 668 2337 cotidie,

282 2342 331 2381 Ut
363 2348 404 2380 tu
435 2354 544 2390 quam
576 2344 737 2392 replevit
766 2344 868 2381 Deus

335 2399 510 2438 habitans
541 2401 578 2438 in
610 2401 760 2437 homine

279 2456 328 2494 Et
361 2465 456 2503 quae
485 2454 591 2494 illum
623 2458 819 2508 peperisti,

335 2513 398 2559 qui
429 2518 485 2550 est
517 2515 573 2551 sol
603 2515 782 2561 iustitiae,

279 2570 348 2614 Qui
380 2580 536 2617 egenum
567 2571 765 2608 miseratus

334 2626 444 2674 erigit
477 2627 523 2663 de
553 2632 720 2665 stercore

277 2682 340 2732 Et,
359 2694 454 2730 quae
471 2689 554 2720 sunt
573 2684 721 2721 infirma
734 2684 877 2731 mundi,

336 2740 513 2787 dignatur
544 2741 693 2791 eligere,

278 2797 407 2843 Ipsum
436 2807 583 2843 poscas,
615 2802 656 2834 ut
687 2798 748 2835 det
781 2797 873 2835 mihi

335 2853 457 2891 locum
488 2854 746 2903 indulgentiae

888 136 963 175 1:5:3
1030 159 1068 163 —-

958 489 1048 526 195.

957 782 1052 820 200.

968 1083 1061 1120 205.

958 1376 1052 1414 210.

952 1666 1048 1703 215.

956 1949 1049 1987 220.

953 2233 1046 2270 225.

953 2517 1048 2556 230.

951 2800 1047 2838 235.

1085 249 1350 294 (ἲοιιυυιῑειῑηυο
1381 246 1620 293 temptatoris

1137 306 1290 352 laqueos
1322 303 1495 350 effugere,

1085 369 1133 407 Ut
1164 370 1230 404 eor'
1259 377 1378 403 meum
1411 376 1483 401 non
1517 365 1679 401 declinet

1138 425 1175 462 in
1208 423 1323 461 verba
1354 421 1532 469 malitiae,

1084 488 1133 526 Ut
1166 498 1236 523 non
1269 484 1358 523 mihi
1391 484 1604 521 dominetur

1140 543 1257 591 pestis
1288 540 1539 588 arrogantiae,

1085 608 1170 643 Sum
1206 600 1299 655 [qui]
1333 603 1427 640 cinis
1459 608 1495 638 et
1522 603 1695 649 putredo,

1139 661 1320 698 vermium
1353 660 1523 697 deliciae.

1084 725 1139 760 'l‘u
1172 735 1210 760 es
1243 723 1340 759 enim
1372 722 1541 759 liberalis

1140 778 1460 824 honorificentiae,

1083 844 1200 888 Quam
1214 852 1306 888 prae
1319 841 1464 878 cunctis
1476 841 1584 878 unxit
1594 842 1697 879 Deus

1140 899 1222 936 oleo
1252 898 1431 944 laetitiae,

1082 961 1177 1008 Quia
1209 961 1328 997 omnis
1359 960 1397 996 in
1429 963 1465 996 te
1496 960 1597 996 venit

1138 1017 1336 1066 plenitudo
1367 1016 1522 1063 gratiae,

1094 1082 1209 1128 Quam
1228 1090 1296 1126 per
1313 1083 1440 1126 partes
1456 1082 1606 1116 sanctus
1623 1078 1699 1115 suis

1142 1137 1297 1184 spiritus
1329 1136 1393 1172 dat
1423 1146 1591 1174 munere.

1088 1200 1144 1236 Tu
1176 1209 1214 1236 es
1241 1199 1354 1236 decus
1375 1198 1504 1235 mundi
1526 1209 1698 1245 magnum

1144 1260 1179 1292 et
1209 1255 1505 1302 incomparabile

1086 1319 1129 1356 In
1161 1317 1309 1355 excelso
1337 1316 1516 1353 tribunali

1139 1374 1187 1412 ab
1219 1378 1371 1411 aeterno
1400 1373 1536 1418 iudice,

1082 1438 1196 1484 Quem
1228 1436 1390 1484 lactasti,
1423 1435 1622 1473 sublimata

1135 1496 1241 1530 tanta
1272 1492 1506 1542 celsitudine,

1083 1551 1135 1589 Ut
1166 1549 1263 1586 hanc
1295 1549 1418 1586 nullus
1446 1549 1659 1586 intellectus,

1138 1606 1258 1652 possit
1290 1606 1622 1651 comprehendere.

1081 1664 1124 1701 In
1156 1663 1294 1699 vestitu
1327 1662 1507 1699 deaurato

1141 1719 1243 1757 clara
1275 1720 1416 1756 micans
1448 1717 1556 1768 facie,

1081 1778 1203 1823 Super
1235 1776 1367 1812 choros
1399 1776 1617 1822 angelorum

1137 1833 1176 1870 in
1209 1833 1325 1880 regali
1356 1833 1546 1869 schemate
1571 1851 1581 1857 ·

1081 1892 1291 1930 Consecuta
1320 1889 1585 1936 praecellentis

1138 1947 1315 1984 honorem
1349 1947 1552 1992 potentiae,

1080 2004 1270 2043 Coronat-a
1301 2002 1471 2040 rutilanti

1136 2065 1247 2106 caput
1281 2059 1494 2096 diademate

1079 2117 1147 2154 Vel
1189 2128 1233 2153 ex
1271 2128 1361 2153 auro
1395 2116 1452 2152 vel
1485 2127 1529 2153 ex
1561 2127 1694 2163 magno

1134 2174 1300 2221 pretioso
1331 2173 1471 2222 lapide,

1079 2231 1212 2268 Coram
1246 2241 1389 2266 summa
1420 2229 1617 2266 maiestate

1141 2287 1290 2324 virtutis
1321 2287 1498 2323 uranicae

1077 2343 1314 2382 Melodizans
1346 2343 1563 2380 harmoniae

1137 2411 1286 2437 carmen
1317 2400 1549 2446 inexplebile

1080 2458 1129 2496 Et
1158 2457 1485 2502 incircumscripto
1515 2467 1664 2503 semper

1136 2515 1326 2551 illustrata
1356 2513 1496 2550 lumine

1079 2571 1251 2617 Sanctus,
1275 2575 1427 2607 sanctus
1452 2580 1542 2608 voce
1559 2581 1693 2617 magna

1133 2638 1320 2674 nunquam
1355 2637 1479 2663 cessas
1511 2627 1687 2676 psallere,

1080 2685 1254 2723 Pandens
1286 2694 1408 2730 aures,
1441 2684 1576 2731 siquis
1605 2684 1693 2720 velit

1135 2752 1201 2778 sua
1232 2740 1356 2778 vincla
1386 2741 1533 2777 solvere

1079 2798 1159 2835 Nec
1191 2797 1400 2844 dedignans
1433 2797 1652 2835 miserorum

1136 2865 1335 2892 aerumnas
1365 2854 1575 2906 attendere,
