2031 3289
847 186 1151 226 —454—

242 304 305 341 13,
339 301 392 339 Te
423 301 603 347 requirat,
635 300 698 347 qui
728 300 896 346 suspirat

388 357 547 394 Pressus
579 357 675 393 mole
707 355 915 403 criminum,

333 413 487 451 Habens
502 417 636 459 ratum,
654 413 753 459 quod
770 412 958 458 placatum

388 469 540 507 Reddes
570 469 602 506 ei
635 468 850 506 Dominum.

234 584 298 621 14.
330 582 411 619 Deo
441 582 567 618 iuncta
598 584 705 627 potes
738 584 872 617 cuncta

386 638 487 675 Dare
517 642 554 673 te
586 636 816 683 rogantibus,

331 695 422 732 Cum
454 693 625 740 benignis
657 697 694 729 et
725 691 900 739 malignis

384 751 555 796 Imperes
587 749 798 795 spiritibus.

231 864 295 902 15.
328 863 430 908 Quae
461 861 627 899 seductis
658 872 748 909 spes
779 861 912 898 salutis

385 918 496 956 Esset
526 922 591 954 aut
620 917 816 962 solacium,

334 974 370 1012 Si
402 986 477 1012 non
506 973 615 1011 nobis
646 972 769 1011 factor
799 971 902 1011 orbis

385 1031 505 1068 Daret
535 1031 607 1068 hoc
638 1028 874 1067 remedium?

231 1145 295 1181 16.
328 1143 365 1180 Si
399 1143 526 1180 divina
557 1143 745 1179 medicina

386 1197 581 1236 Defuisset
613 1199 771 1249 vulneri,

333 1255 431 1302 Quid
463 1254 615 1304 facturi,
647 1265 719 1301 quo
750 1256 840 1293 ituri

386 1312 464 1349 Nos
497 1322 644 1349 eramus
673 1312 829 1351 miseri?

235 1424 299 1462 17.
332 1424 459 1462 Mater
489 1424 610 1471 prima
643 1435 710 1461 nos
740 1424 789 1461 ad
820 1425 895 1462 ima

387 1481 462 1518 Suo
493 1480 612 1518 traxit
643 1480 812 1528 erimine,

332 1536 442 1574 Nunc
472 1540 597 1574 reatus
630 1541 686 1573 est
716 1536 864 1574 ablatus

387 1593 490 1630 Tuae
520 1593 638 1640 prolis
669 1593 862 1639 sanguine.

236 1707 298 1744 18.
333 1705 442 1742 Nunc
463 1716 656 1753 regressus
678 1710 733 1742 est
757 1716 956 1744 concessus

383 1762 444 1798 Ad
475 1772 640 1808 superna
669 1763 808 1809 gaudia

330 1818 410 1863 His,
435 1819 497 1864 qui
514 1818 669 1855 vineunt
687 1824 723 1855 et
740 1819 956 1866 relinquunt

384 1875 518 1912 Mundi
553 1875 755 1914 desideria.

230 1987 292 2024 19.
328 1987 481 2024 Cunctis
514 1987 654 2024 sanetis
686 1998 724 2024 es
751 1998 820 2034 pro
843 1988 958 2025 tantis

385 2044 504 2081 Grata
534 2042 740 2091 beneficiis,

331 2100 483 2137 Cunctis
516 2111 604 2137 cara
635 2105 671 2136 et
702 2100 906 2147 praeclara

388 2156 537 2203 Magnis
569 2156 790 2203 privilegiis.

1046 300 1113 337 20.
1146 298 1261 346 Virgo
1294 299 1409 345 mitis,
1442 311 1464 336 a
1504 299 1653 337 delictis

1204 355 1280 393 Nos
1312 356 1474 393 emunda
1512 355 1701 402 precibus,

1153 411 1201 450 Ut
1232 411 1382 458 purgati
1413 412 1528 449 simus
1558 411 1639 458 apti

1207 468 1315 514 Iungi
1348 468 1444 505 caeli
1475 467 1637 506 civibus.
1686 486 1690 490 ¹

1048 580 1114 618 21.
1147 580 1288 616 Lumen
1318 591 1460 629 verum,
1493 579 1616 618 factor
1640 589 1781 627 rerum,

1203 636 1341 674 Mundi
1372 641 1497 674 rector
1528 635 1709 686 fabricae,

1096 729 1099 732 .
1146 692 1218 729 Tot
1251 693 1442 738 procellis,
1475 697 1530 730 tot
1561 692 1721 740 flagellis

1205 748 1282 785 Nos
1312 748 1486 787 adflictos
1516 749 1676 796 respice.

1047 863 1111 899 22.
1145 862 1187 898 In
1221 861 1353 898 diebus
1382 862 1522 899 nostris
1553 861 1665 898 rebus

1202 917 1281 954 Nos
1312 918 1487 955 secundis
1519 918 1662 955 sustine

1145 974 1194 1010 Et
1227 974 1374 1011 custodi
1405 985 1472 1011 nos
1501 974 1548 1011 ab
1579 974 1680 1011 omni

1202 1031 1446 1077 Incorruptos
1479 1031 1648 1070 crimine.

1044 1144 1108 1182 23.
1142 1142 1239 1181 Fide
1269 1143 1372 1179 muni
1401 1154 1468 1180 nos
1499 1148 1535 1179 et
1566 1143 1630 1181 uni

1200 1199 1378 1237 Caritatis
1410 1210 1575 1245 munere,

1144 1255 1279 1292 Nullus
1310 1260 1447 1303 terror,
1480 1255 1604 1293 nullus
1639 1266 1748 1293 error

1199 1311 1324 1350 Possit
1355 1322 1422 1349 nos
1453 1312 1684 1351 subvertere.

1046 1426 1113 1463 24.
1145 1425 1227 1462 Rex
1258 1428 1426 1472 aeterne,
1458 1436 1481 1462 a
1511 1424 1703 1472 gehennae

1201 1481 1313 1520 Salva
1345 1491 1411 1517 nos
1443 1481 1643 1528 supplicio⁷

1142 1540 1240 1584 Quos
1271 1540 1428 1583 peccato
1459 1538 1574 1575 solvis
1607 1539 1696 1574 dato

1198 1593 1335 1631 Mortis
1367 1597 1452 1630 tuae
1482 1594 1617 1640 pretio.

1043 1709 1107 1745 25.
1141 1706 1260 1743 Prece
1291 1706 1422 1743 matris
1452 1717 1519 1743 nos
1550 1706 1597 1744 ab
1629 1707 1722 1743 atris

1199 1762 1339 1799 Libera
1369 1762 1578 1811 spiritibus,

1141 1819 1197 1855 Ne
1229 1829 1310 1855 cum
1341 1819 1435 1865 ipsis
1467 1830 1536 1866 pro
1567 1818 1777 1856 commissis

1196 1875 1429 1913 Damnemur
1462 1875 1646 1915 reatibus,

1047 1989 1112 2026 26.
1145 1988 1230 2024 Iesu
1261 1987 1368 2036 bone,
1402 1987 1546 2025 visione

1202 2044 1283 2081 Tua
1313 2055 1380 2081 nos
1411 2044 1586 2095 laetifica,

1147 2101 1209 2138 Sic
1238 2100 1406 2147 guberna
1437 2111 1516 2148 nos,
1548 2106 1590 2138 ut
1622 2111 1738 2150 regna

1202 2157 1487 2203 Consequamur
1521 2157 1675 2195 caelica.

657 2270 722 2310 27.
767 2268 854 2306 Tibi
884 2274 973 2306 noto
1005 2279 1087 2306 curn
1118 2268 1228 2307 beato

824 2326 935 2362 Patre
966 2325 1048 2362 laus
1080 2330 1116 2362 et
1146 2326 1267 2373 gloria

765 2381 1015 2429 Flaminique,
1048 2383 1110 2428 qui
1141 2382 1290 2429 utrique

820 2438 986 2485 Compar
1016 2444 1071 2475 est
1103 2449 1171 2485 per
1200 2439 1337 2477 omnia.

882 2625 1086 2670 Epilogus.

491 2718 527 2760 1.
574 2719 603 2757 Ο
636 2719 825 2767 salutaris,
858 2720 976 2767 virgo,
1007 2719 1119 2757 stella
1148 2720 1274 2767 maris,

574 2775 767 2813 Generans
798 2776 953 2825 prolem,
987 2776 1187 2822 aequitatis
1218 2777 1346 2824 solem,

574 2832 685 2877 Lucis
717 2836 921 2879 auctorem,
954 2833 1119 2870 retinens
1151 2833 1346 2881 pudorem,

758 2888 913 2935 Suscipe
944 2889 1108 2928 laudem.
