2031 3289
958 204 1151 245 —346
1214 227 1264 231 —

379 320 416 357 9.
450 316 631 358 Piscator
662 329 744 354 eras
774 318 976 365 hominum,

348 1089 411 1128 10.

347 1862 411 1902 11.

344 2631 407 2670 12.

447 375 523 413 Sed
566 380 603 411 te
636 375 735 420 cepit
766 374 826 410 vir
855 375 1075 422 sanguinum

502 431 553 468 Et
584 430 768 467 conclusit
795 431 834 467 in
864 430 1018 478 retibus,

447 487 652 534 Tamquam
671 491 861 523 auctorem
879 487 1077 523 criminum

447 544 532 582 Non
567 543 743 579 differens
773 543 811 579 in
844 543 1048 580 crastinum

507 600 561 636 Te
591 599 752 636 tradidit
783 599 1011 647 tortoribus;

448 656 510 693 Sic
541 666 689 692 caesum
723 655 844 702 plagis
875 655 1052 702 gravibus

446 712 497 749 Et
529 716 756 749 maceratum
788 711 925 748 ictibus

502 769 608 805 Mors
622 773 659 804 te
671 768 788 805 traxit
801 768 849 804 ad
863 768 1074 816 terminum,

446 825 531 862 Non
562 825 711 871 quidem
736 835 818 860 cum
840 824 1073 869 mortalibus,

447 882 522 919 Sed
555 892 636 917 cum
668 881 799 917 mortis
830 880 1037 918 victoribus

501 937 718 974 Florentem
751 941 838 974 ante
860 937 1074 977 Dominum.

447 1087 477 1128 0
510 1089 747 1126 sanctissime
779 1089 949 1136 Andrea,

443 1146 574 1183 Robur
602 1156 724 1182 meum
756 1153 791 1182 et
823 1156 909 1192 spes
940 1156 1024 1182 mea

503 1202 710 1249 Turrisque
741 1200 990 1246 fortitudinis,

446 1257 536 1303 Fac,
569 1259 752 1295 vilescant
782 1259 873 1295 mihi
905 1269 949 1296 ea

445 1315 586 1360 Quibus
617 1314 660 1352 fit
691 1315 816 1352 anima
846 1325 911 1352 rea

502 1372 772 1410 Commissione
805 1371 971 1408 criminis

444 1428 624 1474 Expensa
654 1428 707 1464 tui
739 1428 942 1475 sanguinis,

445 1485 561 1530 Quem
594 1495 662 1531 pro
693 1484 770 1521 filio
803 1485 957 1531 virginis

499 1540 680 1578 Effudisti
712 1540 780 1577 sub
811 1542 952 1589 Aegea,

444 1597 567 1644 Super
594 1598 737 1634 vultum
768 1598 942 1644 imaginis

446 1654 644 1691 Interioris
675 1654 834 1691 hominis

502 1710 590 1747 Fiat
620 1710 715 1747 vitta
746 1710 933 1749 coccinea.

447 1859 569 1911 Super
600 1873 664 1899 cor
694 1873 815 1899 meum
847 1864 972 1909 passio

447 1919 526 1956 Tua
559 1925 596 1955 et
627 1918 821 1956 crucifixio

505 1977 668 2014 Ponatur
701 1981 740 2012 ut
770 1975 1014 2022 signaculum,

443 2032 692 2069 Brachiorum
725 2033 908 2081 extensio,

444 2089 585 2126 Contra
612 2089 758 2125 hostem
792 2088 962 2126 defensio

501 2146 591 2183 Fiat
621 2150 655 2181 ct
688 2146 1025 2193 propugnaculum,

443 2202 658 2248 Refugium‚
692 2202 901 2247 patibulum

442 2259 539 2296 Mihi
571 2264 605 2295 et
641 2258 905 2295 diverticulum

500 2315 556 2352 Sit
586 2315 781 2352 vulnerum
811 2315 959 2362 incisio,

442 2372 582 2409 Salutis
613 2372 886 2408 adminiculum

439 2430 565 2474 Atque
595 2428 741 2465 animae
771 2428 949 2474 pabulum

497 2486 540 2521 In
573 2495 682 2523 cruce
711 2484 958 2531 praedicatio.

441 2629 520 2671 Ter
550 2632 732 2668 tredecim
763 2635 875 2678 atque
907 2631 1000 2668 duos

441 2688 510 2734 Qui
541 2689 731 2725 suscitasti
762 2693 942 2732 mortuos,

496 2745 645 2781 Mecum
678 2744 976 2781 misericordiam

439 2801 530 2849 Fac,
562 2801 757 2848 expellens
788 2802 1012 2848 incongruos

440 2858 566 2894 Motus
598 2859 732 2894 mentis
764 2862 800 2894 et
830 2867 980 2904 nocuos,

496 2913 554 2950 Nc
590 2914 627 2950 in
660 2920 779 2951 morte
809 2914 1066 2959 obdormiam3

1166 750 1231 789 13.

1160 1523 1225 1561 14.

1160 2292 1224 2330 15.

1259 320 1411 356 Iunctos
1441 329 1511 364 per
1540 318 1740 356 amicitiam

1262 374 1361 411 Mihi
1392 378 1429 410 et
1459 375 1614 420 stirpem
1647 376 1840 423 propriam

1315 431 1434 467 Actus
1468 430 1583 467 edoce
1614 436 1798 479 strenuos,

1260 486 1386 524 Plebis
1420 486 1505 523 vide
1534 487 1723 524 miseriam

1260 543 1309 579 Et
1341 543 1390 578 ad
1422 542 1500 579 eius
1532 544 1740 581 custodiam

1316 599 1434 645 Aperi
1466 600 1615 636 occulos
1645 604 1757 638 tuosu

1265 746 1538 790 Ornamentum
1571 756 1606 788 et
1636 753 1769 790 titulus

1259 807 1311 844 Et
1340 808 1494 844 radians
1527 807 1775 846 carbunculus

1314 864 1476 900 Tuorum
1510 875 1548 900 es
1581 865 1813 914 devotorum,

1259 920 1334 958 Cor
1364 925 1401 956 et
1431 921 1532 956 auris
1562 926 1599 957 et
1628 922 1756 958 oculus

1260 976 1344 1012 Non
1377 977 1543 1025 capiunt,
1576 978 1673 1024 quod
1706 979 1859 1016 sedulus

1315 1032 1531 1069 Advocatus
1563 1044 1601 1070 cs
1635 1044 1774 1083 eorum,

1257 1089 1418 1134 Magnus
1449 1089 1485 1125 in
1518 1100 1632 1136 regno
1668 1091 1855 1128 caelorum

1260 1146 1457 1182 Promotor
1491 1147 1721 1192 negotiorum

1317 1202 1663 1249 Requestarumquc
1693 1205 1857 1254 gerulus,

1262 1258 1367 1295 Unus
1398 1263 1437 1294 tu
1469 1269 1508 1294 es
1539 1263 1796 1306 magnatorum

1258 1314 1309 1351 Et
1339 1315 1551 1361 principum
1583 1317 1806 1362 populorum

1316 1370 1419 1418 Signi
1452 1373 1624 1418 regisque
1655 1373 1816 1413 baiulus,

1258 1521 1436 1563 Laudare
1467 1524 1528 1570 qui
1561 1536 1632 1560 non
1664 1525 1772 1561 valeo

1257 1580 1323 1628 Te,
1355 1584 1396 1616 ut
1427 1580 1546 1624 decet,
1575 1592 1681 1627 spem
1712 1581 1845 1630 habeo,

1316 1637 1369 1675 Ut
1398 1637 1436 1673 in
1467 1637 1761 1675 adversitatibus

1257 1694 1315 1731 Tu
1345 1693 1396 1730 sis
1426 1694 1516 1730 mihi
1547 1705 1616 1740 pro
1647 1694 1769 1741 clipeo

1257 1750 1309 1788 Et
1336 1761 1405 1796 pro
1437 1748 1527 1787 forti
1558 1751 1814 1788 Macchabaeo

1315 1807 1492 1852 Repulsis
1528 1807 1672 1844 cunctis
1703 1807 1872 1845 hostibus

1259 1863 1369 1911 Ligni
1400 1864 1501 1900 vitae
1533 1864 1579 1899 de
1610 1862 1796 1901 fructibus

1259 1919 1437 1958 Collectis
1468 1930 1550 1956 cum
1581 1919 1773 1957 laboribus

1313 1977 1356 2012 In
1388 1986 1544 2013 ascensu
1576 1987 1765 2023 purpureo

1259 2033 1394 2070 Dando
1425 2032 1495 2069 tibi
1526 2032 1702 2070 fidelibus

1257 2089 1403 2126 Devote
1433 2089 1735 2135 supplicantibus

1314 2145 1566 2192 Depessulato
1598 2146 1744 2183 horreo.

1875 1838 1885 1856 7

1258 2289 1424 2331 Ubertas
1455 2302 1537 2329 esse
1570 2293 1720 2338 dicitur,

1256 2348 1333 2387 Ubi
1364 2353 1466 2385 tuum
1498 2349 1694 2395 reponitur

1314 2406 1460 2452 Corpus
1491 2406 1539 2442 ad
1571 2405 1717 2452 signum
1749 2405 1834 2453 olei,

1252 2463 1348 2499 Nam
1385 2462 1590 2499 secundum
1620 2462 1718 2508 quod
1751 2462 1872 2499 oritur
1898 2458 1900 2461 ’

1252 2519 1383 2557 Oleum
1409 2523 1447 2555 et
1478 2518 1711 2563 diffunditur,

1309 2576 1371 2612 Sic
1401 2585 1440 2611 se
1470 2575 1582 2611 habet
1612 2575 1705 2611 ordo
1737 2575 1814 2621 rei,

1252 2632 1291 2669 Si
1321 2637 1408 2669 ante
1439 2631 1605 2668 tribunal
1638 2631 1707 2668 Dei

1252 2688 1354 2725 Velis
1386 2697 1467 2724 esse
1498 2688 1580 2724 loco
1611 2687 1696 2733 mei,

1308 2745 1406 2781 Dum
1440 2754 1521 2781 inea
1552 2755 1664 2781 causa
1695 2743 1833 2792 agitur,

1253 2801 1407 2848 Signum
1440 2802 1551 2837 datur
1582 2810 1686 2837 meae
1713 2801 1807 2847 spei,

1249 2858 1356 2904 Quod
1388 2857 1511 2904 gratia
1542 2856 1603 2893 tiet
1636 2857 1670 2893 ei

1308 2914 1357 2951 Et
1389 2914 1498 2950 venia
1530 2913 1744 2950 donabitur.
