1914 3223
672 165 976 206 -109-

62 281 125 321 13.
156 276 241 320 Nox
273 278 417 317 claudit
446 278 576 316 ambos
608 289 760 316 carcere
876 279 940 317 18.
971 274 1041 319 Sic
1073 278 1265 325 principes
1296 278 1493 323 ecclesiae,

62 333 64 335 ’
157 337 275 374 Pleno
305 335 373 373 sed
404 336 560 373 aethrae
590 336 731 373 lumine
974 336 1037 373 Sic
1069 347 1158 373 vera
1189 335 1318 372 mundi
1349 335 1490 372 lumina

158 393 323 432 Umbras
355 392 481 429 rident
513 396 551 428 et
582 392 745 439 vincula,
972 392 1110 429 Mortis
1142 392 1333 438 triumpho
1365 391 1482 428 nobili

158 449 298 487 Christi
331 448 460 486 vident
490 449 552 495 qui
584 449 755 496 gloriam.
973 448 1176 494 Sumpsere
1207 449 1371 494 palmam
1401 448 1555 495 gloriae.

61 564 123 601 14.
157 557 335 609 oppessa
365 562 441 599 leto
473 572 634 608 corpora
878 561 942 600 19.
974 557 1153 607 Tropaea
1184 566 1340 607 quorum
1372 560 1535 608 insignia

161 619 225 656 Ad
256 619 350 655 lucis
379 629 488 655 auras
518 618 705 655 suscitant
974 618 1052 655 Iam
1085 618 1204 654 Roma
1236 615 1327 653 felix
1359 617 1537 662 continet,

156 676 370 722 Hostesque
400 675 490 711 iusti
521 673 688 721 perfidos
972 675 1137 721 Quorum
1170 684 1327 710 coronas
1361 673 1475 710 totius

158 731 319 769 Abdunt
350 731 516 768 tenebris
547 729 673 770 inferi.
974 730 1087 769 Orbis
1120 729 1287 767 celebrat
1317 730 1491 769 ambituS.

59 845 124 885 15.
159 841 416 891 Praefulgido
447 843 564 880 stolas
596 853 681 880 suas
877 844 942 881 20.
975 839 1062 882 Vox
1095 853 1182 890 ergo
1214 847 1344 880 nostra
1373 847 1410 879 te
1441 843 1575 890 Deum,

154 901 257 948 Agni
290 910 424 938 cruore
453 900 637 949 laverant,
975 900 1030 938 Te
1061 900 1177 937 corda
1205 904 1334 937 nostra
1364 904 1581 946 personent,

158 957 355 996 Gustando
386 957 517 994 mortis
549 957 723 1003 poculum
975 956 1103 1003 Teque
1134 956 1171 992 in
1204 956 1278 992 tuis
1310 956 1521 993 mirabilem

155 1014 294 1052 Mortis
315 1013 550 1062 triumphant
562 1013 787 1060 principem.
976 1013 1177 1050 Collaudet
1207 1023 1316 1049 omne
1347 1013 1549 1050 saeculum.

61 1129 124 1167 16.
158 1123 354 1180 Quantum
388 1126 493 1173 sequi
527 1125 721 1163 desideret
877 1127 943 1166 21.
974 1122 1130 1172 Xriste‚
1162 1135 1372 1175 precamur,
1405 1131 1447 1163 ut
1472 1126 1606 1173 quibus

158 1183 302 1222 Christi
333 1183 467 1219 Petrus
498 1183 669 1229 vestigia,
976 1183 1127 1220 Laudes
1159 1187 1315 1219 ovantes
1348 1183 1519 1227 dicimus.

157 1241 219 1278 Ad
251 1249 361 1287 quem
394 1239 524 1276 venire
555 1250 628 1276 non
659 1239 767 1276 timet
977 1240 1123 1278 Horum
1156 1237 1229 1276 frui
1261 1250 1328 1276 nos
1360 1240 1497 1276 lucidis

157 1297 307 1335 Scalam
341 1297 465 1333 crucis
497 1306 566 1343 per
593 1297 789 1342 asperam!
978 1296 1105 1333 Dones
1127 1306 1196 1342 per
1218 1307 1350 1332 aevum
1374 1296 1605 1343 aspectibus.

59 1411 124 1450 17.
156 1407 286 1457 Regni
316 1409 494 1456 perennis
524 1409 656 1446 introit
875 1411 941 1448 22.
973 1405 1110 1447 Ymnis
1141 1420 1210 1456 per
1239 1409 1410 1447 aethram
1442 1419 1485 1446 ac
1516 1420 1599 1446 sua-

158 1467 298 1505 Paulus
330 1476 400 1513 per
431 1476 557 1503 ensem
588 1465 742 1514 regiam,
1052 1465 1160 1502 vibus

156 1523 254 1561 Nam
286 1523 350 1570 qui
372 1522 493 1560 Deum
524 1522 639 1560 habet
660 1526 786 1570 caput,
973 1522 1245 1569 Apostolorum
1278 1522 1454 1560 laudibus

155 1580 278 1618 Ferro
308 1579 473 1616 libenter
506 1579 572 1617 dat
601 1590 721 1619 suum.
976 1579 1117 1616 Noster
1148 1579 1284 1616 chorus
1316 1579 1377 1616 hic
1408 1583 1588 1616 consonet

974 1636 1135 1674 Psalmis
1166 1647 1324 1673 canorus
1357 1635 1540 1674 dulcibus.

437 1752 502 1790 23.
535 1747 642 1791 Zona
673 1749 857 1796 benignus
888 1760 1004 1786 aurea

531 1807 611 1844 Nos
643 1806 750 1854 cinge
782 1806 1038 1853 castimoniae,

531 1864 584 1902 Ut
614 1868 652 1901 te
685 1863 857 1901 videntes
888 1862 1064 1900 laudibus

530 1920 621 1958 Tuis
653 1930 829 1958 vacemus
860 1923 1053 1967 perpetes,

129 2030 325 2063 Cassander
358 2031 382 2063 l.
415 2041 443 2062 c.
477 2042 509 2073 p.
535 2029 600 2063 271
637 2042 711 2074 sqq.
736 2049 780 2053 —
806 2031 872 2064 Str.
910 2030 937 2070 1,
963 2029 984 2062 2
1015 2031 1085 2063 und
1111 2028 1154 2062 20
1186 2029 1274 2062 auch
1307 2031 1344 2061 in
1369 2029 1512 2062 Collect.
1539 2039 1599 2061 ms.

40 2075 72 2107 S.
97 2076 284 2108 Michaelis
309 2077 537 2117 Bambergen.
565 2087 652 2109 saec.
684 2074 769 2109 ¹⁰l11.
822 2076 905 2110 Cod.
932 2077 1163 2118 Bambergen.
1190 2077 1217 2107 B
1244 2077 1278 2107 II
1307 2073 1348 2107 lO
1371 2074 1420 2113 (in
1444 2072 1599 2106 Alkuins

39 2120 186 2154 Traktat
212 2122 284 2163 „De
310 2122 413 2154 laude
438 2121 550 2163 Dei‘·').
574 2141 619 2146 —-
643 2120 695 2163 20,
722 2120 743 2154 3
767 2124 817 2155 Te
840 2123 936 2154 intus
961 2122 1167 2154 mirabilem.

329 2313 388 2350 87.
425 2314 483 2356 (9.)
518 2313 564 2348 In
589 2312 873 2349 Decollatione
900 2323 933 2349 s.
960 2311 1153 2348 Iohannis
1178 2311 1300 2355 Bapt.

87 2432 123 2469 1.
154 2432 382 2470 Praecessor
411 2431 531 2468 almus
562 2430 707 2478 gratiae
898 2431 935 2470 3.
968 2430 1064 2468 Nam
1096 2429 1331 2466 nasciturum
1362 2427 1538 2472 saeculis,

149 2489 200 2527 Et
230 2488 404 2525 veritatis
434 2487 600 2535 angelus,
965 2486 1167 2524 Nascendo
1191 2495 1300 2531 quem
1332 2488 1592 2531 praevenerat,

151 2544 326 2582 Lucerna
357 2544 499 2582 Christi
530 2548 568 2580 et
597 2544 766 2591 perpetis
965 2544 1024 2581 Ac
1054 2542 1333 2589 baptizaturum
1364 2550 1431 2576 suo

150 2600 398 2649 Evangelista
427 2601 592 2647 luminis,
964 2600 1248 2638 Monstraverat
1278 2596 1520 2646 baptismate,

83 2714 120 2751 2.
152 2713 380 2761 Prophetiae
409 2713 624 2762 praeconia,
893 2713 934 2753 4.
965 2712 1132 2750 Huiusce
1162 2714 1320 2747 mortem
1351 2709 1556 2756 innoxiam,

154 2770 258 2816 Quae
288 2780 392 2818 voce,
424 2769 502 2807 vita
533 2774 570 2806 et
599 2768 746 2806 actibus
964 2769 1045 2814 Qua
1075 2768 1153 2805 vita
1182 2767 1322 2804 mundo
1347 2765 1500 2803 reddita
1522 2770 1591 2813 est,

151 2826 393 2876 Cantaverat‚
424 2826 520 2863 haec
549 2826 686 2863 astruit
964 2824 1096 2872 Signat
1126 2824 1184 2861 sui
1213 2822 1412 2870 praesagio

153 2882 292 2920 Mortis
323 2893 455 2921 sacrae
485 2883 691 2930 signaculo.
962 2881 1137 2928 Baptista
1167 2884 1314 2927 martyr
1344 2878 1548 2926 sanguinis.
