1914 3223
164 1161 228 1197 (30.

165 1459 228 1495 65.

162 1740 224 1778 70.

156 2306 223 2345 80.

159 2591 222 2627 85.

157 2874 220 2912 90.

880 156 952 196 lo7

217 304 226 312 .
260 274 327 310 1113
359 277 459 310 11111111
492 271 694 316 margarita

313 329 523 375 gravidavit
556 331 714 375 uterum,

263 392 375 429 Cuius
406 390 502 426 tollit
534 389 725 436 appetitus

317 457 478 485 amorem
511 445 778 492 praesentium.

261 510 359 547 Aula
390 509 475 551 Dei,
507 518 644 554 sponsa
675 507 828 546 Christi,

317 566 473 612 spiritus
501 564 719 610 sacrarium,

262 628 367 666 (fulix
401 626 663 669 miserationis,

316 689 470 731 portans
502 683 600 720 vitae
622 682 818 730 poculum,

261 747 377 793 Regni
410 745 480 783 Dei
511 744 730 782 seminatrix

318 808 353 838 et
387 802 600 849 splendoris
631 801 779 838 atrium,

196 868 209 876 ”
222 895 230 903 .
262 865 329 912 Tu,
353 874 446 910 quae
462 864 600 900 mundo
619 863 885 900 demonstrasti

317 926 525 957 creatorem
556 920 763 967 proprium,

264 984 397 1021 Portus
428 982 544 1029 pacis,
577 987 685 1029 porta
716 982 819 1029 solis,

322 1039 491 1076 veritatis
521 1050 713 1086 organum.

262 1103 424 1140 Fructus
446 1102 587 1138 ventris
610 1101 676 1148 tui,
700 1101 882 1149 Christus,

313 1158 514 1195 exauditor
544 1168 763 1204 pauperum,

262 1221 442 1266 Princeps
465 1221 580 1266 pacis,
614 1225 721 1267 pater
742 1219 883 1267 matris,

318 1277 529 1315 dominator
558 1277 733 1313 omnium.

260 1339 339 1376 Lux
374 1339 424 1375 de
451 1339 545 1385 luce,
577 1340 631 1375 sol
663 1339 708 1375 de
739 1338 858 1387 stella,

318 1396 380 1432 lux
413 1400 624 1432 sanctarum
658 1395 847 1443 mentium,

262 1456 452 1503 Splendor
481 1457 614 1503 patris,
646 1457 858 1493 illustrator

315 1523 466 1550 suorum
498 1514 744 1561 sequentium,

258 1569 316 1607 Ex
348 1574 384 1605 te
415 1573 524 1606 natus
556 1570 603 1607 de
633 1574 670 1607 te
701 1568 791 1606 fecit

313 1630 471 1663 naturae
499 1627 733 1672 miraculum,

259 1682 352 1720 Cum
383 1682 529 1719 videret
560 1687 597 1720 te
627 1693 778 1721 manere

315 1739 493 1785 virginem
526 1745 611 1787 post
642 1739 771 1777 filium.

257 1796 287 1833 O
320 1796 492 1833 columba
523 1797 705 1845 speciosa,

314 1852 490 1890 diadema
521 1855 676 1903 regium,

257 1909 359 1954 Quae
380 1911 638 1948 transscendis
662 1910 885 1947 admirando

314 1964 462 2013 fulgore
493 1967 779 2016 chrysolithum,

214 2051 223 2060 .
254 2022 404 2069 Arbor,
443 2023 546 2060 cuius
578 2023 723 2061 fructus
754 2029 855 2060 creat

311 2089 438 2116 omnes
469 2079 613 2117 fructus
644 2080 833 2126 arborum,

257 2135 416 2173 Carmen
448 2138 722 2182 exsultationis,

313 2193 454 2240 requiei
485 2195 680 2242 gremium,

256 2250 298 2286 In
330 2261 402 2296 quo
435 2250 536 2288 Deus
568 2251 734 2288 salutare

314 2307 517 2353 complevit
547 2308 779 2356 mysterium,

256 2364 299 2400 In
330 2375 403 2410 qua
435 2362 591 2402 fratrem
620 2376 727 2403 suum
748 2365 856 2402 nobis

311 2418 402 2457 fecit
425 2421 672 2470 unigenitum,

256 2476 472 2515 Caelibatus
504 2482 540 2515 et
571 2479 710 2517 amoris

311 2533 383 2571 Dei
415 2535 625 2582 violarium,

257 2589 379 2628 Gazas
411 2592 663 2629 exauditionis

315 2648 508 2684 continens
539 2651 738 2696 aerarium,

258 2704 373 2741 Cuius
405 2710 565 2742 mentem
599 2706 691 2742 nihil
722 2717 883 2753 unquam

311 2761 545 2808 impugnavit
576 2761 765 2811 frivolum,

256 2817 371 2855 Cuius
403 2818 509 2855 cordi
539 2830 611 2856 non
641 2819 814 2856 adhaesit

311 2875 505 2921 quodlibet
538 2874 780 2922 superfluum.

940 781 1030 816 100.

1070 270 1160 307 Ovis
1190 268 1302 312 mitis,
1335 277 1467 313 agnum
1502 265 1642 301 1111110118

1126 329 1298 372 potenter
1330 322 1589 367 humillimum,

1072 383 1193 429 Hunc,
1226 381 1288 427 qui
1330 380 1468 416 mundo
1500 377 1693 414 moriendo

1129 437 1282 475 contulit
1316 436 1533 473 remedium.

971 500 1036 534 2⁵5.
1071 497 1269 533 Beatnrum
1301 494 1505 530 animarum

1126 552 1306 588 sollemne
1338 549 1557 596 tripudium,

1071 607 1306 646 Dominatrix
1339 607 1440 643 orbis
1472 610 1608 652 terrae,

1126 664 1354 701 consolatrix
1387 663 1562 700 omnium.

1070 722 1130 759 Ad
1164 722 1338 757 honorem
1372 720 1425 756 tui
1457 719 1533 756 nati

1121 778 1189 814 tibi
1221 777 1460 813 servientium

1068 835 1280 881 Egenorum
1312 832 1573 879 sustentatrix,

1125 902 1273 928 reorum
1303 888 1502 936 refugium,

1072 948 1303 994 Pupillorum
1335 946 1543 994 educatrix,

1126 1009 1247 1042 mater
1276 1003 1532 1051 imbecillium,

974 1063 1038 1100 05.
1071 1061 1268 1108 Nunquam
1329 1071 1486 1107 nocens,

1340 1117 1467 1153 volens

1124 1184 1305 1211 excusare
1335 1173 1499 1220 noxium,

1071 1231 1226 1278 Semper
1257 1235 1389 1277 potens
1421 1230 1595 1268 invocata

1126 1286 1298 1324 conferre
1329 1286 1549 1328 subsidium,

1071 1345 1223 1381 Vultum
1254 1343 1396 1380 113116118
1428 1342 1679 1390 fulgurantem

974 1403 1036 1439 10.
1127 1405 1163 1437 et
1192 1401 1275 1447 plus
1306 1410 1418 1450 quam
1449 1399 1674 1447 angelicum,

1071 1457 1268 1494 Sitientum
1301 1467 1397 1502 aqua
1427 1455 1514 1493 viva

1126 1514 1209 1560 iuge
1240 1511 1494 1559 refectorium,

1071 1570 1171 1608 Fons
1197 1571 1392 1607 hortorum
1419 1573 1455 1606 et
1481 1569 1537 1606 sal
1559 1572 1697 1617 terrae,

1126 1638 1231 1664 mons
1263 1626 1432 1663 excelsus
1463 1626 1631 1674 nimium,

973 1685 1036 1722 15.
1071 1684 1127 1721 De
1156 1695 1228 1730 quo
1258 1683 1357 1732 lapis
1388 1688 1442 1720 est
1475 1682 1657 1727 abscisus,

1127 1741 1189 1788 qui
1219 1740 1381 1787 replevit
1411 1740 1572 1789 saecula,

1070 1798 1297 1834 Miserarum
1329 1798 1537 1834 animarum

1126 1854 1431 1901 propitiatorium
1573 1849 1583 1855 ⁴

1071 1911 1121 1949 Et
1151 1911 1295 1958 auriga,
1328 1921 1422 1958 quae
1453 1910 1585 1947 fideles

972 1970 1037 2009 20.
1124 1968 1299 2014 provehit
1328 1967 1377 2005 ad
1410 1967 1594 2006 bravium.

1071 2026 1139 2064 Cui
1170 2025 1233 2072 qui
1265 2025 1369 2071 cupit
1399 2024 1648 2071 complacere,

1127 2092 1193 2119 cor
1223 2081 1371 2118 affectet
1402 2081 1581 2127 sobrium,

1068 2138 1120 2176 Et
1149 2139 1197 2176 ad
1229 2149 1351 2175 mores
1382 2138 1662 2184 componendos

1126 2193 1262 2232 formet
1292 2196 1428 2232 mentis
1458 2194 1624 2231 studium

969 2254 1035 2290 25.
1069 2253 1127 2289 Ac
1158 2263 1227 2299 per
1258 2253 1389 2289 matris
1420 2251 1660 2297 obsequelam

1127 2313 1377 2356 consequetur
1406 2308 1536 2346 filium.

1069 2367 1098 2405 Ο
1129 2367 1215 2413 111118
1247 2366 1348 2403 celsa
1379 2371 1415 2402 et
1446 2364 1637 2412 profunda

1127 2434 1236 2469 quam
1269 2423 1318 2459 sit
1348 2433 1479 2459 sensus
1507 2422 1698 2460 hominum

1068 2479 1138 2518 Vel
1171 2491 1280 2527 quam
1313 2479 1433 2526 possit
1464 2479 1669 2526 explanare

972 2538 1036 2575 30.
1125 2536 1322 2583 quodlibet
1352 2536 1554 2584 ingenium,

1071 2594 1191 2630 Valde
1223 2594 1335 2640 digna
1367 2598 1402 2628 et
1434 2592 1607 2639 benigna,

1129 2651 1233 2696 virgo
1263 2650 1375 2697 digna
1406 2649 1604 2696 virginum,

1072 2708 1171 2744 Puer
1202 2714 1286 2743 tuus
1322 2717 1421 2742 mors
1453 2710 1509 2742 est
1539 2707 1669 2743 mortis

1127 2769 1161 2799 et
1196 2763 1271 2799 vita
1302 2763 1517 2812 virentium,

974 2822 1039 2858 35.
1072 2820 1170 2857 Caro
1201 2825 1276 2861 1113,
1310 2831 1419 2866 (1113111
1450 2820 1629 2866 suscepit,

1127 2877 1267 2914 saeculi
1299 2882 1355 2913 cst
1386 2877 1562 2924 pretium,

1548 1068 1698 1105 semper
