2031 3289
855 163 1163 203 —490—

343 279 382 316 9.
429 278 459 316 O
502 289 566 314 vas
607 276 756 326 nobile,
799 276 899 323 quod
939 287 1016 314 non
1057 280 1115 313 est
1152 277 1338 324 pollutum
1380 287 1449 313 nec
1489 277 1710 315 devoratum
1749 278 1790 314 in

233 334 437 371 saltatione
470 333 648 380 antiquae
680 333 882 380 speluncae
904 336 942 369 et
961 333 1062 379 quod
1083 343 1156 370 non
1181 337 1237 369 est
1258 337 1489 370 maceratum
1510 333 1549 370 in
1571 333 1788 371 vulneribus

227 390 373 436 antiqui
405 389 633 436 perditoris!

343 447 408 485 10.
457 446 501 482 In
541 450 578 482 te
619 445 884 493 symphonizat
923 444 1081 491 spiritus
1112 449 1288 492 sanctus,
1332 445 1420 492 quia
1449 445 1630 492 angelicis
1657 445 1787 483 choris

227 501 428 539 associaris
474 506 511 539 et
550 503 727 548 quoniam
767 501 806 538 in
847 500 926 538 filio
966 500 1040 538 Dei
1077 501 1248 549 ornaris,
1296 511 1379 538 cum
1419 501 1561 538 nullam
1601 502 1790 539 maculam

226 557 356 596 habes.

345 614 410 651 11.
459 613 567 659 Quod
599 624 665 651 vas
697 614 874 651 decorum
906 617 946 649 tu
977 623 1029 661 es,
1061 623 1082 649 0
1114 613 1300 661 Ruperte,
1331 613 1395 660 qui
1424 613 1462 651 in
1494 613 1658 660 pueritia
1689 618 1725 651 et
1749 614 1789 651 in

231 669 492 708 adulescentia
533 674 598 706 tua
627 670 677 707 ad
707 670 830 707 Deum
861 669 1048 706 anhelasti
1078 669 1116 706 in
1148 670 1283 706 timore
1313 669 1386 706 Dei
1414 674 1451 707 et
1481 670 1520 706 in
1551 670 1790 717 amplexione

227 726 398 764 caritatis
430 730 466 761 et
496 726 536 762 in
570 727 792 763 suavissimo
823 726 940 763 odore
970 725 1153 763 bonorum
1185 736 1355 772 operum.

341 782 405 820 12.
453 782 482 819 Ο
500 783 719 828 Ierusalem,
739 781 1023 819 fundamentum
1046 787 1151 819 tuum
1173 782 1338 829 positum
1369 786 1426 819 est
1448 793 1531 819 cum
1556 782 1737 820 torrentis
1752 780 1787 833 ¹)

224 838 440 887 lapidibus,
483 839 584 884 quod
624 843 682 875 est
723 849 805 875 cum
845 838 1058 885 publicanis
1101 843 1138 874 et
1178 838 1466 886 peccatoribus,
1509 839 1572 886 qui
1612 839 1788 885 perditae

227 905 317 933 oves
359 898 488 943 erant,
533 895 600 932 sed
631 906 701 943 per
731 894 849 932 filium
877 895 951 932 Dei
980 895 1157 931 inventae
1187 895 1237 932 ad
1267 900 1305 931 te
1336 899 1585 932 cucurrerunt
1615 899 1653 931 et
1681 895 1720 932 in
1750 899 1789 932 te

224 951 340 998 positi
368 954 467 987 sunt.

339 1008 404 1045 13.
453 1006 603 1043 Deinde
632 1007 730 1043 muri
761 1007 815 1044 tui
847 1005 1050 1044 fulminant
1077 1007 1172 1045 vivis
1192 1007 1397 1057 lapidibus,
1431 1008 1494 1055 qui
1515 1018 1584 1054 per
1605 1018 1789 1044 summum

228 1064 394 1102 studium
426 1062 548 1099 bonae
581 1063 785 1100 voluntatis
819 1063 926 1110 quasi
957 1064 1075 1101 nubes
1106 1064 1145 1100 in
1177 1064 1280 1102 caelo
1312 1065 1548 1103 volaverunt.

343 1120 408 1159 14,
455 1119 507 1155 Et
545 1118 599 1156 ita
638 1123 763 1156 turres
804 1121 881 1167 tui,
927 1130 949 1156 o
989 1120 1218 1165 Ierusalem,
1258 1120 1416 1157 rutilant
1459 1125 1496 1158 et
1527 1121 1690 1158 candent
1720 1129 1790 1167 per

227 1175 404 1213 ruborem
447 1179 484 1211 et
524 1185 594 1221 per
635 1176 838 1213 candorem
879 1180 1094 1214 sanctorum
1131 1180 1167 1213 et
1198 1187 1266 1223 per
1296 1177 1422 1215 omnia
1452 1181 1673 1214 ornamenta
1701 1176 1787 1223 Dei,

229 1243 326 1279 quae
356 1231 426 1268 tibi
457 1242 532 1268 non
567 1232 714 1281 desunt,
748 1243 769 1269 o
799 1233 1019 1272 Ierusalem.

343 1289 408 1327 15.
457 1287 568 1325 Unde
601 1300 677 1333 vos,
711 1300 732 1326 o
763 1290 888 1326 ornati
920 1293 956 1326 et
978 1300 999 1326 0
1021 1289 1203 1338 coronati,
1235 1289 1298 1336 qui
1319 1288 1500 1327 habitatis
1520 1289 1557 1326 in
1580 1289 1788 1326 Ierusalem

226 1349 277 1391 et,
309 1356 330 1382 0
360 1349 402 1381 tu
433 1344 613 1394 Ruperte,
647 1345 711 1392 qui
742 1356 781 1381 es
813 1346 937 1382 socius
969 1356 1096 1382 eorum
1127 1345 1165 1382 in
1197 1345 1269 1383 hac
1299 1346 1547 1392 habitatione,
1579 1345 1789 1383 succurrite

229 1401 338 1438 nobis
368 1400 640 1438 famulantibus
673 1406 710 1438 et
740 1402 778 1438 in
811 1402 944 1439 exsilio
974 1401 1249 1440 laborantibus.

531 1577 613 1613 334.
651 1578 732 1620 (11.)
767 1578 825 1613 De
851 1578 1043 1614 Undecim
1067 1578 1230 1613 Milibus
1256 1578 1480 1622 virginum.

340 1685 377 1722 1.
426 1683 454 1721 O
496 1683 677 1726 ecclesia,
721 1683 820 1719 oculi
861 1683 916 1720 tui
956 1683 1098 1719 similes
1139 1683 1306 1729 saphyro
1346 1689 1433 1720 sunt
1474 1688 1511 1720 et
1551 1694 1661 1722 aures
1704 1688 1793 1721 tuae

227 1741 345 1778 monti
387 1739 543 1782 Bethel,
588 1745 625 1775 et
665 1750 777 1776 nasus
819 1743 904 1776 tuus
943 1744 998 1776 est
1040 1740 1137 1776 sicut
1166 1750 1273 1777 mons
1304 1751 1454 1777 murrae
1485 1744 1523 1777 et
1554 1741 1650 1778 turis
1681 1746 1717 1778 et
1749 1751 1791 1778 os

216 1800 329 1834 tuum
360 1797 466 1842 quasi
498 1806 610 1832 sonus
640 1807 823 1842 aquarum
854 1796 1068 1835 multarum.

339 1854 376 1890 2.
421 1853 465 1890 In
508 1852 652 1888 visione
694 1862 806 1889 verae
846 1851 936 1889 fidei
976 1853 1117 1891 Ursula
1157 1852 1276 1890 filium
1315 1853 1387 1890 Dei
1428 1853 1569 1890 amavit
1600 1857 1638 1890 et
1668 1854 1790 1890 virum

226 1920 312 1946 cum
353 1909 425 1946 hoc
465 1909 616 1945 saeculo
656 1908 812 1955 reliquit
854 1913 891 1945 et
932 1910 971 1945 in
1013 1910 1129 1946 solem
1170 1909 1320 1956 aspexit
1351 1913 1464 1956 atque
1493 1909 1790 1958 pulcherrimum

226 1966 398 2003 iuvenem
432 1965 582 2002 vocavit
615 1964 765 2001 dicens:

344 2023 381 2060 3.
429 2022 472 2058 In
504 2021 621 2058 multo
654 2021 845 2058 desiderio
878 2021 1094 2059 desideravi
1125 2022 1175 2059 ad
1206 2025 1243 2058 te
1274 2022 1404 2059 venire
1436 2027 1472 2059 et
1503 2022 1541 2059 in
1565 2022 1790 2061 caelestibus
1846 2012 1850 2013 ⁷

227 2078 373 2125 nuptiis
414 2081 536 2114 tecum
569 2078 724 2126 sedere,
766 2088 835 2124 per
865 2078 1026 2115 alienam
1057 2078 1157 2115 viam
1188 2078 1238 2115 ad
1269 2082 1307 2115 te
1338 2089 1493 2115 currens
1525 2079 1626 2116 velut
1656 2079 1789 2130 nubes,

223 2144 326 2185 quae
356 2135 395 2171 in
426 2134 628 2180 purissimo
660 2144 748 2171 aere
780 2134 899 2171 currit
929 2135 1063 2172 similis
1094 2134 1273 2181 saphyro.

338 2193 375 2228 4.
423 2190 474 2228 Et
520 2195 719 2237 postquam
760 2191 903 2229 Ursula
948 2192 1002 2228 sic
1049 2191 1218 2235 dixerat,
1267 2201 1395 2228 rumor
1439 2191 1511 2228 iste
1551 2202 1621 2238 per
1659 2202 1789 2229 omnes

223 2247 384 2294 populos
416 2247 519 2285 exiit.

339 2306 374 2341 5.
422 2303 472 2340 Et
496 2303 697 2341 dixerunt:
721 2303 941 2340 innocentia
958 2303 1142 2350 puellaris
1157 2303 1397 2353 ignorantiae
1414 2304 1547 2351 nescit,
1570 2304 1659 2351 quid
1680 2304 1786 2343 dicit.
1846 2297 1850 2300 ⁴

338 2362 374 2399 6.
422 2359 472 2396 Et
513 2364 718 2406 coeperunt
760 2360 892 2396 ludere
935 2371 1017 2396 cum
1048 2360 1116 2397 illa
1146 2360 1184 2397 in
1215 2371 1352 2407 magna
1383 2361 1628 2408 symphonia,
1669 2371 1789 2408 usque

225 2416 315 2453 dum
347 2417 456 2463 ignea
486 2416 636 2453 sarcina
669 2426 784 2462 super
814 2426 895 2453 eam
928 2417 1079 2456 cecidit.

341 2474 378 2510 7.
422 2472 535 2511 Unde
566 2483 695 2509 omnes
730 2472 1017 2520 cognoscebant,
1051 2473 1138 2520 quia
1169 2476 1406 2520 contemptus
1438 2472 1570 2510 mundi
1601 2476 1657 2510 est
1687 2473 1785 2511 sicut

223 2539 329 2566 mons
362 2529 509 2568 Bethel.
1359 2574 1365 2579 1

340 2586 377 2623 8.
426 2585 475 2622 Et
517 2590 775 2631 cognoverunt
807 2586 917 2622 etiam
946 2585 1212 2623 suavissimum
1243 2585 1398 2622 odorem
1426 2595 1576 2623 murrae
1610 2590 1648 2622 et
1678 2585 1786 2635 turis,

226 2642 402 2688 quoniam
435 2646 670 2688 contemptus
701 2641 831 2678 mundi
864 2652 978 2689 super
1007 2642 1132 2679 omnia
1162 2642 1346 2680 ascendit.

338 2700 380 2737 9.
432 2698 538 2735 Tunc
571 2698 742 2735 diabolus
773 2698 942 2736 membra
972 2709 1057 2736 sera
1089 2699 1238 2746 invasit,
1271 2709 1365 2745 quae
1387 2698 1639 2736 nobilissimos
1664 2707 1788 2736 mores

224 2753 262 2790 in
299 2754 522 2800 corporibus
552 2755 634 2791 istis
666 2755 899 2792 occiderunt.

340 2874 366 2915 ¹)
391 2877 602 2908 torrentibus
629 2878 691 2909 115.
