1914 3223
697 159 746 165 --
808 135 889 176 243
947 158 998 164 -

97 254 134 292 5.
163 253 328 300 Tergere
358 251 522 289 crinibus
553 250 619 288 bos
650 251 784 289 meruit
890 251 925 288 7.
958 250 1111 288 Adnuut
1142 254 1178 287 et
1210 249 1386 297 precibus
1417 248 1562 296 populi,

166 309 245 347 Nec
275 309 396 346 minus
424 317 563 355 ungere
595 307 707 354 digna
733 305 815 353 fuit,
957 306 1135 354 Obsequii
1166 317 1308 344 memor
1339 306 1420 353 ipse
1454 305 1519 352 tui,

129 373 132 376 ’
164 365 300 403 Oscula
332 365 397 403 dat
427 364 576 402 Domini
609 363 781 413 pedibus,
958 363 1105 401 Gaudia
1138 363 1398 410 cum'superis
1430 362 1600 399 tribuens

164 423 288 469 Atque
317 421 386 459 sibi
418 421 562 459 veniam
595 420 790 461 Dominus.
958 418 1627 467 Dansquebonumsinefinemanens.

96 532 133 568 6.
166 530 278 576 Ergo,
311 530 445 575 Maria,
475 539 632 576 precare
663 528 781 566 Deum
887 531 922 568 8.
953 528 1097 575 Gloria,
1129 528 1221 577 laus,
1258 527 1319 574 pie
1350 527 1513 573 Christe,
1547 526 1614 563 tibi

166 586 304 623 Nostra
325 590 479 633 precata
501 584 624 623 ferens
647 585 694 623 ad
719 595 815 626 eum.
957 584 1188 632 Spirituique
1224 584 1378 630 Deoque
1408 583 1520 632 patri,

164 642 335 682 Pondere
351 654 422 690 quo
439 643 620 679 scelerum
639 642 815 690 gravidos
955 642 1025 687 Qui
1053 652 1168 688 super
1188 645 1292 678 astra
1313 640 1443 678 levans
1465 639 1627 678 Mariam

163 697 381 737 Exonerans
412 699 511 737 levet
540 699 588 736 ad
619 709 787 746 superos.
957 698 1168 745 Caeligenis
1202 696 1296 734 facis
1327 697 1424 735 hanc
1456 696 1609 735 sociam.

122 811 130 818 ·
169 805 310 837 Colit-ct.
338 816 396 836 ms.
431 806 711 846 Aquicinetiense
742 814 830 836 saec.
868 802 919 836 12.
970 804 1052 836 Cod.
1087 805 1238 836 Duacen.
1271 802 1349 836 381.
1374 804 1413 834 A.
1443 820 1486 824 —
1510 803 1630 844 Migne

81 851 147 883 PP.
173 850 240 882 LL.
277 849 356 884 139,
391 848 484 882 1019.
513 851 548 882 Β.
574 868 615 873 —
641 848 680 884 6.
712 848 733 880 3
764 861 849 893 quos
876 851 915 881 Α.
945 869 985 873 -
1014 851 1194 891 „Hymnus
1220 851 1418 882 eius-lem
1443 848 1484 880 de
1510 852 1631 880 sancta

80 896 191 928 Maria
216 894 453 936 Magdalenn.“
482 898 519 927 A.

371 1052 452 1088 226⁰.
487 1054 566 1093 (ull.)
603 1053 657 1087 Be
682 1053 824 1088 sancta
849 1052 979 1087 Maria
1002 1052 1332 1096 Responsorium.

262 1163 304 1200 R.
338 1163 426 1199 Flos
456 1164 576 1200 oritur
605 1173 732 1200 roseus
765 1163 812 1200 de
842 1163 948 1211 virga
978 1163 1218 1211 virginitatis,

335 1219 395 1256 Fit
428 1230 520 1266 puer
550 1220 631 1268 ipse
663 1220 776 1263 Deus.
806 1219 848 1256 fit
879 1224 915 1256 et
945 1220 1038 1257 haee
1069 1225 1189 1256 mater
1219 1219 1396 1264 deitatis3

336 1276 396 1313 Sic
427 1276 573 1313 miseris
605 1276 710 1313 nobis
740 1276 912 1314 subvenit
944 1275 1027 1313 fons
1057 1276 1224 1323 pietatis.

266 1332 308 1371 V.
339 1332 554 1380 Hic<super
583 1333 660 1370 alta
690 1333 766 1380 poli
799 1338 847 1372 te.
879 1338 999 1370 mater
1029 1337 1171 1379 sancta,
1203 1333 1344 1370 levavit

336 1388 630 1436 Confugiumque
660 1390 733 1426 reis
765 1395 813 1435 te,
847 1390 952 1437 virgo
983 1389 1106 1436 beata,
1139 1390 1299 1436 paravit.

166 1493 306 1526 eolloct.
332 1505 391 1526 ms.
419 1495 698 1537 Aquicinctiense
723 1506 811 1527 saec.
841 1494 890 1527 12.
939 1496 1022 1530 eod.
1049 1496 1201 1528 Duacen.
1227 1492 1303 1528 381.
1330 1497 1392 1527 mit
1416 1495 1580 1529 Melodie.

163 1674 243 1709 2151.
278 1675 357 1711 (12,
392 1675 448 1710 De
473 1675 592 1710 beata
617 1675 745 1710 Maria
771 1675 933 1718 Virgine
960 1675 1191 1720 Antiphone.
1214 1676 1264 1711 ad
1289 1675 1539 1719 Magnificat.

189 1787 282 1829 Ave,
314 1785 422 1822 stella
453 1786 646 1833 matutina,
994 1787 1050 1824 Tu
1081 1797 1120 1823 es
1150 1797 1239 1824 area
1270 1787 1472 1835 compluta,

191 1842 431 1878 Peccatorum
462 1842 660 1887 medicina,
994 1843 1157 1882 Caelesti
1189 1854 1275 1880 rore
1305 1843 1449 1880 imbuta

191 1897 323 1935 Mundi
355 1898 530 1945 princeps
562 1904 599 1935 et
630 1898 769 1946 regina,
993 1899 1100 1937 Sicco
1129 1904 1254 1937 tamen
1288 1901 1437 1940 vellere,

192 1955 306 2001 Virgo
336 1955 415 1991 sola
447 1955 558 2001 digna
590 1955 676 1997 dici,
898 1958 959 1995 15.
993 1958 1050 1994 Tu
1081 1968 1148 1993 nos
1180 1958 1216 1993 in
1249 1957 1318 1994 hoc
1350 1967 1502 1994 carcere

119 2013 155 2047 5.
188 2010 327 2048 Contra
355 2011 429 2048 tela
459 2011 599 2048 inimici
993 2013 1123 2050 Solare
1153 2014 1333 2062 propitia,

191 2067 356 2113 Clipeam
389 2078 485 2114 pone
516 2068 648 2105 salutis
993 2070 1063 2107 Dei
1093 2070 1206 2116 plena
1237 2070 1372 2118 gratia.

186 2123 289 2160 Tuae
319 2124 465 2160 titulum
498 2124 659 2163 virtutis.
992 2127 1021 2164 O
1053 2137 1193 2173 sponsa
1221 2127 1293 2164 Dei
1325 2127 1456 2174 electa,

185 2179 242 2216 Tu
272 2190 310 2217 es
341 2180 438 2217 enim
470 2180 575 2227 virga
605 2182 719 2230 Iesse,
992 2183 1085 2220 Esto
1116 2183 1224 2220 nobis
1254 2184 1316 2221 via
1346 2189 1450 2222 recta

186 2236 227 2272 ln
259 2247 332 2283 qua
362 2236 464 2274 Deus
495 2235 586 2274 fecit
615 2248 696 2275 esse
893 2241 958 2279 20.
990 2240 1052 2277 Ad
1083 2245 1238 2278 aeterna
1268 2241 1406 2288 gaudia

91 2293 154 2331 10.
185 2294 312 2329 Aaron
343 2293 594 2340 amygdalum,
991 2296 1041 2334 Et
1072 2308 1139 2334 nos
1170 2307 1320 2344 semper
1348 2309 1440 2335 aure
1470 2298 1533 2345 pia

185 2349 318 2386 Mundi
350 2349 484 2386 tollens
514 2351 744 2389 scandalum.
991 2353 1123 2391 Dulcis
1155 2354 1290 2391 exaudi
1321 2355 1456 2395 Maria.

160 2451 300 2486 Colleet.
334 2465 393 2486 nis.
420 2455 453 2486 S.
480 2456 622 2488 Martini
654 2457 696 2489 de
721 2458 860 2500 Campis
885 2468 974 2491 saec.
1002 2457 1088 2492 ¹²s1a.
1139 2460 1222 2492 eod.
1248 2461 1397 2492 Parisin.
1426 2460 1552 2494 17716.
1578 2464 1618 2495 A.

71 2516 111 2521 —
135 2499 239 2541 Trop.
271 2510 330 2531 ms.
360 2501 581 2533 Martialense
614 2512 700 2534 saec.
739 2501 878 2536 11-14,
927 2506 1010 2537 Cod.
1035 2507 1187 2537 Parisin.
1222 2503 1318 2538 1139.
1346 2507 1422 2538 add.
1449 2518 1537 2540 saeC.
1567 2507 1618 2541 13.

70 2545 105 2575 B.
131 2561 175 2567 -—-
198 2544 292 2576 Orat.
328 2557 388 2577 ms.
414 2546 559 2578 Maioris
588 2547 793 2580 Carthusiae
826 2560 915 2582 saec.
948 2549 1033 2583 ¹⁴l15.
1084 2551 1166 2583 Cod.
1192 2552 1507 2594 Gratianopolitan.
1542 2552 1618 2586 181.

67 2589 104 2622 C.
134 2606 173 2610 —
201 2593 285 2621 Orat
328 2602 388 2622 ms.
413 2592 714 2625 Traunkircheuse
745 2596 826 2626 anni
862 2593 958 2627 1523.
1008 2596 1090 2628 Cod.
1116 2596 1356 2629 Vindobonen.
1381 2596 1482 2630 4090.
1506 2600 1549 2631 D.
1575 2617 1619 2622 -—

67 2632 209 2667 Collect.
242 2646 302 2667 ms.
336 2634 592 2669 Lunaelacense
624 2648 712 2670 saec.
749 2638 799 2671 16.
847 2640 927 2672 Cod.
961 2642 1202 2673 Vindobonen.
1234 2640 1333 2674 4100.
1367 2643 1408 2675 E.
1442 2662 1483 2667 —
1516 2646 1616 2677 Brev.

69 2680 272 2712 vivariense
307 2682 387 2723 imp.
420 2682 453 2712 in
491 2683 616 2724 oppido
643 2683 790 2715 Privaeii
828 2683 921 2718 1503.
949 2687 984 2718 F.
1011 2704 1054 2708 —
1076 2686 1097 2718 4
1123 2687 1226 2719 Salve
1251 2689 1349 2730 virgo
1376 2693 1486 2721 mater
1509 2689 1616 2733 digna

66 2724 133 2756 dici
159 2725 200 2756 D.
226 2743 269 2747 —
296 2724 317 2758 8
347 2727 399 2757 bis
427 2726 467 2758 18
492 2727 604 2759 fehlen
634 2729 704 2760 DE.
726 2747 764 2751 —
792 2727 832 2762 21
862 2741 911 2771 sq.
938 2732 1050 2764 fehlen
1081 2733 1154 2763 DE.
1172 2749 1215 2754 —
1234 2733 1304 2765 Der
1327 2734 1457 2773 Grund,
1485 2745 1614 2768 warum

68 2769 122 2801 ich
147 2770 240 2803 diese
266 2772 442 2813 Antiphon
467 2773 588 2805 Petrus
607 2774 824 2807 Venerabilis
849 2779 1007 2815 zuweiae,
1034 2779 1079 2809 ist
1103 2779 1283 2810 einerseits
1310 2779 1364 2810 ihr
1380 2780 1615 2813 Vorkommen

67 2815 101 2846 in
119 2815 167 2853 A,
192 2817 225 2847 in
251 2816 413 2848 welche-m
442 2817 594 2850 mehrere
613 2819 831 2862 Dichtungen
853 2832 921 2854 von
942 2823 1010 2854 ihm
1030 2823 1103 2855 sich
1121 2823 1246 2862 finden,
1271 2824 1513 2864 andererseim,
1539 2826 1614 2859 dass

68 2859 122 2891 ihr
145 2859 211 2892 Stil
235 2861 310 2894 dem
337 2864 494 2906 seinigen
519 2864 697 2897 verwandt.
721 2866 901 2899 erscheint.

1340 2925 1411 2960 16*
