2031 3289
0 2757 23 2940 Ᾰρκ,ῐ.“,’,ι-
0 2714 13 2733 ‚s

1 3193 18 3204 .·
3 3151 6 3156 ⁴
0 2951 22 3139 ἤμων-...Αγ-

580 286 646 324 16.

590 826 654 864 18.

589 1097 655 1134 19.

592 1369 662 1406 20.

590 1638 657 1677 21.

593 1911 663 1947 22.

985 169 1293 209 —498—

680 285 865 331 Humiles,
892 284 1002 320 mites
1033 289 1130 329 sunt,
1163 295 1196 332 0,
1229 294 1340 330 quam
1371 283 1562 327 sublimes,

681 341 825 378 Mundo
858 339 1027 387 despecti
1058 345 1145 378 sunt
1175 350 1197 377 a
1225 350 1284 376 me
1314 340 1514 387 complexi,

681 397 752 443 Qui
782 397 970 443 quondam
1001 397 1078 445 imi,
1111 406 1209 433 nunc
1239 397 1346 434 iuxta
1376 406 1434 432 me
1464 396 1576 442 primi

738 453 849 491 Celso
880 453 1004 489 sedili.

641 585 648 593 .
682 554 856 601 Virgines
887 554 1049 590 mundae
1080 564 1223 590 mecum
1255 565 1365 600 quam
1397 553 1582 590 iucundae

682 611 832 647 Ducunt
865 611 1040 647 choream
1072 610 1250 647 caelicam
1282 621 1351 655 per
1381 609 1516 649 aulam.

682 667 782 704 Mire
814 665 1034 715 fraglantes,
1068 677 1224 703 coronas
1255 671 1446 713 gestantes

741 723 878 769 Meque
909 723 1121 760 laudantes,

687 826 736 861 At
769 824 966 861 viduarum
997 824 1118 871 gloria
1149 827 1335 861 castarum

685 881 931 927 Nequaquam
963 891 1093 928 parva,
1124 880 1192 917 sed
1223 880 1334 916 nimis
1366 885 1420 916 est
1453 891 1600 926 magna,

687 938 789 983 Quae
819 937 968 984 sponsis
999 937 1139 983 spretis
1170 935 1408 983 amplexibus
1440 936 1549 973 laetis

744 995 940 1031 Fruuntur
970 993 1076 1032 meis.

687 1095 781 1132 Sunt
813 1095 901 1131 mihi
935 1095 1032 1142 grati
1063 1094 1183 1131 sancti
1215 1094 1415 1140 coniugati,

687 1153 762 1190 Per
792 1163 884 1199 quos
915 1150 959 1188 fit
988 1155 1099 1188 aucta
1129 1151 1335 1188 Ierusalem
1368 1154 1518 1195 sancta;

692 1208 789 1245 Nam
822 1208 930 1255 prole
960 1207 1093 1244 horum
1125 1217 1300 1244 numerus
1332 1217 1497 1243 meorum

747 1265 893 1303 Crescit
923 1269 1150 1303 sanctorum.

695 1367 769 1403 Sed
803 1366 1037 1403 continentes
1067 1371 1207 1402 motum
1239 1369 1325 1402 sunt
1355 1364 1550 1412 habentes,

690 1423 763 1468 En,
795 1426 850 1460 tot
882 1433 1053 1470 coronas⁷
1085 1427 1173 1469 quot
1206 1422 1331 1459 vicere
1361 1432 1519 1468 pugnas.

691 1480 791 1516 Hinc
824 1479 1017 1521 clariores,
1049 1488 1122 1525 quo
1153 1483 1237 1515 sunt
1269 1478 1462 1525 graviores

747 1537 854 1574 Passi
887 1535 1049 1573 labores.

691 1638 763 1674 Ast
793 1637 1013 1674 innocenter
1044 1637 1174 1673 vixere
1204 1636 1268 1682 qui
1299 1646 1458 1685 semper,

692 1696 877 1740 Quantum
910 1694 1110 1741 laetantur,
1143 1704 1178 1739 o,
1211 1696 1390 1739 quantum
1421 1692 1618 1739 mirantur,

691 1751 799 1796 Quod
830 1754 917 1787 sunt
947 1750 1090 1787 servati
1119 1749 1241 1796 culpis
1269 1760 1291 1786 a
1321 1749 1481 1797 peceati,

751 1807 828 1845 Sub
860 1817 932 1853 quo
963 1810 1051 1843 sunt
1081 1806 1172 1844 nati.

698 1909 791 1946 Sunt
823 1908 1058 1955 paenitentes
1089 1918 1163 1944 non
1196 1907 1317 1944 minus
1346 1907 1554 1953 gaudentes

697 1966 795 2011 Ipsis
828 1964 1018 2001 mundatis
1050 1963 1195 2001 cunctis
1226 1975 1248 2000 a
1278 1963 1457 2010 peccatis,

697 2022 798 2059 Hinc
828 2021 1033 2068 gloriantes
1064 2031 1197 2067 meque
1229 2016 1525 2072 [ool]laudautes

751 2078 846 2115 Sunt
875 2077 1091 2116 iubilanteS.

657 2212 664 2219 .
698 2180 836 2216 Servus
868 2190 911 2216 ac
941 2179 1050 2222 liber⁷
1083 2179 1253 2225 locuples
1284 2183 1320 2214 et
1351 2188 1508 2224 pauper,

699 2236 818 2273 Nemo
849 2241 1040 2283 exceptus,
1075 2235 1238 2272 cuiusvis
1270 2235 1318 2272 sit
1349 2244 1473 2282 sexus,

697 2292 864 2340 Quilibet
895 2293 986 2329 satis
1019 2292 1132 2329 habet
1164 2291 1350 2329 claritatis

755 2350 797 2386 In
830 2360 944 2396 regno
975 2349 1091 2395 pacis.

602 2448 666 2484 24.
700 2447 770 2494 En,
805 2456 947 2481 mecum
980 2455 1107 2481 omnes
1140 2444 1271 2481 caelici
1302 2454 1399 2480 nunc
1431 2443 1543 2488 cives,

603 2712 668 2749 25.

701 2506 816 2547 Quam
850 2503 942 2538 miro
974 2502 1150 2547 gaudent,
1182 2500 1347 2547 pleniter
1378 2499 1440 2546 qui
1472 2499 1624 2540 habent,

701 2559 805 2605 Quod
839 2564 1031 2604 optavere,
1064 2569 1226 2604 unquam
1259 2557 1443 2597 obtinere,

757 2615 914 2661 Quando
947 2615 1086 2652 vixere.

702 2712 857 2748 'serram
891 2710 1117 2757 spernendo,
1152 2710 1299 2756 superis
1332 2709 1522 2746 haerendo

705 2769 759 2805 Rc
791 2780 888 2804 nune
920 2767 1077 2808 coneris,
1110 2771 1150 2802 ut.
1184 2771 1335 2803 sanetus
1368 2766 1552 2812 proberis,

703 2825 759 2861 'l‘u
791 2825 975 2861 claritatis
1007 2824 1100 2860 caeli
1134 2834 1214 2859 cuin
1247 2822 1365 2860 beatis

766 2882 959 2926 l’urticeps
992 2884 1026 2916 ut
1062 2880 1124 2916 sis.
