2031 3289
0 2711 13 2774 13⁵

0 2791 13 2897 ἐξ

5 2918 12 2955 ².

0 2959 10 2990 ¹i

0 2990 17 3070 ἓ,

981 200 1035 205 -
1093 176 1177 218 484
1237 202 1287 206 --

371 290 438 327 23.
471 290 626 327 Interna
655 290 842 336 sapientia
1185 294 1252 332 26.
1283 293 1389 330 Mala
1419 294 1611 332 detestans
1643 299 1787 341 caveat,

468 346 587 384 Facie
617 346 719 383 lucet
747 346 795 383 ab
827 351 948 393 extra,
1283 349 1390 386 Bona
1420 360 1573 387 servare
1604 352 1756 389 studeat

469 401 571 447 Quae
600 403 708 439 testis
740 407 797 438 est
828 404 1005 447 exterius,
1284 406 1567 453 Instantemque
1594 407 1871 445 hebdomadam

468 458 591 495 Homo
622 458 744 505 qualis
774 459 946 495 interius.
1285 461 1430 499 Novam
1461 467 1570 509 putet
1596 464 1782 502 militiam.

369 562 437 598 24.
469 560 541 597 Est
569 570 715 606 quoque
746 559 827 596 Tau
857 559 1007 596 vivifico
1183 562 1248 600 27.
1282 562 1419 600 Intime
1449 574 1596 610 quoque
1626 564 1800 614 gaudeat,

467 616 672 662 Insignitus
703 615 907 662 signaculo,
1281 618 1389 663 Quod
1431 619 1554 656 adhuc
1584 625 1732 668 tempus
1762 620 1916 669 habeat,

464 673 636 709 Prodens
645 672 802 721 perhoc‚
813 673 913 718 quod
922 674 1098 720 proprius
1282 673 1499 712 Profectum
1530 686 1642 722 posse
1673 675 1799 713 facere

467 729 525 766 Sit
556 728 726 766 crucifixi
757 729 941 768 servulus,
1281 730 1374 768 Tam
1405 732 1550 778 gratiae
1581 743 1690 779 quam
1721 733 1876 780 gloriae.

366 832 432 869 25.
468 830 708 867 Praesentem
739 840 844 866 mens
872 829 1097 867 dominicam
1181 832 1247 870 28.
1280 832 1352 869 His
1383 832 1456 878 piis
1485 833 1675 870 exercitiis

466 888 668 933 Comparet
696 886 746 923 ad
776 887 1032 936 praeteritam,
1281 888 1466 934 Occupari
1498 899 1603 926 mens
1633 889 1783 926 humilis

466 943 620 988 Penset,
652 946 833 989 quantum
863 941 1082 993 profecerit,
1282 944 1355 981 Die
1387 945 1500 982 debet
1531 946 1730 991 dominico,

467 999 654 1045 Quantum
687 1009 833 1046 quoque
865 997 1060 1038 defecerit.
1284 1001 1380 1038 Dum
1412 1013 1541 1038 manus
1573 1006 1698 1040 cessat
1726 1002 1838 1043 actio.

791 1102 857 1140 29,
890 1101 975 1138 Tibi
1009 1099 1148 1140 factori
1179 1105 1405 1151 temporum,

891 1158 961 1203 Qui
992 1168 1081 1195 vera
1111 1158 1216 1205 quies
1248 1159 1442 1205 mentium,

891 1213 947 1251 Sit
978 1214 1074 1260 laus,
1106 1214 1226 1252 honor
1257 1220 1294 1252 et
1323 1216 1447 1262 gloria

892 1272 974 1308 Hac
1005 1271 1067 1308 die
1099 1275 1136 1308 et
1165 1271 1204 1308 in
1235 1272 1399 1311 saecula.

439 1371 523 1403 eod.
550 1370 749 1403 Carolsruh.
775 1368 841 1403 368
867 1372 931 1402 mit
954 1371 1035 1403 Mel.
1060 1387 1101 1393 —
1131 1370 1183 1411 14,
1207 1370 1230 1404 4
1255 1373 1323 1412 Qui
1349 1377 1383 1405 et
1407 1374 1535 1405 omnia.

674 1526 756 1563 420.
792 1526 873 1570 (13.)
908 1527 954 1561 In
979 1527 1117 1563 diebus
1143 1527 1369 1563 celebribus
1394 1528 1575 1572 hymnus.

362 1634 400 1671 1.
429 1633 474 1669 In
508 1632 640 1670 diebus
672 1633 884 1670 celebribus
1205 1635 1243 1674 6.
1276 1632 1411 1679 Speret
1442 1633 1520 1670 eius
1551 1634 1802 1681 praesentiam

431 1689 664 1727 Cessandum
697 1693 754 1726 est
784 1690 831 1727 ab
861 1689 1009 1728 actibus
1276 1690 1423 1727 Timeat
1455 1696 1491 1726 et
1522 1690 1743 1739 absentiam,

432 1746 571 1783 Vetitis
603 1750 640 1782 et
670 1746 830 1796 illicitis,
1276 1745 1460 1783 Referens
1490 1748 1538 1784 ad
1570 1747 1669 1784 hunc
1699 1747 1824 1784 omnia

428 1802 553 1849 Quieti
580 1803 717 1840 mentis
748 1803 891 1842 nocuiS.
1277 1803 1350 1841 Seu
1380 1804 1542 1841 adversa
1571 1814 1636 1841 seu
1666 1813 1862 1851 prospera.

361 1906 397 1943 2.
431 1904 677 1951 Nequaquam
709 1909 799 1941 tunc
833 1915 937 1942 mens
969 1910 1089 1956 exeat,
1207 1906 1244 1944 7.
1276 1906 1411 1943 Penset
1444 1905 1483 1941 in
1513 1916 1554 1942 se
1584 1905 1771 1951 subtilius,

431 1960 507 1998 Sed
538 1961 699 1998 collecta
728 1966 950 2009 permaneat
1275 1962 1372 2008 Quid
1404 1961 1477 1998 sibi
1507 1962 1592 2008 pius
1622 1961 1805 1999 Dominus

425 2018 542 2064 Apud
573 2028 655 2054 sese
686 2018 724 2054 in
754 2018 898 2055 intimis
1275 2018 1438 2055 Dederit
1468 2028 1534 2055 seu
1565 2018 1762 2065 dimiserit,

429 2075 577 2112 Clausis
608 2073 780 2111 sensibus
812 2074 993 2121 corporis.
1276 2075 1374 2122 Quid
1407 2075 1514 2111 dabit
1543 2085 1588 2112 ac
1618 2074 1846 2121 promiserit.

357 2178 396 2215 3.
427 2176 567 2223 Quidni
599 2187 703 2213 mens
735 2182 824 2214 tunc
855 2177 1060 2224 praecipue
1203 2178 1239 2215 8.
1273 2177 1391 2214 Dedit
1421 2177 1494 2214 sibi
1525 2178 1722 2215 innumera

425 2233 580 2270 Interna
611 2234 746 2270 mentis
776 2235 904 2280 requie
1270 2234 1459 2271 Bonorum
1491 2233 1685 2283 beneficia,

427 2290 577 2327 Cultum
607 2290 741 2327 adoret
772 2301 842 2338 per
873 2291 974 2336 pium
1269 2291 1438 2337 Quitavit
1467 2291 1564 2327 lianc
1593 2302 1616 2328 a
1646 2290 1760 2337 vitiis,

425 2346 545 2383 Deum
577 2350 614 2382 et
644 2357 750 2383 suum
783 2347 987 2384 dominum.
1271 2347 1386 2384 Bonis
1419 2347 1557 2384 ditabit
1586 2347 1763 2386 aeternis.

356 2450 394 2485 4.
428 2448 538 2485 Ratio
571 2453 607 2485 et
638 2449 830 2496 memoria,
1204 2450 1240 2488 9.
1271 2449 1381 2486 Dona
1410 2449 1580 2486 revolvat
1610 2448 1753 2488 intime.

427 2505 608 2541 Voluntas
641 2515 787 2552 quoque
819 2505 941 2543 libera
1273 2506 1365 2542 Tam
1398 2510 1554 2543 naturae
1581 2516 1691 2552 quarn
1722 2504 1880 2556 gratiae,

423 2561 569 2597 Vacent
600 2566 690 2598 tunc
720 2562 801 2599 Deo
832 2562 983 2608 penitus
1271 2563 1374 2608 Quae
1405 2563 1587 2599 malorum
1619 2562 1817 2608 supplicia,

424 2618 530 2654 Totis
562 2619 708 2655 animae
739 2618 899 2657 viribus.
1271 2622 1373 2665 Quae
1404 2619 1586 2656 bonorum
1618 2622 1655 2654 et
1685 2617 1866 2665 praemia.

352 2722 390 2756 5.
424 2718 550 2756 Solum
584 2720 621 2756 in
653 2720 734 2757 Deo
765 2721 940 2768 gaudeat,
1170 2723 1235 2762 10,
1269 2722 1418 2762 Penset,
1450 2727 1491 2757 ut
1522 2721 1614 2757 haec
1643 2720 1857 2767 acquireret

423 2776 533 2811 Ilunc
564 2777 767 2813 offendisse
800 2777 938 2821 doleat,
1267 2778 1317 2814 Et
1348 2782 1389 2814 ut
1420 2778 1486 2814 illa
1517 2778 1709 2822 evaderet,

422 2834 533 2877 Spem
567 2833 811 2880 timoremque
842 2834 1030 2881 integrum
1266 2834 1479 2871 Tormentis
1511 2845 1619 2880 quam
1652 2833 1874 2870 crudelibus

421 2889 462 2924 ln
495 2900 599 2925 suum
634 2895 754 2926 vortat
790 2891 1002 2929 Dominum.
1266 2891 1314 2928 Sc
1345 2890 1519 2937 exposuit
1552 2890 1746 2928 Dominus.
