2031 3289
947 173 1225 212 „44-

641 288 677 326 7.
710 287 811 324 Laus
843 287 962 323 honor
993 285 1092 332 patri
1124 284 1311 332 parilique
1341 283 1452 333 proli,

712 343 797 381 Una
827 343 1016 380 maiestas.
1051 341 1182 378 eadem
1213 344 1394 387 potestas,

713 399 805 437 Cum
837 398 970 445 quibus
1002 402 1153 433 sanctus
1185 397 1295 433 simul
1325 396 1457 443 implet
1486 406 1632 433 omnem

773 455 937 501 Spiritus
968 453 1110 491 orbem.

403 547 504 578 Brev.
534 556 594 577 ms.
626 545 825 577 Strumense
852 553 941 574 saec.
970 541 1021 574 11.
1070 541 1151 573 Cod.
1175 542 1401 573 Laurentian.
1428 542 1535 574 Conv.
1560 550 1634 583 sup.
1660 539 1736 574 524.
1761 542 1802 574 A.
1827 559 1872 564 —

315 592 412 624 Orat.
437 602 498 623 ms.
519 591 710 631 Campense
738 590 820 621 anni
849 585 944 619 1462.
988 587 1071 620 Cod.
1090 587 1345 618 Darmstadien.
1369 585 1444 618 521.
1463 588 1500 618 Β.
1521 605 1562 609 —
1582 588 1700 629 Migne
1717 587 1740 618 1.
1759 597 1787 618 e.
1805 585 1873 620 954

314 647 365 679 sq.
384 636 420 669 C.
445 654 490 658 ——
515 635 546 674 2,
571 633 592 666 2
609 635 711 666 Orbis
729 638 763 665 et
779 638 889 665 terras
908 633 934 663 A
954 633 990 665 C.
1017 651 1060 655 —
1085 630 1115 670 3,
1144 631 1160 663 1
1181 634 1378 664 Daemonas
1396 633 1436 664 A.
1461 649 1504 653 —
1527 630 1560 672 4,
1588 630 1603 663 1
1631 642 1648 664 e
1666 632 1751 664 fehlt
1770 634 1808 664 B.
1829 650 1875 654 —

315 680 346 723 5,
373 679 394 713 2
420 683 455 712 in
479 681 565 713 fehlt
588 680 628 711 A.
654 698 696 702 —
723 678 751 717 6,
780 678 796 709 1
825 678 911 709 caeli
938 687 1096 719 proceres
1121 678 1160 709 B.

798 831 854 867 39.
889 833 971 875 (24.)
1009 831 1057 866 De
1084 834 1210 869 sancto
1237 833 1390 868 Donato.

1146 940 1186 977 4.
1220 939 1307 975 Vita
1338 938 1463 974 clarus
1495 942 1531 974 et
1561 937 1728 974 moribus

1215 995 1436 1032 Hilarianus
1467 993 1687 1042 monachus,

1217 1053 1304 1089 Iure
1335 1049 1485 1087 functus
1516 1050 1670 1097 hospitii

1216 1107 1279 1143 Fit
1312 1118 1464 1144 consors
1495 1112 1531 1143 et
1561 1107 1748 1154 martyrii.

320 941 372 980 .1.
405 940 566 986 Donate,
599 939 704 976 sidus
735 949 904 988 aureuml

401 995 554 1042 Martyr
585 1000 622 1032 et
651 996 779 1043 proles
810 999 1032 1043 martyrum,

401 1052 476 1090 Sed
511 1063 602 1099 quos
633 1052 682 1089 ad
713 1051 825 1089 fidem
849 1051 1059 1099 praevenis,

398 1109 588 1155 Martyrio
618 1108 872 1155 praecederis.

332 1203 370 1239 2.
403 1198 535 1245 Nobis,
566 1198 719 1245 praesul
750 1198 912 1245 egregie,

401 1255 527 1293 Decus
558 1259 594 1292 et
625 1255 690 1292 lux
721 1254 915 1303 eeclesiae,

406 1312 494 1350 Tibi
525 1310 623 1348 festa
653 1310 863 1348 colentibus

403 1368 529 1406 Sacris
560 1378 737 1405 succurre
767 1367 958 1414 precibus.

332 1461 370 1499 3.
407 1459 478 1505 Qui
509 1459 576 1495 das
608 1458 789 1495 trimestri
822 1461 990 1494 mortuae

405 1515 504 1553 Viva
534 1514 651 1552 verba
683 1515 922 1561 depromere,

405 1571 605 1610 Resuscita
635 1582 705 1618 per
736 1571 911 1617 spiritum

405 1628 580 1675 Sepultos
611 1628 708 1664 mole
740 1627 951 1665 criminum.

1177 1228 1185 1236 .
1218 1198 1293 1234 Vos
1326 1197 1450 1234 clarae
1480 1196 1610 1233 mundi
1639 1197 1834 1244 lampades

1221 1254 1399 1298 caelique
1431 1253 1505 1290 vivi
1535 1253 1696 1300 lapides,

1219 1310 1297 1347 Nos
1329 1309 1500 1346 infelices
1529 1310 1674 1346 meritis

1221 1366 1368 1404 Vestris
1400 1367 1517 1403 ascite
1549 1366 1738 1413 praemiis.

1182 1487 1188 1495 .
1223 1457 1280 1494 Sit
1309 1457 1408 1503 patri
1439 1457 1521 1493 laus
1550 1456 1732 1504 ingenito,

1221 1513 1277 1551 Sit
1311 1514 1423 1550 decus
1454 1513 1660 1560 unigenito,

1220 1570 1277 1607 Sit
1307 1570 1502 1616 utriusque
1532 1570 1644 1616 parili

1219 1626 1401 1663 Maiestas
1433 1637 1577 1663 summa
1605 1624 1759 1665 flamini.

408 1729 508 1760 Brev.
538 1739 600 1759 ms.
627 1727 827 1759 strumense
853 1738 941 1759 saec.
970 1725 1021 1759 11.
1071 1727 1154 1758 cod.
1178 1728 1405 1758 Laurentian.
1432 1728 1538 1758 Conv.
1566 1737 1639 1768 sup.
1666 1725 1742 1759 524.
1768 1726 1809 1759 A.
1834 1743 1879 1748 —

317 1774 415 1806 Orat.
445 1784 507 1806 ms.
534 1773 725 1814 Campense
758 1774 840 1804 anni
875 1770 970 1804 1462.
1020 1772 1102 1804 Cod.
1129 1772 1384 1804 Darmstadien.
1416 1770 1492 1803 521.
1518 1772 1556 1803 B.
1584 1790 1625 1794 —
1652 1773 1770 1814 Migne
1803 1772 1825 1804 1.
1850 1783 1879 1803 c.

283 1877 287 1879 .
318 1817 396 1896 2551.
422 1817 647 1896 gas—BQ—‘le
672 1818 815 1860 Sepulto
841 1818 881 1849 A.
907 1835 949 1839 —
973 1816 1013 1856 4,
1054 1815 1069 1848 1
1097 1819 1180 1849 Vita
1205 1818 1263 1849 lux
1289 1821 1323 1848 et
1348 1818 1500 1849 moribus
1528 1818 1573 1855 B,
1600 1817 1691 1850 lueet
1716 1822 1749 1850 et
1774 1817 1811 1850 C.
1837 1834 1882 1839 —-

815 1962 875 1997 40.
912 1962 993 2005 (25.)
1029 1961 1079 1998 De
1104 1963 1230 1998 saneto
1257 1960 1390 1997 Fidele.

341 2070 377 2110 1.
409 2069 550 2116 Magna
579 2069 725 2107 Fidelis
756 2068 891 2106 merita

412 2126 548 2164 Sancta
579 2125 717 2172 promit
751 2125 924 2174 ecclesia,

410 2182 480 2228 Qui
511 2188 631 2219 morte
662 2186 819 2218 mortem
850 2181 1019 2228 perdidit

410 2239 462 2276 Et
493 2239 614 2275 victor
643 2243 746 2275 astra
777 2239 896 2285 petiit.

1155 2069 1192 2107 4.
1224 2068 1417 2114 Quendam
1450 2077 1495 2104 ex
1529 2066 1768 2104 carnificibus

1223 2125 1346 2162 Malus
1377 2124 1524 2161 invadit.
1555 2124 1723 2173 spiritus,

1223 2181 1314 2218 Mox
1345 2191 1477 2218 sacrae
1507 2180 1638 2228 glebae
1668 2180 1848 2227 iungitur,

1223 2237 1318 2275 Dira
1349 2238 1467 2285 pestis
1499 2237 1727 2275 excluditur.

342 2331 379 2368 2.
410 2329 571 2367 Abiecto
603 2328 726 2365 carnis
757 2339 870 2365 onere
1157 2330 1193 2367 5.
1227 2327 1362 2365 Cordis
1393 2328 1543 2374 orisque
1575 2326 1752 2373 precibus

410 2385 516 2423 Stola
546 2385 706 2422 vestitur
736 2385 890 2433 gloriae,
1227 2384 1292 2429 Te⁷
1326 2389 1470 2431 martyr
1500 2384 1608 2427 alme,
1642 2383 1815 2430 petimus,

414 2442 544 2479 Tersis
575 2441 622 2479 ab
654 2452 718 2478 ore
748 2441 914 2478 lacrimis
1227 2440 1305 2477 Nos
1336 2445 1400 2477 tua
1429 2451 1499 2487 per
1529 2440 1687 2487 vestigia

412 2499 522 2536 Veris
554 2498 698 2545 potitur
730 2498 890 2545 gaudiis.
1225 2496 1289 2534 Ad
1320 2497 1419 2535 vitae
1451 2497 1566 2534 ducas
1598 2498 1778 2544 praemia.

342 2591 380 2628 3.
413 2589 465 2628 Ut
497 2599 584 2625 ense
616 2599 745 2625 caesus
775 2589 946 2637 moritur,
1160 2588 1197 2624 6.
1231 2587 1287 2624 Sit,
1314 2588 1414 2633 patri
1446 2588 1526 2624 laus
1557 2587 1736 2634 ingenito,

413 2645 533 2683 Saeva
563 2649 768 2691 tempestas
799 2645 933 2694 oritur,
1226 2641 1283 2682 Sit
1319 2645 1432 2681 decus
1462 2644 1666 2690 unigenito,

414 2701 477 2739 Sic
508 2702 719 2739 intentatur
749 2701 874 2748 impiis
1228 2701 1282 2738 Sit
1314 2701 1509 2747 utriusque
1540 2701 1653 2747 parili

412 2758 592 2795 Vindicta
622 2758 710 2795 iusti
741 2758 890 2795 iudicis.
1226 2757 1409 2794 Maiestas
1441 2768 1584 2794 summa
1614 2755 1770 2795 flamini.

417 2848 535 2889 Mignc
560 2848 582 2878 l.
609 2858 636 2878 c.
663 2845 729 2878 956
747 2858 796 2889 sq.
813 2848 852 2879 Α.
879 2865 920 2870 -
940 2848 1153 2889 Lipomanus
1179 2847 1200 2878 l.
1220 2857 1246 2877 c,
1268 2844 1333 2877 *2515
1343 2858 1373 2878 .·ι.
1394 2848 1428 2878 B.
1455 2865 1499 2868 —
1522 2845 1562 2886 4,
1587 2844 1607 2878 3
1626 2850 1764 2878 sanctae
1782 2847 1822 2879 Β.
1839 2862 1883 2868 -

327 2890 378 2925 Zu
402 2893 471 2925 Str.
500 2891 519 2923 5
546 2893 612 2934 vgl.
635 2893 694 2925 Nr.
722 2891 775 2927 31,
803 2894 869 2924 Str.
894 2891 915 2924 4
941 2892 1009 2923 und
1035 2893 1094 2924 Nr.
1119 2890 1173 2930 34,
1200 2894 1266 2923 Str.
1292 2891 1323 2922 Γ).
