1914 3223
709 221 751 225 —
814 198 893 238 411
959 221 1012 226 —

582 332 665 369 362.
701 332 759 376 (1.)
796 332 871 368 Die
897 332 1124 368 Dominica.

681 404 747 442 Ad
775 404 1035 443 Nocturnum.

85 504 118 543 1.
150 505 180 543 O
210 503 392 542 trinitatis
422 505 554 552 gloria,
898 507 937 546 4.
970 506 1100 555 Virgo,
1132 506 1209 543 Deo
1241 506 1462 553 gratissima

153 561 337 599 Caelestis
369 562 483 599 decus
515 562 654 612 curiae,
971 562 1213 606 Cunctorum,
1246 573 1340 610 quae
1372 566 1580 611 creaverat,

154 617 302 665 Sponsa
331 618 432 665 regis
463 619 638 656 altissimi
969 619 1050 656 Sibi
1081 625 1208 668 gratos
1239 630 1306 656 nos
1337 618 1459 666 effice,

153 674 293 722 Suique
323 682 444 713 mater
475 675 556 725 filii,
972 676 1071 721 Quos
1103 676 1284 723 sanguine
1316 677 1543 715 redemerat.

86 778 124 816 2.
158 775 213 814 Te
244 775 345 813 Deus
376 776 424 813 ab
457 776 563 814 initio
908 779 944 815 5.
976 777 1115 825 Maria,
1148 782 1269 814 mater
1298 777 1456 826 gratiae,

158 832 290 871 Sanxit
321 833 490 880 reginam
521 834 676 881 gloriae,
976 834 1104 871 Mater
1135 834 1432 881 misericordiae,

155 889 276 936 Super
308 895 455 937 cuncta,
488 901 583 937 quae
615 889 772 938 fecerat,
976 890 1033 927 Tu
1064 901 1132 928 nos
1163 891 1211 928 ab
1243 891 1350 927 hoste
1381 894 1538 938 protege

156 946 211 984 Te
243 947 432 984 dominam
461 952 699 994 patraverat.
977 947 1029 984 Et
1059 947 1153 985 hora
1184 948 1316 984 mortis
1348 948 1512 994 suscipe.

86 1049 123 1088 3.
153 1047 267 1086 Unde
298 1048 390 1095 poli,
423 1048 549 1095 tellus,
581 1059 687 1086 mare
907 1051 944 1087 6.
976 1048 1109 1086 Gloria
1139 1048 1221 1098 tibi,
1254 1048 1428 1095 Domine,

151 1105 205 1142 Et
235 1105 421 1152 quidquid
452 1105 490 1141 in
523 1115 563 1142 se
595 1105 801 1152 continent,
979 1105 1050 1151 Qui
1081 1109 1190 1143 natus
1222 1116 1261 1142 es
1295 1105 1341 1142 de
1372 1105 1532 1152 virgine,

157 1161 212 1199 Te
242 1161 400 1199 laudant
430 1162 512 1198 iure
545 1162 674 1199 debito
979 1162 1070 1199 Cum
1104 1168 1225 1211 patre,
1259 1165 1390 1199 sancto
1421 1162 1559 1208 spiritu

155 1218 249 1256 Tam
280 1222 428 1265 gratam
459 1230 603 1256 summo
637 1219 812 1260 Domino.
979 1220 1024 1256 In
1055 1219 1286 1265 sempiterna
1318 1219 1482 1257 saecula.

161 1304 192 1346 3,
217 1304 238 1339 2
263 1307 310 1339 Et
333 1307 419 1339 fehlt
443 1308 500 1340 bei
525 1308 736 1350 Klemming,
762 1308 861 1340 nicht
885 1309 969 1341 aber
994 1310 1030 1340 in
1056 1309 1171 1340 seiner
1189 1308 1331 1348 Quelle,
1357 1309 1514 1341 continet
1537 1309 1575 1341 C.
1600 1326 1648 1334 —·

72 1350 109 1391 4,
141 1350 156 1384 1
184 1353 250 1384 Dei
275 1354 319 1385 D.
350 1370 388 1374 -
413 1352 453 1392 4,
486 1351 508 1385 4
541 1354 728 1386 redimerat
753 1354 789 1386 C.
817 1371 860 1375 ——
886 1353 924 1392 5,
957 1351 979 1385 4
1002 1354 1050 1386 Et
1075 1355 1110 1385 in
1135 1354 1222 1386 hora
1247 1353 1283 1386 C.
1316 1373 1352 1377 —
1379 1354 1446 1386 Str.
1472 1353 1492 1386 5
1517 1354 1588 1386 und
1613 1353 1644 1394 6,

73 1397 200 1429 welche
225 1398 495 1442 Entlehnungen
531 1409 594 1430 aus
628 1400 761 1431 alteren
786 1400 950 1441 Hymnen
975 1399 1071 1438 sind,
1106 1400 1239 1431 kehren
1263 1400 1316 1431 als
1341 1400 1445 1432 letzte
1471 1400 1645 1441 Strophen

73 1444 110 1475 in
135 1442 249 1484 jedem
274 1444 383 1476 Liede
408 1445 468 1476 des
494 1445 618 1476 Petrus
644 1445 747 1477 Olavi
774 1445 903 1477 wieder
928 1445 998 1477 und
1024 1445 1101 1477 sind
1126 1447 1163 1476 in
1188 1445 1249 1477 der
1274 1445 1381 1487 Folge
1407 1447 1454 1477 im
1478 1445 1646 1477 Abdruck

74 1489 312 1531 fortgelassen.
340 1507 380 1511 —
405 1490 607 1532 Klemming
632 1491 679 1525 II,
707 1488 781 1522 138.

585 1647 668 1683 363.
707 1647 764 1690 (2.)
798 1647 872 1682 Die
897 1647 1125 1682 Dominica.

725 1719 791 1756 Ad
819 1719 991 1757 Laudes.

98 1820 134 1858 1.
164 1820 278 1858 Alme
306 1824 429 1868 pater,
460 1821 524 1868 qui
554 1821 673 1859 filium
916 1823 953 1862 3.
986 1822 1045 1859 Ne
1076 1833 1177 1859 mors
1207 1822 1358 1859 incaute
1389 1821 1542 1859 veniens

164 1876 308 1914 Fecisti
339 1878 571 1925 unigenitum
983 1879 1122 1916 Mortis
1154 1889 1238 1915 reos
1269 1884 1478 1925 perpetuae

163 1934 282 1971 Nasci
311 1946 381 1981 pro
412 1935 520 1972 nobis
552 1935 700 1973 miseris
984 1936 1171 1981 Inveniat,
1200 1947 1270 1973 nos
1299 1934 1443 1972 faciens

164 1990 223 2028 Ex
257 1991 342 2028 alvo
370 1997 498 2029 castae
530 1993 702 2040 virginis,
986 1993 1073 2030 Vita
1104 2003 1236 2029 carere
1266 1992 1424 2039 gloriae.

98 2082 134 2120 2.
165 2081 225 2119 Da
254 2081 363 2119 nobis
393 2086 433 2119 te
464 2083 624 2130 diligere
915 2085 953 2123 4.
987 2083 1113 2120 Patris
1143 2082 1298 2129 natique
1326 2083 1495 2130 spiritus,

169 2137 323 2186 Semper
353 2151 423 2186 pro
452 2144 559 2177 tanto
589 2150 756 2189 munere,
982 2140 1037 2177 Te
1067 2140 1208 2178 nostris
1239 2138 1340 2176 infer
1371 2139 1562 2187 cordibus,

166 2194 306 2232 Natum
337 2207 423 2233 cum
452 2202 574 2234 matre
605 2197 742 2246 colere,
985 2197 1086 2242 Quos
1116 2197 1288 2243 purgasti
1318 2196 1558 2244 baptismate,

170 2250 280 2290 Caste
309 2263 354 2290 ac
382 2253 444 2300 pie
475 2254 615 2292 vivere.
987 2254 1068 2290 Tuo
1100 2253 1187 2291 fove
1216 2253 1432 2291 carismate.

110 2327 112 2329 ,
173 2339 204 2381 4,
230 2339 252 2373 4
277 2341 401 2375 Carere
425 2344 519 2375 vitae
545 2344 588 2375 D.
614 2360 657 2366 -—
682 2343 884 2386 Klemming
906 2344 953 2383 II,
981 2341 998 2375 1
1020 2354 1053 2375 u.
1079 2343 1101 2374 f.

594 2499 676 2536 364.
712 2499 770 2543 (3.)
805 2500 879 2535 Die
903 2499 1132 2537 Dominica.

745 2570 812 2610 Ad
839 2572 987 2612 Horas.

106 2670 142 2709 1.
171 2672 201 2709 Ο
233 2673 448 2711 veneranda
478 2673 642 2720 trinitas,
921 2676 958 2712 2.
992 2674 1111 2720 Quam
1142 2677 1300 2711 matrem
1331 2678 1419 2711 ante
1450 2673 1600 2711 saecula

172 2728 202 2766 Ο
231 2729 344 2766 trium
374 2741 450 2767 una
481 2731 616 2777 deitas,
987 2731 1102 2768 Lucis
1133 2735 1310 2767 aeternae
1341 2741 1534 2779 sanxems,

173 2784 310 2823 Lustra
342 2797 431 2824 vero
461 2798 529 2824 nos
560 2787 701 2824 lumine
991 2788 1046 2826 Ut
1076 2787 1175 2824 bona
1205 2797 1356 2834 semper
1385 2797 1499 2834 agere

174 2840 249 2879 Pro
277 2842 434 2890 virginis
465 2844 694 2891 precamine,
994 2845 1212 2891 Cernamus,
1244 2844 1344 2881 mala
1376 2842 1520 2891 fugere.

178 2929 375 2974 Klemming
396 2933 443 2972 11,
468 2930 499 2965 6.
