1914 3223
130 267 166 304 3.
201 265 256 302 Ex
287 268 388 301 terra
419 262 544 300 vivere

256 321 403 368 plantas
433 317 678 365 agnoscimus,

200 378 353 414 (lroatas
383 375 506 418 hodie,

256 443 346 480 quas
376 442 457 469 esse
488 430 657 477 legimus,

202 490 249 527 let
280 490 391 527 vitam
425 487 539 525 Israel

256 551 442 583 terrenam
474 544 633 592 duxerit,

201 603 312 639 cuius
343 601 540 648 promissio

256 664 405 695 terrena
436 656 561 695 fuerit.

223 766 247 796 Β
273 765 329 796 fol.
356 763 440 796 8512.

865 145 940 185 159

938 262 975 298 4.
1008 259 1168 296 Perenni
1199 258 1358 296 Domino

1064 326 1201 363 perpes
1231 315 1280 351 sit.
1306 314 1439 361 gloria,

1005 372 1062 409 Ex
1095 384 1167 419 quo
1199 372 1297 417 sunt,
1339 381 1408 417 per
1437 380 1545 416 quem
1578 374 1678 417 sunt,

1064 429 1099 466 in
1131 440 1202 475 quo
1233 432 1319 465 sunt
1349 427 1494 464 omnia:

1008 485 1065 522 Ex
1097 496 1167 532 quo
1198 488 1296 534 sunt,
1330 489 1437 531 pater
1468 487 1537 531 est,

1064 552 1133 589 per
1163 552 1271 589 quem
1303 544 1401 589 sunt,
1435 539 1547 589 filius,

1008 599 1048 634 ln
1081 609 1152 645 quo
1183 602 1281 642 sunt,
1314 598 1433 644 patris
1464 601 1502 634 et

1066 654 1132 691 filii
1164 655 1332 702 spiritus,

654 861 725 897 132.
760 861 841 905 (22.)
877 860 985 897 Feria
1010 861 1161 903 Quarta.

792 943 843 974 Ad
868 942 1016 975 Laudes.

162 1090 170 1097 .
203 1063 343 1105 Quarta
374 1060 436 1096 lux
469 1060 634 1107 decorat,

256 1117 397 1153 caelum
429 1115 629 1164 sideribus,

199 1176 362 1219 Quorum
394 1176 597 1220 perpetuus

259 1230 362 1276 vigor
390 1235 443 1265 est
475 1229 617 1275 igneus,

200 1287 301 1332 Quae
331 1296 517 1332 nunquam
550 1284 704 1329 excidit,

255 1343 310 1378 sic
341 1340 461 1380 fervet
492 1342 641 1382 caritas,

201 1400 303 1446 Quae
333 1398 405 1434 sibi
436 1398 601 1435 vindicat

253 1455 362 1492 sedes
393 1454 599 1494 aethereas,

160 1611 167 1619 .
201 1579 313 1616 Cuius
345 1577 560 1624 quadrifida

252 1635 312 1672 lex
344 1635 592 1682 evangelium,

196 1692 350 1729 Constat
380 1691 430 1729 ad
462 1695 640 1738 quattuor

252 1749 396 1785 dierum
427 1758 634 1796 numerum,

193 1805 376 1851 Quadrati
409 1805 577 1852 corporis

252 1866 308 1899 est
337 1872 473 1909 magna
502 1861 673 1906 firmitas,

194 1918 245 1956 Et
275 1923 410 1956 cuncta
440 1919 600 1955 sustinet

249 1976 390 2012 invicta
422 1977 572 2014 caritas,

214 2082 240 2112 B
265 2080 322 2113 fol.
347 2080 390 2113 85
401 2082 433 2114 b.
459 2099 503 2103 —
531 2081 557 2121 l,
585 2082 604 2113 6
629 2083 679 2113 sic
706 2083 819 2115 ferret.

941 1059 977 1096 3.
1011 1057 1201 1096 Virtutum
1233 1056 1371 1093 caritas

1066 1118 1123 1150 est
1153 1114 1435 1161 consummatio,

1010 1171 1140 1207 Virilis
1170 1170 1305 1208 virium

1066 1231 1170 1264 aetas
1200 1225 1397 1274 perfectio,

1010 1283 1062 1321 Ut
1093 1294 1228 1330 corpus
1259 1284 1419 1321 hominis

1067 1340 1136 1377 hoe
1166 1340 1298 1387 implet
1329 1340 1485 1388 viribus,

1010 1396 1072 1434 Sic
1102 1402 1262 1434 mentem
1295 1397 1434 1434 caritas

1065 1457 1296 1491 consummat
1327 1453 1507 1492 moribus,

969 1608 978 1616 .
1012 1578 1174 1615 Perenni
1202 1578 1364 1616 Domino

1066 1645 1204 1682 perpes
1238 1635 1288 1672 sit
1316 1635 1450 1683 gloria,

1008 1691 1068 1729 Ex
1098 1703 1171 1739 quo
1201 1696 1300 1741 sunt,
1342 1702 1411 1738 per
1441 1702 1550 1738 quem
1582 1695 1681 1741 sunt,

1064 1749 1102 1786 in
1135 1759 1206 1796 quo
1237 1752 1323 1786 sunt
1354 1748 1498 1786 omnia:

1010 1805 1069 1842 Ex
1102 1817 1174 1853 quo
1203 1810 1302 1853 sunt,
1334 1810 1444 1852 pater
1474 1810 1542 1851 est,
1573 1849 1583 1854 ⁴

1068 1873 1138 1909 per
1166 1873 1274 1909 quem
1305 1867 1404 1910 sunt,
1437 1861 1549 1908 filius,

1009 1919 1051 1955 In
1083 1930 1155 1966 quo
1186 1923 1285 1964 sunt⁷
1318 1919 1437 1966 patris
1469 1924 1506 1955 et

1065 1975 1132 2012 filii
1163 1976 1332 2022 spiritus.

647 2272 718 2309 133.
753 2273 834 2316 (23.)
869 2271 978 2309 Feria
1004 2273 1155 2315 Quarta.

776 2355 829 2387 Ad
853 2336 1036 2398 Vesperas.

155 2499 165 2509 .
194 2470 343 2507 Aetatis
374 2470 515 2507 saeculi

251 2530 407 2574 quartae
434 2527 685 2573 primordium

196 2583 343 2620 Ponunt
373 2583 540 2632 theologi

253 2651 406 2687 regnum
438 2640 676 2688 Davidicum‚

195 2697 308 2734 Istius
340 2708 500 2744 vespera

251 2752 292 2790 fit
322 2754 604 2801 transmigratio

198 2810 395 2847 Israelitici

253 2867 321 2903 sub
350 2867 572 2914 Babylonio.

939 2472 977 2509 2.
1010 2472 1053 2508 In
1086 2470 1210 2508 David
1243 2471 1381 2508 caritas

1066 2526 1238 2574 perfecta
1268 2527 1448 2575 noscitur,

1009 2585 1111 2631 Quae
1141 2594 1272 2621 saevos
1305 2582 1442 2633 [amat]
1474 2588 1511 2620 et

1066 2641 1194 2678 hostes
1225 2641 1478 2688 amplectitur,

1009 2698 1185 2745 Pepercit
1216 2697 1332 2747 Sauli,

1065 2765 1174 2802 quem
1206 2754 1355 2801 planxit
1385 2757 1584 2802 mortuum,

1009 2812 1135 2849 Morte
1165 2822 1250 2848 mox
1284 2811 1444 2858 puniens

1066 2868 1282 2905 mendacem
1315 2868 1498 2906 nuntium.
