<?xml version="1.0" encoding="UTF-8"?>
<!DOCTYPE html PUBLIC "-//W3C//DTD XHTML 1.0 Transitional//EN"
    "http://www.w3.org/TR/xhtml1/DTD/xhtml1-transitional.dtd">
<html xmlns="http://www.w3.org/1999/xhtml" xml:lang="en" lang="en">
 <head>
  <title>
</title>
<meta http-equiv="Content-Type" content="text/html;charset=utf-8" />
  <meta name='ocr-system' content='tesseract 3.04.00' />
  <meta name='ocr-capabilities' content='ocr_page ocr_carea ocr_par ocr_line ocrx_word'/>
</head>
<body>
  <div class='ocr_page' id='page_1' title='image "./hymnographilatin01drevuoft_0035.png"; bbox 0 0 1914 3223; ppageno 0'>
   <div class='ocr_carea' id='block_1_1' title="bbox 791 152 1068 191">
    <p class='ocr_par' dir='ltr' id='par_1_1' title="bbox 791 152 1068 191">
     <span class='ocr_line' id='line_1_1' title="bbox 791 152 1068 191; baseline 0.007 -13"><span class='ocrx_word' id='word_1_1' title='bbox 791 173 843 179; x_wconf 65' lang='grc'>--</span> <span class='ocrx_word' id='word_1_2' title='bbox 902 152 1068 191; x_wconf 69' lang='lat'>31-</span> 
     </span>
    </p>
   </div>
   <div class='ocr_carea' id='block_1_2' title="bbox 166 263 1576 315">
    <p class='ocr_par' dir='ltr' id='par_1_2' title="bbox 166 263 1576 315">
     <span class='ocr_line' id='line_1_2' title="bbox 166 263 1576 315; baseline -0.001 -12"><span class='ocrx_word' id='word_1_3' title='bbox 166 266 205 303; x_wconf 85' lang='lat'>3.</span> <span class='ocrx_word' id='word_1_4' title='bbox 236 264 290 302; x_wconf 89' lang='lat' dir='ltr'>Te</span> <span class='ocrx_word' id='word_1_5' title='bbox 319 263 427 311; x_wconf 88' lang='lat' dir='ltr'>ponit</span> <span class='ocrx_word' id='word_1_6' title='bbox 457 263 572 300; x_wconf 88' lang='lat' dir='ltr'>iudex</span> <span class='ocrx_word' id='word_1_7' title='bbox 604 264 779 313; x_wconf 86' lang='lat' dir='ltr'>omnium,</span> <span class='ocrx_word' id='word_1_8' title='bbox 982 268 1017 304; x_wconf 83' lang='grc'><strong>5.</strong></span> <span class='ocrx_word' id='word_1_9' title='bbox 1052 266 1095 303; x_wconf 91' lang='grc'>111</span> <span class='ocrx_word' id='word_1_10' title='bbox 1127 269 1163 302; x_wconf 88' lang='lat' dir='ltr'>te</span> <span class='ocrx_word' id='word_1_11' title='bbox 1194 269 1380 302; x_wconf 82' lang='lat' dir='ltr'>mactatur</span> <span class='ocrx_word' id='word_1_12' title='bbox 1410 265 1576 315; x_wconf 86' lang='lat' dir='ltr'>victima,</span> 
     </span>
    </p>
   </div>
   <div class='ocr_carea' id='block_1_3' title="bbox 163 319 1687 786">
    <p class='ocr_par' dir='ltr' id='par_1_3' title="bbox 163 319 1687 786">
     <span class='ocr_line' id='line_1_3' title="bbox 237 319 1685 368; baseline 0 -9"><span class='ocrx_word' id='word_1_13' title='bbox 237 320 328 359; x_wconf 90' lang='lat' dir='ltr'>Cum</span> <span class='ocrx_word' id='word_1_14' title='bbox 359 319 563 366; x_wconf 79' lang='lat' dir='ltr'>iudicatur,</span> <span class='ocrx_word' id='word_1_15' title='bbox 595 321 743 367; x_wconf 80' lang='lat' dir='ltr'>solium,</span> <span class='ocrx_word' id='word_1_16' title='bbox 1051 323 1153 368; x_wconf 86' lang='lat' dir='ltr'>Quae</span> <span class='ocrx_word' id='word_1_17' title='bbox 1186 322 1316 366; x_wconf 85' lang='lat' dir='ltr'>mundi</span> <span class='ocrx_word' id='word_1_18' title='bbox 1346 326 1481 368; x_wconf 87' lang='lat' dir='ltr'>purgat</span> <span class='ocrx_word' id='word_1_19' title='bbox 1515 321 1685 368; x_wconf 88' lang='lat' dir='ltr'>crimina,</span> 
     </span>
     <span class='ocr_line' id='line_1_4' title="bbox 234 376 1563 422; baseline 0 -7"><span class='ocrx_word' id='word_1_20' title='bbox 234 377 314 415; x_wconf 86' lang='lat' dir='ltr'>Iam</span> <span class='ocrx_word' id='word_1_21' title='bbox 345 381 435 415; x_wconf 88' lang='lat' dir='ltr'>tunc</span> <span class='ocrx_word' id='word_1_22' title='bbox 465 376 606 413; x_wconf 88' lang='lat' dir='ltr'>hoedos</span> <span class='ocrx_word' id='word_1_23' title='bbox 637 377 684 414; x_wconf 86' lang='lat' dir='ltr'>ab</span> <span class='ocrx_word' id='word_1_24' title='bbox 715 377 848 414; x_wconf 90' lang='lat' dir='ltr'>ovibus</span> <span class='ocrx_word' id='word_1_25' title='bbox 1052 376 1138 416; x_wconf 86' lang='lat' dir='ltr'>Tibi</span> <span class='ocrx_word' id='word_1_26' title='bbox 1170 378 1350 416; x_wconf 81' lang='lat' dir='ltr'>talentum</span> <span class='ocrx_word' id='word_1_27' title='bbox 1383 377 1563 422; x_wconf 87' lang='lat' dir='ltr'>creditur,</span> 
     </span>
     <span class='ocr_line' id='line_1_5' title="bbox 234 432 1618 481; baseline 0.001 -10"><span class='ocrx_word' id='word_1_28' title='bbox 234 434 415 481; x_wconf 79' lang='lat' dir='ltr'>segregat</span> <span class='ocrx_word' id='word_1_29' title='bbox 445 432 484 469; x_wconf 92' lang='lat' dir='ltr'>in</span> <span class='ocrx_word' id='word_1_30' title='bbox 514 433 736 473; x_wconf 75' lang='lat' dir='ltr'><strong>latronibus,</strong></span> <span class='ocrx_word' id='word_1_31' title='bbox 1052 440 1131 480; x_wconf 72' lang='lat' dir='ltr'>Quo</span> <span class='ocrx_word' id='word_1_32' title='bbox 1163 435 1271 472; x_wconf 87' lang='lat' dir='ltr'>Adae</span> <span class='ocrx_word' id='word_1_33' title='bbox 1304 434 1415 481; x_wconf 88' lang='lat' dir='ltr'>culpa</span> <span class='ocrx_word' id='word_1_34' title='bbox 1445 435 1618 474; x_wconf 74' lang='lat' dir='ltr'>solvitur.</span> 
     </span>
     <span class='ocr_line' id='line_1_6' title="bbox 163 568 1666 619; baseline -0.001 -10"><span class='ocrx_word' id='word_1_35' title='bbox 163 572 203 609; x_wconf 88' lang='lat'>4.</span> <span class='ocrx_word' id='word_1_36' title='bbox 234 570 294 608; x_wconf 89' lang='lat' dir='ltr'>Tu</span> <span class='ocrx_word' id='word_1_37' title='bbox 322 569 454 606; x_wconf 90' lang='lat' dir='ltr'>mundi</span> <span class='ocrx_word' id='word_1_38' title='bbox 484 568 584 606; x_wconf 81' lang='lat' dir='ltr'>ludis</span> <span class='ocrx_word' id='word_1_39' title='bbox 616 569 840 617; x_wconf 76' lang='lat' dir='ltr'>principem,</span> <span class='ocrx_word' id='word_1_40' title='bbox 981 573 1017 608; x_wconf 81' lang='grc'><strong>6.</strong></span> <span class='ocrx_word' id='word_1_41' title='bbox 1050 570 1142 618; x_wconf 73' lang='lat' dir='ltr'>Nos,</span> <span class='ocrx_word' id='word_1_42' title='bbox 1175 571 1274 608; x_wconf 79' lang='lat' dir='ltr'>vitae</span> <span class='ocrx_word' id='word_1_43' title='bbox 1304 571 1464 619; x_wconf 84' lang='lat' dir='ltr'>signum,</span> <span class='ocrx_word' id='word_1_44' title='bbox 1497 574 1666 617; x_wconf 81' lang='lat' dir='ltr'>protege,</span> 
     </span>
     <span class='ocr_line' id='line_1_7' title="bbox 230 625 1656 675; baseline 0.001 -13"><span class='ocrx_word' id='word_1_45' title='bbox 230 625 328 663; x_wconf 90' lang='lat' dir='ltr'>Dum</span> <span class='ocrx_word' id='word_1_46' title='bbox 360 625 471 672; x_wconf 92' lang='lat' dir='ltr'>punis</span> <span class='ocrx_word' id='word_1_47' title='bbox 501 625 787 673; x_wconf 84' lang='lat' dir='ltr'>impassibilem,</span> <span class='ocrx_word' id='word_1_48' title='bbox 1050 629 1129 673; x_wconf 77' lang='lat' dir='ltr'>Quo</span> <span class='ocrx_word' id='word_1_49' title='bbox 1161 639 1227 664; x_wconf 84' lang='lat' dir='ltr'>rex</span> <span class='ocrx_word' id='word_1_50' title='bbox 1260 627 1471 674; x_wconf 80' lang='lat' dir='ltr'>triumphat</span> <span class='ocrx_word' id='word_1_51' title='bbox 1501 626 1656 675; x_wconf 84' lang='lat' dir='ltr'>gloriae,</span> 
     </span>
     <span class='ocr_line' id='line_1_8' title="bbox 231 681 1687 731; baseline 0 -11"><span class='ocrx_word' id='word_1_52' title='bbox 231 682 330 720; x_wconf 88' lang='lat' dir='ltr'>Reos</span> <span class='ocrx_word' id='word_1_53' title='bbox 361 681 496 719; x_wconf 83' lang='lat' dir='ltr'>offerre</span> <span class='ocrx_word' id='word_1_54' title='bbox 527 682 650 729; x_wconf 88' lang='lat' dir='ltr'>solita,</span> <span class='ocrx_word' id='word_1_55' title='bbox 1051 685 1125 721; x_wconf 88' lang='lat' dir='ltr'>Per</span> <span class='ocrx_word' id='word_1_56' title='bbox 1157 689 1193 720; x_wconf 87' lang='lat' dir='ltr'>te</span> <span class='ocrx_word' id='word_1_57' title='bbox 1223 684 1271 721; x_wconf 90' lang='lat' dir='ltr'>ad</span> <span class='ocrx_word' id='word_1_58' title='bbox 1304 694 1460 731; x_wconf 84' lang='lat' dir='ltr'>regnum</span> <span class='ocrx_word' id='word_1_59' title='bbox 1490 683 1687 730; x_wconf 84' lang='lat' dir='ltr'>provehat,</span> 
     </span>
     <span class='ocr_line' id='line_1_9' title="bbox 233 737 1545 786; baseline 0.003 -11"><span class='ocrx_word' id='word_1_60' title='bbox 233 739 350 785; x_wconf 82' lang='lat' dir='ltr'>Quem</span> <span class='ocrx_word' id='word_1_61' title='bbox 372 749 470 776; x_wconf 90' lang='lat' dir='ltr'>nunc</span> <span class='ocrx_word' id='word_1_62' title='bbox 494 739 577 785; x_wconf 87' lang='lat' dir='ltr'>das,</span> <span class='ocrx_word' id='word_1_63' title='bbox 610 737 734 776; x_wconf 82' lang='lat' dir='ltr'><strong>aufert</strong></span> <span class='ocrx_word' id='word_1_64' title='bbox 756 739 892 786; x_wconf 87' lang='lat' dir='ltr'>spolia.</span> <span class='ocrx_word' id='word_1_65' title='bbox 1050 741 1150 786; x_wconf 83' lang='lat' dir='ltr'>Quos</span> <span class='ocrx_word' id='word_1_66' title='bbox 1182 741 1364 777; x_wconf 77' lang='lat' dir='ltr'>servitute</span> <span class='ocrx_word' id='word_1_67' title='bbox 1395 741 1545 779; x_wconf 85' lang='lat' dir='ltr'>liberat.</span> 
     </span>
    </p>
   </div>
   <div class='ocr_carea' id='block_1_4' title="bbox 522 873 1164 1083">
    <p class='ocr_par' dir='ltr' id='par_1_4' title="bbox 522 873 1164 1083">
     <span class='ocr_line' id='line_1_10' title="bbox 522 873 1131 921; baseline -0.002 -9"><span class='ocrx_word' id='word_1_68' title='bbox 522 873 588 913; x_wconf 82' lang='grc'><strong>’7.</strong></span> <span class='ocrx_word' id='word_1_69' title='bbox 621 874 676 912; x_wconf 88' lang='lat' dir='ltr'>Sit</span> <span class='ocrx_word' id='word_1_70' title='bbox 707 874 808 921; x_wconf 88' lang='lat' dir='ltr'>patri</span> <span class='ocrx_word' id='word_1_71' title='bbox 839 875 920 911; x_wconf 83' lang='lat' dir='ltr'>laus</span> <span class='ocrx_word' id='word_1_72' title='bbox 950 875 1131 921; x_wconf 81' lang='lat' dir='ltr'>ingenito,</span> 
     </span>
     <span class='ocr_line' id='line_1_11' title="bbox 621 930 1062 979; baseline 0.005 -11"><span class='ocrx_word' id='word_1_73' title='bbox 621 930 677 968; x_wconf 88' lang='lat' dir='ltr'>Sit</span> <span class='ocrx_word' id='word_1_74' title='bbox 710 931 824 968; x_wconf 82' lang='lat' dir='ltr'>decus</span> <span class='ocrx_word' id='word_1_75' title='bbox 855 932 1062 979; x_wconf 82' lang='lat' dir='ltr'>unigenito.</span> 
     </span>
     <span class='ocr_line' id='line_1_12' title="bbox 621 987 1050 1035; baseline -0.002 -10"><span class='ocrx_word' id='word_1_76' title='bbox 621 987 677 1025; x_wconf 86' lang='lat' dir='ltr'>Sit</span> <span class='ocrx_word' id='word_1_77' title='bbox 707 988 905 1035; x_wconf 87' lang='lat' dir='ltr'>utriusque</span> <span class='ocrx_word' id='word_1_78' title='bbox 936 988 1050 1035; x_wconf 90' lang='lat' dir='ltr'>parili</span> 
     </span>
     <span class='ocr_line' id='line_1_13' title="bbox 620 1043 1164 1083; baseline 0.002 -1"><span class='ocrx_word' id='word_1_79' title='bbox 620 1044 802 1082; x_wconf 84' lang='lat' dir='ltr'>Maiestas</span> <span class='ocrx_word' id='word_1_80' title='bbox 833 1056 978 1082; x_wconf 86' lang='lat' dir='ltr'>summa</span> <span class='ocrx_word' id='word_1_81' title='bbox 1008 1043 1164 1083; x_wconf 85' lang='lat' dir='ltr'>flamini.</span> 
     </span>
    </p>
   </div>
   <div class='ocr_carea' id='block_1_5' title="bbox 144 1165 1710 1754">
    <p class='ocr_par' dir='ltr' id='par_1_5' title="bbox 147 1165 1710 1436">
     <span class='ocr_line' id='line_1_14' title="bbox 241 1165 1710 1209; baseline -0.002 -9"><span class='ocrx_word' id='word_1_82' title='bbox 241 1168 371 1209; x_wconf 76' lang='lat' dir='ltr'>Hymn.</span> <span class='ocrx_word' id='word_1_83' title='bbox 401 1178 464 1199; x_wconf 90' lang='lat' dir='ltr'>ms.</span> <span class='ocrx_word' id='word_1_84' title='bbox 489 1168 687 1199; x_wconf 80' lang='lat' dir='ltr'>Bobbiense</span> <span class='ocrx_word' id='word_1_85' title='bbox 724 1178 813 1199; x_wconf 82' lang='lat' dir='ltr'>saec.</span> <span class='ocrx_word' id='word_1_86' title='bbox 849 1165 900 1199; x_wconf 92' lang='grc'>11.</span> <span class='ocrx_word' id='word_1_87' title='bbox 955 1168 1038 1199; x_wconf 89' lang='lat' dir='ltr'>Cod.</span> <span class='ocrx_word' id='word_1_88' title='bbox 1068 1168 1227 1199; x_wconf 80' lang='lat' dir='ltr'>Vatican.</span> <span class='ocrx_word' id='word_1_89' title='bbox 1261 1165 1358 1198; x_wconf 79' lang='lat'>5776.</span> <span class='ocrx_word' id='word_1_90' title='bbox 1387 1167 1426 1198; x_wconf 84' lang='lat' dir='ltr'>A.</span> <span class='ocrx_word' id='word_1_91' title='bbox 1452 1183 1496 1190; x_wconf 90' lang='lat'>—</span> <span class='ocrx_word' id='word_1_92' title='bbox 1521 1167 1622 1199; x_wconf 79' lang='lat' dir='ltr'>Brev.</span> <span class='ocrx_word' id='word_1_93' title='bbox 1649 1177 1710 1198; x_wconf 85' lang='grc'><strong>1115.</strong></span> 
     </span>
     <span class='ocr_line' id='line_1_15' title="bbox 147 1211 1710 1254; baseline -0.001 -9"><span class='ocrx_word' id='word_1_94' title='bbox 147 1213 348 1245; x_wconf 83' lang='lat' dir='ltr'>Strumense</span> <span class='ocrx_word' id='word_1_95' title='bbox 366 1222 454 1245; x_wconf 86' lang='lat' dir='ltr'>saec.</span> <span class='ocrx_word' id='word_1_96' title='bbox 475 1211 526 1244; x_wconf 91' lang='grc'>11.</span> <span class='ocrx_word' id='word_1_97' title='bbox 545 1212 627 1244; x_wconf 82' lang='lat' dir='ltr'>Cod.</span> <span class='ocrx_word' id='word_1_98' title='bbox 646 1213 871 1244; x_wconf 84' lang='lat' dir='ltr'>Laurentian.</span> <span class='ocrx_word' id='word_1_99' title='bbox 891 1212 997 1244; x_wconf 83' lang='lat' dir='ltr'>Conv.</span> <span class='ocrx_word' id='word_1_100' title='bbox 1018 1224 1092 1254; x_wconf 90' lang='lat' dir='ltr'>sup.</span> <span class='ocrx_word' id='word_1_101' title='bbox 1110 1211 1186 1244; x_wconf 81' lang='lat'>524.</span> <span class='ocrx_word' id='word_1_102' title='bbox 1204 1214 1242 1244; x_wconf 76' lang='lat' dir='ltr'>B.</span> <span class='ocrx_word' id='word_1_103' title='bbox 1266 1229 1309 1234; x_wconf 92' lang='lat'><em>—</em></span> <span class='ocrx_word' id='word_1_104' title='bbox 1326 1213 1432 1244; x_wconf 82' lang='lat' dir='ltr'>Psalt.</span> <span class='ocrx_word' id='word_1_105' title='bbox 1453 1216 1485 1243; x_wconf 91' lang='lat' dir='ltr'>et</span> <span class='ocrx_word' id='word_1_106' title='bbox 1502 1213 1630 1253; x_wconf 88' lang='lat' dir='ltr'>Hymn.</span> <span class='ocrx_word' id='word_1_107' title='bbox 1649 1222 1710 1243; x_wconf 88' lang='lat' dir='ltr'>ms.</span> 
     </span>
     <span class='ocr_line' id='line_1_16' title="bbox 150 1256 1710 1300; baseline -0.002 -9"><span class='ocrx_word' id='word_1_108' title='bbox 150 1259 351 1291; x_wconf 82' lang='lat' dir='ltr'>Veronense</span> <span class='ocrx_word' id='word_1_109' title='bbox 376 1268 466 1290; x_wconf 84' lang='lat' dir='ltr'>saec.</span> <span class='ocrx_word' id='word_1_110' title='bbox 492 1256 579 1289; x_wconf 72' lang='lat'>¹²!13.</span> <span class='ocrx_word' id='word_1_111' title='bbox 622 1258 706 1290; x_wconf 86' lang='lat' dir='ltr'>Cod.</span> <span class='ocrx_word' id='word_1_112' title='bbox 725 1259 837 1300; x_wconf 86' lang='lat' dir='ltr'>Capit.</span> <span class='ocrx_word' id='word_1_113' title='bbox 856 1259 1027 1290; x_wconf 87' lang='lat' dir='ltr'>Veronen.</span> <span class='ocrx_word' id='word_1_114' title='bbox 1055 1256 1118 1290; x_wconf 74' lang='grc'>103</span> <span class='ocrx_word' id='word_1_115' title='bbox 1141 1256 1245 1297; x_wconf 85' lang='grc'><strong>(96*).</strong></span> <span class='ocrx_word' id='word_1_116' title='bbox 1264 1259 1301 1290; x_wconf 92' lang='lat' dir='ltr'>C.</span> <span class='ocrx_word' id='word_1_117' title='bbox 1332 1276 1366 1280; x_wconf 85' lang='lat'>—</span> <span class='ocrx_word' id='word_1_118' title='bbox 1396 1257 1502 1289; x_wconf 83' lang='lat' dir='ltr'>Psalt.</span> <span class='ocrx_word' id='word_1_119' title='bbox 1530 1261 1563 1289; x_wconf 87' lang='lat' dir='ltr'>et</span> <span class='ocrx_word' id='word_1_120' title='bbox 1580 1257 1710 1298; x_wconf 86' lang='lat' dir='ltr'>Hymn.</span> 
     </span>
     <span class='ocr_line' id='line_1_17' title="bbox 148 1301 1710 1343; baseline -0.002 -7"><span class='ocrx_word' id='word_1_121' title='bbox 148 1314 212 1337; x_wconf 86' lang='lat' dir='ltr'>ms.</span> <span class='ocrx_word' id='word_1_122' title='bbox 239 1305 438 1336; x_wconf 85' lang='lat' dir='ltr'>Veronense</span> <span class='ocrx_word' id='word_1_123' title='bbox 472 1313 560 1335; x_wconf 87' lang='lat' dir='ltr'>saec.</span> <span class='ocrx_word' id='word_1_124' title='bbox 593 1301 679 1335; x_wconf 56' lang='lat'>¹253.</span> <span class='ocrx_word' id='word_1_125' title='bbox 729 1304 811 1335; x_wconf 89' lang='lat' dir='ltr'>Cod.</span> <span class='ocrx_word' id='word_1_126' title='bbox 837 1304 885 1336; x_wconf 81' lang='lat' dir='ltr'>Ca</span> <span class='ocrx_word' id='word_1_127' title='bbox 912 1305 950 1335; x_wconf 90' lang='lat' dir='ltr'>it.</span> <span class='ocrx_word' id='word_1_128' title='bbox 975 1303 1146 1335; x_wconf 67' lang='lat' dir='ltr'>Veronen.</span> <span class='ocrx_word' id='word_1_129' title='bbox 1176 1301 1238 1335; x_wconf 83' lang='lat'>108</span> <span class='ocrx_word' id='word_1_130' title='bbox 1260 1301 1362 1343; x_wconf 83' lang='lat'>(101).</span> <span class='ocrx_word' id='word_1_131' title='bbox 1388 1304 1430 1335; x_wconf 94' lang='lat' dir='ltr'>D.</span> <span class='ocrx_word' id='word_1_132' title='bbox 1455 1319 1498 1324; x_wconf 91' lang='lat'>-—-</span> <span class='ocrx_word' id='word_1_133' title='bbox 1522 1303 1621 1334; x_wconf 81' lang='lat' dir='ltr'>Brev.</span> <span class='ocrx_word' id='word_1_134' title='bbox 1648 1312 1710 1334; x_wconf 85' lang='lat' dir='ltr'>ms.</span> 
     </span>
     <span class='ocr_line' id='line_1_18' title="bbox 149 1314 1709 1390; baseline -0.001 -9"><span class='ocrx_word' id='word_1_135' title='bbox 149 1350 325 1382; x_wconf 88' lang='lat' dir='ltr'>Minorum</span> <span class='ocrx_word' id='word_1_136' title='bbox 359 1347 448 1381; x_wconf 77' lang='lat' dir='ltr'>saec.</span> <span class='ocrx_word' id='word_1_137' title='bbox 485 1347 536 1380; x_wconf 79' lang='lat'>14.</span> <span class='ocrx_word' id='word_1_138' title='bbox 585 1349 669 1380; x_wconf 77' lang='lat' dir='ltr'>cod.</span> <span class='ocrx_word' id='word_1_139' title='bbox 695 1349 850 1390; x_wconf 84' lang='lat' dir='ltr'>Angelic.</span> <span class='ocrx_word' id='word_1_140' title='bbox 875 1314 910 1380; x_wconf 58' lang='grc' dir='ltr'>ὦ)</span> <span class='ocrx_word' id='word_1_141' title='bbox 929 1350 961 1379; x_wconf 85' lang='lat' dir='ltr'>V</span> <span class='ocrx_word' id='word_1_142' title='bbox 988 1346 1039 1380; x_wconf 88' lang='lat'>12.</span> <span class='ocrx_word' id='word_1_143' title='bbox 1065 1349 1107 1380; x_wconf 89' lang='grc' dir='ltr'>Ε.</span> <span class='ocrx_word' id='word_1_144' title='bbox 1133 1365 1177 1370; x_wconf 92' lang='grc'>-</span> <span class='ocrx_word' id='word_1_145' title='bbox 1201 1349 1297 1381; x_wconf 88' lang='lat' dir='ltr'>Orat.</span> <span class='ocrx_word' id='word_1_146' title='bbox 1323 1360 1384 1380; x_wconf 90' lang='lat' dir='ltr'>ms.</span> <span class='ocrx_word' id='word_1_147' title='bbox 1410 1348 1602 1390; x_wconf 86' lang='lat' dir='ltr'>Campense</span> <span class='ocrx_word' id='word_1_148' title='bbox 1628 1349 1709 1379; x_wconf 90' lang='lat' dir='ltr'>anni</span> 
     </span>
     <span class='ocr_line' id='line_1_19' title="bbox 150 1392 1314 1436; baseline -0.003 -9"><span class='ocrx_word' id='word_1_149' title='bbox 150 1393 248 1427; x_wconf 82' lang='lat'>1462.</span> <span class='ocrx_word' id='word_1_150' title='bbox 297 1394 381 1426; x_wconf 93' lang='lat' dir='ltr'>Cod.</span> <span class='ocrx_word' id='word_1_151' title='bbox 408 1394 664 1426; x_wconf 84' lang='lat' dir='ltr'>Darmstadien.</span> <span class='ocrx_word' id='word_1_152' title='bbox 690 1392 766 1427; x_wconf 78' lang='lat'>521.</span> <span class='ocrx_word' id='word_1_153' title='bbox 793 1395 830 1426; x_wconf 87' lang='lat' dir='ltr'>F.</span> <span class='ocrx_word' id='word_1_154' title='bbox 855 1411 898 1415; x_wconf 91' lang='lat'>-—</span> <span class='ocrx_word' id='word_1_155' title='bbox 923 1395 1042 1436; x_wconf 83' lang='lat' dir='ltr'>Migne</span> <span class='ocrx_word' id='word_1_156' title='bbox 1069 1394 1091 1425; x_wconf 93' lang='grc'>1.</span> <span class='ocrx_word' id='word_1_157' title='bbox 1118 1405 1145 1425; x_wconf 89' lang='grc'>0.</span> <span class='ocrx_word' id='word_1_158' title='bbox 1172 1392 1248 1426; x_wconf 82' lang='lat'>930.</span> <span class='ocrx_word' id='word_1_159' title='bbox 1274 1394 1314 1426; x_wconf 90' lang='lat' dir='ltr'>G.</span> 
     </span>
    </p>

    <p class='ocr_par' dir='ltr' id='par_1_6' title="bbox 144 1436 1710 1754">
     <span class='ocr_line' id='line_1_20' title="bbox 240 1436 1710 1480; baseline -0.003 -7"><span class='ocrx_word' id='word_1_160' title='bbox 240 1439 275 1480; x_wconf 93' lang='lat' dir='ltr'>l,</span> <span class='ocrx_word' id='word_1_161' title='bbox 312 1437 328 1472; x_wconf 94' lang='grc'>1</span> <span class='ocrx_word' id='word_1_162' title='bbox 356 1439 448 1472; x_wconf 77' lang='lat' dir='ltr'>Crux</span> <span class='ocrx_word' id='word_1_163' title='bbox 481 1439 600 1471; x_wconf 85' lang='lat' dir='ltr'>mundi</span> <span class='ocrx_word' id='word_1_164' title='bbox 635 1440 730 1471; x_wconf 69' lang='lat' dir='ltr'>salus</span> <span class='ocrx_word' id='word_1_165' title='bbox 756 1440 828 1471; x_wconf 80' lang='grc' dir='ltr'><strong>ΛΕ.</strong></span> <span class='ocrx_word' id='word_1_166' title='bbox 855 1459 896 1462; x_wconf 89' lang='grc'>-</span> <span class='ocrx_word' id='word_1_167' title='bbox 925 1438 960 1477; x_wconf 91' lang='grc'>1,</span> <span class='ocrx_word' id='word_1_168' title='bbox 995 1438 1016 1471; x_wconf 88' lang='grc'>2</span> <span class='ocrx_word' id='word_1_169' title='bbox 1040 1440 1204 1471; x_wconf 84' lang='lat' dir='ltr'>Perhenti</span> <span class='ocrx_word' id='word_1_170' title='bbox 1237 1440 1311 1470; x_wconf 85' lang='lat' dir='ltr'>vita</span> <span class='ocrx_word' id='word_1_171' title='bbox 1335 1439 1376 1470; x_wconf 90' lang='lat' dir='ltr'>E.</span> <span class='ocrx_word' id='word_1_172' title='bbox 1403 1455 1446 1460; x_wconf 94' lang='lat'>——</span> <span class='ocrx_word' id='word_1_173' title='bbox 1473 1436 1512 1475; x_wconf 83' lang='lat'>2,</span> <span class='ocrx_word' id='word_1_174' title='bbox 1542 1436 1563 1469; x_wconf 89' lang='lat'>2</span> <span class='ocrx_word' id='word_1_175' title='bbox 1587 1442 1710 1469; x_wconf 86' lang='lat' dir='ltr'>catena</span> 
     </span>
     <span class='ocr_line' id='line_1_21' title="bbox 145 1480 1710 1524; baseline -0.003 -5"><span class='ocrx_word' id='word_1_176' title='bbox 145 1487 293 1519; x_wconf 85' lang='lat' dir='ltr'>moritur</span> <span class='ocrx_word' id='word_1_177' title='bbox 316 1485 358 1517; x_wconf 91' lang='lat' dir='ltr'>E.</span> <span class='ocrx_word' id='word_1_178' title='bbox 381 1502 427 1506; x_wconf 91' lang='lat'><strong>—</strong></span> <span class='ocrx_word' id='word_1_179' title='bbox 452 1482 489 1522; x_wconf 86' lang='lat'>2,</span> <span class='ocrx_word' id='word_1_180' title='bbox 522 1482 545 1516; x_wconf 97' lang='lat'>4</span> <span class='ocrx_word' id='word_1_181' title='bbox 576 1485 665 1516; x_wconf 86' lang='lat' dir='ltr'>Sunt</span> <span class='ocrx_word' id='word_1_182' title='bbox 689 1485 830 1517; x_wconf 86' lang='lat' dir='ltr'>Israelis</span> <span class='ocrx_word' id='word_1_183' title='bbox 854 1484 920 1516; x_wconf 91' lang='lat' dir='ltr'>filii</span> <span class='ocrx_word' id='word_1_184' title='bbox 947 1485 987 1516; x_wconf 81' lang='lat' dir='ltr'>E.</span> <span class='ocrx_word' id='word_1_185' title='bbox 1012 1503 1055 1507; x_wconf 96' lang='lat'><strong>—</strong></span> <span class='ocrx_word' id='word_1_186' title='bbox 1080 1483 1116 1518; x_wconf 84' lang='lat'>3.</span> <span class='ocrx_word' id='word_1_187' title='bbox 1149 1481 1169 1515; x_wconf 89' lang='grc'>2</span> <span class='ocrx_word' id='word_1_188' title='bbox 1193 1485 1260 1524; x_wconf 84' lang='lat' dir='ltr'>Qui</span> <span class='ocrx_word' id='word_1_189' title='bbox 1288 1484 1462 1516; x_wconf 84' lang='lat' dir='ltr'>iudicatur</span> <span class='ocrx_word' id='word_1_190' title='bbox 1485 1484 1526 1515; x_wconf 92' lang='lat' dir='ltr'>E.</span> <span class='ocrx_word' id='word_1_191' title='bbox 1553 1500 1596 1504; x_wconf 96' lang='lat'><strong>—</strong></span> <span class='ocrx_word' id='word_1_192' title='bbox 1620 1482 1659 1520; x_wconf 74' lang='lat'>3,</span> <span class='ocrx_word' id='word_1_193' title='bbox 1690 1480 1710 1515; x_wconf 88' lang='lat'>3</span> 
     </span>
     <span class='ocr_line' id='line_1_22' title="bbox 144 1528 1708 1568; baseline -0.003 -4"><span class='ocrx_word' id='word_1_194' title='bbox 144 1532 193 1564; x_wconf 80' lang='lat' dir='ltr'>Et</span> <span class='ocrx_word' id='word_1_195' title='bbox 223 1533 293 1563; x_wconf 83' lang='lat' dir='ltr'>iam</span> <span class='ocrx_word' id='word_1_196' title='bbox 321 1530 452 1562; x_wconf 90' lang='lat' dir='ltr'>hoedos</span> <span class='ocrx_word' id='word_1_197' title='bbox 477 1531 514 1562; x_wconf 82' lang='lat' dir='ltr'>F.</span> <span class='ocrx_word' id='word_1_198' title='bbox 546 1547 580 1552; x_wconf 93' lang='lat'>-—</span> <span class='ocrx_word' id='word_1_199' title='bbox 607 1529 647 1568; x_wconf 91' lang='lat'>4,</span> <span class='ocrx_word' id='word_1_200' title='bbox 682 1529 696 1561; x_wconf 95' lang='grc'>1</span> <span class='ocrx_word' id='word_1_201' title='bbox 724 1531 777 1562; x_wconf 88' lang='lat' dir='ltr'>Tu</span> <span class='ocrx_word' id='word_1_202' title='bbox 802 1530 922 1561; x_wconf 88' lang='lat' dir='ltr'>mundi</span> <span class='ocrx_word' id='word_1_203' title='bbox 946 1530 1035 1561; x_wconf 88' lang='lat' dir='ltr'>lucis</span> <span class='ocrx_word' id='word_1_204' title='bbox 1061 1531 1193 1562; x_wconf 79' lang='lat' dir='ltr'>ACDF.</span> <span class='ocrx_word' id='word_1_205' title='bbox 1220 1548 1263 1551; x_wconf 97' lang='lat'><strong>—</strong></span> <span class='ocrx_word' id='word_1_206' title='bbox 1287 1529 1328 1567; x_wconf 90' lang='lat'>4,</span> <span class='ocrx_word' id='word_1_207' title='bbox 1360 1528 1382 1560; x_wconf 89' lang='lat'>4</span> <span class='ocrx_word' id='word_1_208' title='bbox 1409 1529 1507 1568; x_wconf 78' lang='lat' dir='ltr'>Quae</span> <span class='ocrx_word' id='word_1_209' title='bbox 1531 1539 1621 1560; x_wconf 75' lang='lat' dir='ltr'>nunc</span> <span class='ocrx_word' id='word_1_210' title='bbox 1647 1528 1708 1560; x_wconf 81' lang='lat' dir='ltr'>das</span> 
     </span>
     <span class='ocr_line' id='line_1_23' title="bbox 145 1573 1709 1617; baseline -0.003 -8"><span class='ocrx_word' id='word_1_211' title='bbox 145 1577 218 1609; x_wconf 86' lang='lat' dir='ltr'>AE.</span> <span class='ocrx_word' id='word_1_212' title='bbox 250 1594 294 1598; x_wconf 88' lang='lat'><strong>—</strong></span> <span class='ocrx_word' id='word_1_213' title='bbox 325 1574 363 1613; x_wconf 82' lang='lat'>5,</span> <span class='ocrx_word' id='word_1_214' title='bbox 393 1574 416 1608; x_wconf 91' lang='lat'>4</span> <span class='ocrx_word' id='word_1_215' title='bbox 451 1576 562 1608; x_wconf 84' lang='lat' dir='ltr'>solvet</span> <span class='ocrx_word' id='word_1_216' title='bbox 586 1577 626 1607; x_wconf 89' lang='lat' dir='ltr'>B.</span> <span class='ocrx_word' id='word_1_217' title='bbox 660 1594 703 1597; x_wconf 97' lang='lat'><strong>—</strong></span> <span class='ocrx_word' id='word_1_218' title='bbox 735 1575 772 1609; x_wconf 74' lang='lat'>6.</span> <span class='ocrx_word' id='word_1_219' title='bbox 808 1573 828 1607; x_wconf 87' lang='lat'>3</span> <span class='ocrx_word' id='word_1_220' title='bbox 860 1576 1041 1617; x_wconf 81' lang='lat' dir='ltr'>protrahat</span> <span class='ocrx_word' id='word_1_221' title='bbox 1065 1576 1140 1607; x_wconf 86' lang='lat' dir='ltr'>DE.</span> <span class='ocrx_word' id='word_1_222' title='bbox 1168 1593 1208 1597; x_wconf 93' lang='lat'>—</span> <span class='ocrx_word' id='word_1_223' title='bbox 1236 1574 1273 1613; x_wconf 85' lang='lat'>7,</span> <span class='ocrx_word' id='word_1_224' title='bbox 1305 1573 1327 1606; x_wconf 88' lang='grc'>4</span> <span class='ocrx_word' id='word_1_225' title='bbox 1352 1585 1484 1606; x_wconf 84' lang='grc'><strong>5111111110</strong></span> <span class='ocrx_word' id='word_1_226' title='bbox 1512 1574 1549 1605; x_wconf 85' lang='grc' dir='ltr'><strong>Α.</strong></span> <span class='ocrx_word' id='word_1_227' title='bbox 1576 1591 1618 1596; x_wconf 91' lang='grc'>-</span> <span class='ocrx_word' id='word_1_228' title='bbox 1645 1574 1709 1605; x_wconf 89' lang='grc' dir='ltr'><strong>Α111</strong></span> 
     </span>
     <span class='ocr_line' id='line_1_24' title="bbox 145 1619 1708 1664; baseline -0.003 -10"><span class='ocrx_word' id='word_1_229' title='bbox 145 1622 284 1654; x_wconf 80' lang='lat' dir='ltr'>Raude:</span> <span class='ocrx_word' id='word_1_230' title='bbox 319 1622 465 1664; x_wconf 87' lang='lat' dir='ltr'>„Petri</span> <span class='ocrx_word' id='word_1_231' title='bbox 498 1619 725 1653; x_wconf 70' lang='lat' dir='ltr'>Damiani‘⁵</span> <span class='ocrx_word' id='word_1_232' title='bbox 760 1622 796 1653; x_wconf 88' lang='lat' dir='ltr'>F.</span> <span class='ocrx_word' id='word_1_233' title='bbox 831 1638 874 1642; x_wconf 97' lang='lat'>—</span> <span class='ocrx_word' id='word_1_234' title='bbox 907 1622 956 1653; x_wconf 94' lang='lat' dir='ltr'>Zu</span> <span class='ocrx_word' id='word_1_235' title='bbox 984 1621 1115 1653; x_wconf 85' lang='lat' dir='ltr'>diesem</span> <span class='ocrx_word' id='word_1_236' title='bbox 1140 1621 1210 1652; x_wconf 89' lang='lat' dir='ltr'>und</span> <span class='ocrx_word' id='word_1_237' title='bbox 1236 1621 1313 1653; x_wconf 86' lang='lat' dir='ltr'>dem</span> <span class='ocrx_word' id='word_1_238' title='bbox 1339 1620 1523 1661; x_wconf 84' lang='lat' dir='ltr'>folgenden</span> <span class='ocrx_word' id='word_1_239' title='bbox 1547 1620 1708 1660; x_wconf 74' lang='lat' dir='ltr'>Hymnus</span> 
     </span>
     <span class='ocr_line' id='line_1_25' title="bbox 146 1665 1709 1710; baseline -0.003 -10"><span class='ocrx_word' id='word_1_240' title='bbox 146 1669 196 1700; x_wconf 87' lang='lat' dir='ltr'>sei</span> <span class='ocrx_word' id='word_1_241' title='bbox 220 1667 389 1705; x_wconf 61' lang='lat' dir='ltr'>hemerin,</span> <span class='ocrx_word' id='word_1_242' title='bbox 413 1666 489 1698; x_wconf 84' lang='lat' dir='ltr'>dass</span> <span class='ocrx_word' id='word_1_243' title='bbox 515 1667 625 1698; x_wconf 82' lang='lat' dir='ltr'>Fonte</span> <span class='ocrx_word' id='word_1_244' title='bbox 646 1666 818 1699; x_wconf 83' lang='lat' dir='ltr'>Avellana</span> <span class='ocrx_word' id='word_1_245' title='bbox 844 1666 921 1699; x_wconf 87' lang='lat' dir='ltr'>dem</span> <span class='ocrx_word' id='word_1_246' title='bbox 940 1666 1095 1710; x_wconf 85' lang='lat' dir='ltr'>heiligen</span> <span class='ocrx_word' id='word_1_247' title='bbox 1112 1667 1267 1698; x_wconf 84' lang='lat' dir='ltr'>Andreas</span> <span class='ocrx_word' id='word_1_248' title='bbox 1293 1665 1363 1698; x_wconf 89' lang='lat' dir='ltr'>und</span> <span class='ocrx_word' id='word_1_249' title='bbox 1388 1665 1480 1697; x_wconf 85' lang='lat' dir='ltr'>dem</span> <span class='ocrx_word' id='word_1_250' title='bbox 1506 1665 1709 1707; x_wconf 87' lang='lat' dir='ltr'>heiligen</span> 
     </span>
     <span class='ocr_line' id='line_1_26' title="bbox 145 1711 590 1754; baseline -0.009 -8"><span class='ocrx_word' id='word_1_251' title='bbox 145 1714 310 1746; x_wconf 89' lang='lat' dir='ltr'>Kreuze</span> <span class='ocrx_word' id='word_1_252' title='bbox 335 1711 485 1754; x_wconf 88' lang='lat' dir='ltr'>geweiht</span> <span class='ocrx_word' id='word_1_253' title='bbox 509 1722 590 1744; x_wconf 85' lang='lat' dir='ltr'>war.</span> 
     </span>
    </p>
   </div>
   <div class='ocr_carea' id='block_1_6' title="bbox 593 1875 1266 1921">
    <p class='ocr_par' dir='ltr' id='par_1_7' title="bbox 593 1875 1266 1921">
     <span class='ocr_line' id='line_1_27' title="bbox 593 1875 1266 1921; baseline -0.006 -5"><span class='ocrx_word' id='word_1_254' title='bbox 593 1879 640 1916; x_wconf 91' lang='lat'>18.</span> <span class='ocrx_word' id='word_1_255' title='bbox 675 1878 734 1921; x_wconf 83' lang='lat'>(3.)</span> <span class='ocrx_word' id='word_1_256' title='bbox 768 1878 808 1914; x_wconf 91' lang='lat' dir='ltr'>ln</span> <span class='ocrx_word' id='word_1_257' title='bbox 834 1876 1051 1914; x_wconf 86' lang='lat' dir='ltr'>Inventione</span> <span class='ocrx_word' id='word_1_258' title='bbox 1076 1887 1105 1913; x_wconf 94' lang='lat' dir='ltr'>s.</span> <span class='ocrx_word' id='word_1_259' title='bbox 1133 1875 1266 1914; x_wconf 77' lang='lat' dir='ltr'>Crucis.</span> 
     </span>
    </p>
   </div>
   <div class='ocr_carea' id='block_1_7' title="bbox 164 1960 1710 2858">
    <p class='ocr_par' dir='ltr' id='par_1_8' title="bbox 813 1960 1037 1992">
     <span class='ocr_line' id='line_1_28' title="bbox 813 1960 1037 1992; baseline -0.004 0"><span class='ocrx_word' id='word_1_260' title='bbox 813 1960 867 1992; x_wconf 91' lang='lat' dir='ltr'>Ad</span> <span class='ocrx_word' id='word_1_261' title='bbox 891 1960 1037 1992; x_wconf 84' lang='lat' dir='ltr'>Laudes.</span> 
     </span>
    </p>

    <p class='ocr_par' dir='ltr' id='par_1_9' title="bbox 167 2085 1557 2193">
     <span class='ocr_line' id='line_1_29' title="bbox 167 2085 1413 2134; baseline -0.003 -8"><span class='ocrx_word' id='word_1_262' title='bbox 167 2088 203 2126; x_wconf 92' lang='lat'>1.</span> <span class='ocrx_word' id='word_1_263' title='bbox 237 2087 349 2134; x_wconf 88' lang='lat' dir='ltr'>Crux,</span> <span class='ocrx_word' id='word_1_264' title='bbox 382 2088 512 2125; x_wconf 90' lang='lat' dir='ltr'>mundi</span> <span class='ocrx_word' id='word_1_265' title='bbox 545 2087 774 2130; x_wconf 81' lang='lat' dir='ltr'>benedictio,</span> <span class='ocrx_word' id='word_1_266' title='bbox 981 2089 1019 2125; x_wconf 88' lang='lat'>4.</span> <span class='ocrx_word' id='word_1_267' title='bbox 1051 2085 1188 2124; x_wconf 89' lang='lat' dir='ltr'>Odoris</span> <span class='ocrx_word' id='word_1_268' title='bbox 1219 2085 1274 2122; x_wconf 86' lang='lat' dir='ltr'>tui</span> <span class='ocrx_word' id='word_1_269' title='bbox 1305 2085 1413 2132; x_wconf 89' lang='lat' dir='ltr'>copia</span> 
     </span>
     <span class='ocr_line' id='line_1_30' title="bbox 234 2142 1557 2193; baseline -0.002 -12"><span class='ocrx_word' id='word_1_270' title='bbox 234 2144 329 2191; x_wconf 88' lang='lat' dir='ltr'>Spes</span> <span class='ocrx_word' id='word_1_271' title='bbox 361 2148 397 2181; x_wconf 88' lang='lat' dir='ltr'>et</span> <span class='ocrx_word' id='word_1_272' title='bbox 429 2148 533 2181; x_wconf 84' lang='lat' dir='ltr'>certa</span> <span class='ocrx_word' id='word_1_273' title='bbox 563 2143 787 2193; x_wconf 84' lang='lat' dir='ltr'>redemptio,</span> <span class='ocrx_word' id='word_1_274' title='bbox 1052 2143 1196 2180; x_wconf 84' lang='lat' dir='ltr'>Cuncta</span> <span class='ocrx_word' id='word_1_275' title='bbox 1227 2142 1343 2178; x_wconf 74' lang='lat' dir='ltr'>vincit</span> <span class='ocrx_word' id='word_1_276' title='bbox 1376 2146 1557 2188; x_wconf 81' lang='lat' dir='ltr'>aromata,</span> 
     </span>
    </p>

    <p class='ocr_par' dir='ltr' id='par_1_10' title="bbox 233 2199 1566 2302">
     <span class='ocr_line' id='line_1_31' title="bbox 234 2199 1508 2248; baseline -0.003 -10"><span class='ocrx_word' id='word_1_277' title='bbox 234 2201 332 2239; x_wconf 91' lang='lat' dir='ltr'>Olim</span> <span class='ocrx_word' id='word_1_278' title='bbox 362 2201 555 2248; x_wconf 87' lang='lat' dir='ltr'>gehennae</span> <span class='ocrx_word' id='word_1_279' title='bbox 586 2200 726 2247; x_wconf 66' lang='grc'><strong>1111111111,</strong></span> <span class='ocrx_word' id='word_1_280' title='bbox 1050 2199 1121 2236; x_wconf 87' lang='lat' dir='ltr'>Tui</span> <span class='ocrx_word' id='word_1_281' title='bbox 1154 2199 1315 2235; x_wconf 89' lang='lat' dir='ltr'>dulcedo</span> <span class='ocrx_word' id='word_1_282' title='bbox 1345 2199 1508 2235; x_wconf 81' lang='lat' dir='ltr'>nectaris</span> 
     </span>
     <span class='ocr_line' id='line_1_32' title="bbox 233 2255 1566 2302; baseline -0.001 -7"><span class='ocrx_word' id='word_1_283' title='bbox 233 2257 343 2295; x_wconf 89' lang='lat' dir='ltr'>Nunc</span> <span class='ocrx_word' id='word_1_284' title='bbox 374 2258 478 2295; x_wconf 87' lang='lat' dir='ltr'>clara</span> <span class='ocrx_word' id='word_1_285' title='bbox 511 2257 607 2295; x_wconf 88' lang='lat' dir='ltr'>caeli</span> <span class='ocrx_word' id='word_1_286' title='bbox 634 2258 760 2297; x_wconf 88' lang='lat' dir='ltr'>ianua.</span> <span class='ocrx_word' id='word_1_287' title='bbox 1051 2256 1189 2302; x_wconf 87' lang='lat' dir='ltr'>Replet</span> <span class='ocrx_word' id='word_1_288' title='bbox 1221 2266 1359 2292; x_wconf 81' lang='lat' dir='ltr'>arcana</span> <span class='ocrx_word' id='word_1_289' title='bbox 1389 2255 1566 2301; x_wconf 88' lang='lat' dir='ltr'>pectoris.</span> 
     </span>
    </p>

    <p class='ocr_par' dir='ltr' id='par_1_11' title="bbox 164 2390 1710 2609">
     <span class='ocr_line' id='line_1_33' title="bbox 164 2390 1710 2439; baseline -0.003 -9"><span class='ocrx_word' id='word_1_290' title='bbox 164 2394 202 2431; x_wconf 87' lang='lat'>2.</span> <span class='ocrx_word' id='word_1_291' title='bbox 234 2393 278 2430; x_wconf 92' lang='lat' dir='ltr'>In</span> <span class='ocrx_word' id='word_1_292' title='bbox 309 2397 347 2429; x_wconf 89' lang='lat' dir='ltr'>te</span> <span class='ocrx_word' id='word_1_293' title='bbox 377 2393 526 2430; x_wconf 89' lang='lat' dir='ltr'>levatur</span> <span class='ocrx_word' id='word_1_294' title='bbox 555 2393 692 2437; x_wconf 74' lang='lat' dir='ltr'>hostia,</span> <span class='ocrx_word' id='word_1_295' title='bbox 981 2396 1019 2430; x_wconf 87' lang='lat'>5.</span> <span class='ocrx_word' id='word_1_296' title='bbox 1052 2393 1294 2439; x_wconf 68' lang='lat' dir='ltr'>Fen-crucem,</span> <span class='ocrx_word' id='word_1_297' title='bbox 1311 2390 1473 2435; x_wconf 87' lang='lat' dir='ltr'>Christe,</span> <span class='ocrx_word' id='word_1_298' title='bbox 1488 2399 1710 2436; x_wconf 86' lang='lat' dir='ltr'>quaesumus</span> 
     </span>
     <span class='ocr_line' id='line_1_34' title="bbox 234 2445 1689 2496; baseline -0.003 -10"><span class='ocrx_word' id='word_1_299' title='bbox 234 2449 296 2486; x_wconf 92' lang='lat' dir='ltr'>Ad</span> <span class='ocrx_word' id='word_1_300' title='bbox 327 2459 367 2486; x_wconf 90' lang='lat' dir='ltr'>se</span> <span class='ocrx_word' id='word_1_301' title='bbox 398 2450 493 2496; x_wconf 69' lang='lat' dir='ltr'>q&#39;uae</span> <span class='ocrx_word' id='word_1_302' title='bbox 524 2450 642 2488; x_wconf 83' lang='lat' dir='ltr'>traxit</span> <span class='ocrx_word' id='word_1_303' title='bbox 672 2449 808 2493; x_wconf 83' lang='lat' dir='ltr'>omnia,</span> <span class='ocrx_word' id='word_1_304' title='bbox 1047 2449 1108 2485; x_wconf 91' lang='lat' dir='ltr'>Ad</span> <span class='ocrx_word' id='word_1_305' title='bbox 1142 2449 1241 2484; x_wconf 75' lang='lat' dir='ltr'>vitae</span> <span class='ocrx_word' id='word_1_306' title='bbox 1272 2445 1439 2484; x_wconf 85' lang='lat' dir='ltr'>transfer</span> <span class='ocrx_word' id='word_1_307' title='bbox 1470 2446 1689 2494; x_wconf 82' lang='lat' dir='ltr'>praemium,</span> 
     </span>
     <span class='ocr_line' id='line_1_35' title="bbox 236 2503 1556 2553; baseline -0.003 -10"><span class='ocrx_word' id='word_1_308' title='bbox 236 2506 354 2552; x_wconf 83' lang='lat' dir='ltr'>Quam</span> <span class='ocrx_word' id='word_1_309' title='bbox 384 2507 516 2543; x_wconf 89' lang='lat' dir='ltr'>mundi</span> <span class='ocrx_word' id='word_1_310' title='bbox 546 2507 725 2553; x_wconf 86' lang='lat' dir='ltr'>princeps</span> <span class='ocrx_word' id='word_1_311' title='bbox 747 2505 895 2552; x_wconf 90' lang='lat' dir='ltr'>impetit</span> <span class='ocrx_word' id='word_1_312' title='bbox 1050 2506 1149 2551; x_wconf 85' lang='lat' dir='ltr'>Quos</span> <span class='ocrx_word' id='word_1_313' title='bbox 1175 2504 1266 2550; x_wconf 86' lang='lat' dir='ltr'>ligni</span> <span class='ocrx_word' id='word_1_314' title='bbox 1299 2504 1395 2541; x_wconf 78' lang='lat' dir='ltr'>fixus</span> <span class='ocrx_word' id='word_1_315' title='bbox 1427 2503 1556 2549; x_wconf 89' lang='lat' dir='ltr'>stipite</span> 
     </span>
     <span class='ocr_line' id='line_1_36' title="bbox 236 2560 1540 2609; baseline -0.002 -10"><span class='ocrx_word' id='word_1_316' title='bbox 236 2563 426 2609; x_wconf 87' lang='lat' dir='ltr'>Suumque</span> <span class='ocrx_word' id='word_1_317' title='bbox 455 2563 550 2599; x_wconf 88' lang='lat' dir='ltr'>nihil</span> <span class='ocrx_word' id='word_1_318' title='bbox 581 2563 738 2602; x_wconf 86' lang='lat' dir='ltr'>invenit.</span> <span class='ocrx_word' id='word_1_319' title='bbox 1050 2562 1240 2608; x_wconf 84' lang='lat' dir='ltr'>Dignatus</span> <span class='ocrx_word' id='word_1_320' title='bbox 1271 2571 1310 2596; x_wconf 87' lang='lat' dir='ltr'>es</span> <span class='ocrx_word' id='word_1_321' title='bbox 1342 2560 1540 2597; x_wconf 87' lang='lat' dir='ltr'>redimere.</span> 
     </span>
    </p>

    <p class='ocr_par' dir='ltr' id='par_1_12' title="bbox 169 2694 1559 2858">
     <span class='ocr_line' id='line_1_37' title="bbox 169 2694 1559 2746; baseline -0.001 -11"><span class='ocrx_word' id='word_1_322' title='bbox 169 2697 207 2735; x_wconf 83' lang='lat'>3.</span> <span class='ocrx_word' id='word_1_323' title='bbox 237 2698 341 2735; x_wconf 88' lang='lat' dir='ltr'>Tuae</span> <span class='ocrx_word' id='word_1_324' title='bbox 371 2698 465 2746; x_wconf 85' lang='lat' dir='ltr'>legis</span> <span class='ocrx_word' id='word_1_325' title='bbox 496 2698 678 2735; x_wconf 84' lang='lat' dir='ltr'>articulus</span> <span class='ocrx_word' id='word_1_326' title='bbox 983 2698 1018 2734; x_wconf 88' lang='lat'>6.</span> <span class='ocrx_word' id='word_1_327' title='bbox 1052 2696 1107 2734; x_wconf 90' lang='lat' dir='ltr'>Sit</span> <span class='ocrx_word' id='word_1_328' title='bbox 1138 2696 1238 2742; x_wconf 86' lang='lat' dir='ltr'>patri</span> <span class='ocrx_word' id='word_1_329' title='bbox 1269 2695 1350 2732; x_wconf 87' lang='lat' dir='ltr'>laus</span> <span class='ocrx_word' id='word_1_330' title='bbox 1381 2694 1559 2742; x_wconf 73' lang='lat' dir='ltr'>ingenito,</span> 
     </span>
     <span class='ocr_line' id='line_1_38' title="bbox 234 2751 1493 2801; baseline -0.003 -10"><span class='ocrx_word' id='word_1_331' title='bbox 234 2755 353 2792; x_wconf 86' lang='lat' dir='ltr'>Vetus</span> <span class='ocrx_word' id='word_1_332' title='bbox 385 2758 509 2791; x_wconf 86' lang='lat' dir='ltr'>cassat</span> <span class='ocrx_word' id='word_1_333' title='bbox 541 2754 857 2801; x_wconf 71' lang='lat' dir='ltr'>chyrographum,</span> <span class='ocrx_word' id='word_1_334' title='bbox 1054 2753 1106 2790; x_wconf 87' lang='lat' dir='ltr'>Sit</span> <span class='ocrx_word' id='word_1_335' title='bbox 1142 2752 1256 2789; x_wconf 86' lang='lat' dir='ltr'>decus</span> <span class='ocrx_word' id='word_1_336' title='bbox 1287 2751 1493 2798; x_wconf 84' lang='lat' dir='ltr'>unigenito,</span> 
     </span>
     <span class='ocr_line' id='line_1_39' title="bbox 235 2808 1478 2858; baseline -0.003 -10"><span class='ocrx_word' id='word_1_337' title='bbox 235 2812 404 2858; x_wconf 87' lang='lat' dir='ltr'>Antiqua</span> <span class='ocrx_word' id='word_1_338' title='bbox 434 2811 537 2858; x_wconf 88' lang='lat' dir='ltr'>perit</span> <span class='ocrx_word' id='word_1_339' title='bbox 568 2811 743 2857; x_wconf 76' lang='lat' dir='ltr'>servitus,</span> <span class='ocrx_word' id='word_1_340' title='bbox 1054 2810 1109 2846; x_wconf 82' lang='lat' dir='ltr'>Sit</span> <span class='ocrx_word' id='word_1_341' title='bbox 1141 2808 1334 2855; x_wconf 86' lang='lat' dir='ltr'>utriusque</span> <span class='ocrx_word' id='word_1_342' title='bbox 1365 2808 1478 2854; x_wconf 86' lang='lat' dir='ltr'>parili</span> 
     </span>
    </p>
   </div>
   <div class='ocr_carea' id='block_1_8' title="bbox 238 2863 1593 2906">
    <p class='ocr_par' dir='ltr' id='par_1_13' title="bbox 238 2863 1593 2906">
     <span class='ocr_line' id='line_1_40' title="bbox 238 2863 1593 2906; baseline -0.001 -2"><span class='ocrx_word' id='word_1_343' title='bbox 238 2869 337 2904; x_wconf 82' lang='lat' dir='ltr'>Vera</span> <span class='ocrx_word' id='word_1_344' title='bbox 367 2868 525 2905; x_wconf 89' lang='lat' dir='ltr'>libertas</span> <span class='ocrx_word' id='word_1_345' title='bbox 557 2867 743 2906; x_wconf 82' lang='lat' dir='ltr'>redditur.</span> <span class='ocrx_word' id='word_1_346' title='bbox 1053 2866 1235 2903; x_wconf 81' lang='lat' dir='ltr'>Maiestas</span> <span class='ocrx_word' id='word_1_347' title='bbox 1266 2875 1409 2901; x_wconf 87' lang='lat' dir='ltr'>summa</span> <span class='ocrx_word' id='word_1_348' title='bbox 1439 2863 1593 2903; x_wconf 83' lang='lat' dir='ltr'>flamini.</span> 
     </span>
    </p>
   </div>
  </div>
 </body>
</html>
