2031 3289
950 256 1004 261 ——
1063 233 1259 273 394—

987 401 1126 440 caput
1149 401 1221 434 VI.

862 481 1156 528 Respondet
1193 481 1348 528 virgo.

371 595 408 634 1.
438 594 649 632 Descendit
680 593 836 631 dilectus
865 604 972 632 meus

443 651 553 690 Omni
587 650 741 687 dulcore
772 660 900 687 roseus

493 707 546 744 In
589 706 742 744 hortum
772 717 887 743 suum
918 706 1073 755 saeculi,

435 762 503 800 Ad
532 773 591 799 me
622 762 794 799 areolam
826 762 928 800 Deus

439 817 677 858 Aromatum
709 825 938 865 spontaneus

493 875 606 912 Venit
635 875 771 921 hospes
802 875 941 912 uteruli

437 932 527 973 Mei,
561 936 601 968 ut
632 930 723 967 facti
753 932 903 978 parvuli

438 988 564 1035 Ipsius
595 992 632 1024 et
660 988 808 1034 pueruli

495 1044 640 1082 Mundo
671 1043 798 1080 fierem
830 1044 975 1089 alveus,

439 1101 572 1147 Itaque
602 1101 702 1137 omni
733 1101 854 1137 exsuli

437 1157 537 1194 Dato
567 1157 606 1193 in
636 1168 748 1193 manu
779 1156 904 1194 zabuli

495 1215 627 1251 Annus
659 1217 757 1249 esset
787 1213 984 1251 iubilaeuS.

396 1387 404 1395 .
437 1361 501 1398 Ius
531 1364 587 1396 est
617 1371 737 1405 suum,
768 1362 815 1397 ut
835 1362 1025 1406 pascatur

439 1416 489 1453 In
521 1416 640 1454 hortis
669 1420 706 1452 et
736 1416 937 1459 nutriatur,

496 1471 691 1510 Videlicet
721 1473 758 1509 in
791 1471 968 1509 cordibus

442 1529 577 1577 Castis,
610 1529 744 1576 quibus
776 1528 938 1565 situatur

442 1586 603 1624 Devotio
635 1590 672 1622 et
701 1586 898 1632 plantatur

499 1642 685 1680 Comitata
716 1641 933 1687 virtutibus,

1213 593 1378 630 Et-lilia
1411 603 1493 629 cum
1524 591 1680 630 floribus
1750 617 1754 622 -

1216 649 1381 697 Colliqat
1412 649 1683 696 multiplicibus

1271 706 1477 752 Tamquam
1494 717 1635 754 amans,
1653 706 1714 752 qui
1727 710 1886 754 amatus,

1215 761 1313 799 Nam
1346 762 1391 800 de
1422 761 1530 799 bonis
1560 762 1751 810 operibus,

1217 817 1341 855 Castis
1371 824 1482 865 atque
1510 817 1730 855 florentibus

1275 875 1421 912 Sertum
1452 885 1613 912 vernans
1644 874 1717 912 sibi
1750 875 1874 914 datur.

1176 1050 1184 1059 .
1216 1019 1299 1067 qu
1330 1031 1410 1057 sum
1441 1031 1522 1058 meo
1555 1020 1700 1067 dilecto,

1217 1076 1446 1123 Dignissimo
1478 1081 1513 1113 et
1545 1077 1664 1114 electo

1267 1133 1320 1169 Et
1349 1133 1444 1169 mihi
1475 1144 1580 1170 meus
1611 1133 1778 1184 dilectus,

1213 1189 1370 1235 Semper
1402 1189 1514 1226 debet
1544 1190 1644 1226 omni
1674 1194 1774 1227 tecto

1215 1246 1322 1292 Iungi
1354 1244 1525 1294 perfecta
1555 1244 1726 1292 perfecto

1270 1303 1395 1348 Atque
1427 1301 1619 1349 perfectae
1651 1302 1869 1354 perfeetus3

1218 1358 1292 1407 Qui
1310 1359 1490 1405 pascitur
1520 1370 1634 1405 supra
1666 1364 1796 1405 pectus

1213 1415 1354 1459 Meum,
1386 1426 1490 1452 meus
1522 1420 1577 1452 est
1609 1415 1763 1462 electus,

1269 1472 1384 1517 Quem
1417 1478 1453 1508 et
1484 1482 1641 1519 pascere
1671 1471 1805 1510 affecto

1213 1527 1322 1565 Inter
1353 1526 1450 1577 lizia,
1482 1533 1522 1565 ut
1553 1533 1677 1565 rectus

1213 1585 1287 1621 Hic
1318 1585 1532 1622 consideret
1562 1588 1738 1631 aspectus

1268 1641 1333 1678 Me
1362 1641 1500 1678 laetam
1531 1641 1600 1679 tali
1630 1641 1789 1682 obiecto.

846 1787 1016 1825 Filius
1058 1787 1118 1825 ad
1154 1792 1370 1827 matrem.

399 1922 406 1930 .
439 1890 611 1928 Pulchra
643 1901 691 1935 es,
723 1889 970 1926 dilectissima

440 1947 583 1985 Amica
613 1957 711 1995 mea,
743 1947 908 1983 maxima

497 2004 712 2049 Suavisque
741 2004 779 2039 in
811 2002 996 2052 omnibus,

439 2061 590 2099 Decora
621 2071 659 2097 es
689 2060 726 2096 in
759 2060 894 2106 anima,

441 2117 522 2154 Nec
554 2127 641 2154 caro
672 2120 748 2152 tam
780 2115 1025 2152 mundissima

497 2174 567 2210 Est
597 2173 635 2210 in
667 2173 807 2209 saeculi
838 2172 998 2221 finibus3

447 2231 503 2268 Tu
538 2230 652 2276 digna
682 2230 826 2265 cunetis
857 2228 1045 2278 laudibus,

445 2285 702 2323 Praeferenda
735 2285 950 2329 honoribus,

502 2342 610 2380 Sicut
638 2341 849 2379 Ierusalem
883 2342 1006 2388 prima

447 2399 572 2436 Debes
602 2409 683 2435 esse
714 2409 735 2435 a
767 2399 910 2435 civibus

441 2455 646 2492 Mundanis
679 2460 715 2491 et
747 2454 971 2491 caelestibus

498 2512 716 2549 Electarum
749 2511 980 2558 dignissima,

374 2662 408 2696 ἵ.
445 2658 493 2696 Ut
524 2658 624 2695 acies
657 2657 840 2695 ordinata

442 2715 668 2752 (lastrorum
698 2719 809 2761 atque
840 2718 972 2751 ornata

497 2771 679 2808 Hostibus
711 2781 749 2807 es
779 2767 976 2819 terribilis,

440 2829 475 2864 A
507 2837 727 2874 quocunque
757 2827 932 2863 invocata

442 2883 497 2920 Tu
529 2894 568 2920 es
599 2884 658 2920 vel
689 2883 929 2929 interpolata,

498 2940 597 2976 Huic
627 2940 718 2977 ades
751 2937 1007 2984 defensibilis;

1214 1889 1277 1926 Ad
1309 1894 1434 1926 eastra
1465 1893 1529 1926 tua
1561 1888 1698 1926 debilis

1214 1945 1379 1992 Fugiens
1410 1946 1489 1982 sive
1519 1946 1629 1982 exilis

1271 2001 1450 2039 Subsidia
1479 2006 1707 2048 praeparata

1214 2058 1353 2099 Habet,
1386 2069 1455 2095 nec-
1485 2058 1716 2095 accessibilis

1215 2115 1294 2151 Iam
1325 2120 1382 2151 est
1412 2115 1530 2152 hostis
1562 2115 1755 2152 horribilis

1271 2171 1421 2209 Praeda
1451 2183 1518 2208 sua
1550 2171 1794 2218 depraedata.

1174 2346 1183 2356 .
1216 2317 1442 2354 Hominibus
1473 2316 1714 2364 profecturus

1214 2374 1266 2412 Et
1296 2385 1365 2420 per
1396 2379 1552 2411 mortem
1585 2374 1769 2411 valiturus

1270 2432 1408 2468 Arerte
1438 2441 1512 2467 non
1545 2431 1629 2468 dico
1661 2435 1775 2474 certe,

1215 2487 1290 2524 Sed
1322 2488 1457 2525 timens
1488 2488 1597 2524 homo
1629 2497 1807 2533 passurus

1214 2543 1265 2581 Et
1295 2545 1332 2581 in
1365 2554 1477 2581 carne
1507 2544 1710 2581 moriturus

1270 2601 1376 2637 Tunc
1408 2601 1511 2637 dieo:
1548 2612 1572 2636 a
1599 2611 1659 2637 me
1688 2603 1818 2636 averte

1217 2656 1352 2695 Oculos
1381 2659 1478 2701 tuos,
1510 2668 1596 2693 113111
1627 2666 1696 2703 per
1726 2660 1763 2692 te

1217 2714 1506 2760 Compassuram
1539 2723 1642 2750 meae
1674 2716 1803 2760 pertae

1271 2770 1333 2807 Ad
1366 2774 1523 2806 mortem
1554 2780 1635 2806 sum
1661 2770 1888 2806 transiturus

1214 2826 1268 2863 Te
1298 2836 1569 2874 passuramque
1599 2832 1730 2872 operte

1213 2883 1269 2920 Ob
1300 2883 1371 2919 1100
1401 2883 1569 2920 corditus
1599 2886 1731 2928 aperte

1270 2939 1517 2978 Condolendo
1547 2949 1627 2976 sum
1659 2938 1819 2977 visurus,

2021 2773 2029 2781 .
1999 2617 2031 2733 4....11
2007 2191 2031 2607 ,sm
2008 2495 2010 2498 v
2012 2241 2015 2245 >
2011 492 2031 2190 *etQ—Q
2003 873 2006 875 ’
2029 471 2031 485 -
2029 422 2031 451 *2
