1914 3223
711 190 904 231 —367
968 215 1018 220 —

565 304 603 341 9.
647 304 754 350 Quod
786 309 827 341 ut
857 297 1064 352 propitium

649 360 697 396 sit
728 360 852 407 nobis,

647 427 715 453 vos
746 418 892 455 orando
923 418 1136 464 impretate.

177 502 279 535 Grad.
314 515 376 535 ms.
412 501 674 545 Secovienseff)
705 515 796 538 saec.
831 503 882 537 12.
937 506 1020 538 Cod.
1056 507 1299 540 Vindobonen.
1336 506 1460 539 13:314.
1492 525 1535 531 —
1565 507 1654 540 Mel:

85 546 168 586 Ave,
189 547 394 589 praeclara.

513 672 595 707 2⁸5.
627 672 710 715 (22.)
744 673 803 708 De
828 674 970 709 sancto
998 673 1225 710 matthaeo.

563 778 599 815 1.
646 778 689 815 In
719 777 840 815 Deum
871 778 998 816 vivum

651 835 815 871 exsultet
845 835 1041 873 iubilando

652 902 740 928 caro
768 896 803 928 et
836 902 901 928 cor
930 896 1114 932 nostrum.

907 970 982 1009 2b.
1025 971 1184 1017 Quando
1217 972 1389 1009 Christus
1420 973 1526 1009 Iesus

1021 1028 1070 1065 ad
1101 1039 1141 1065 se
1173 1029 1321 1066 vocavit
1350 1029 1599 1068 Matthaeum.

88 970 158 1008 2a.
199 969 350 1006 Etenim
383 980 518 1016 passer

200 1025 398 1064 adinvenit
429 1026 501 1063 sibi
535 1026 699 1071 domum,

89 1119 159 1156 3a.
200 1117 452 1155 Ascensiones
909 1118 983 1157 3b.
1027 1119 1119 1156 Cum
1151 1119 1426 1157 mundanarum

202 1174 238 1210 in
272 1174 387 1211 corde

201 1231 263 1277 qui
294 1237 386 1268 tunc
418 1231 616 1281 disposuit,

90 1323 161 1361 4a.
202 1311 492 1358 Misericordias

199 1388 299 1414 nunc
330 1383 367 1414 et
397 1378 435 1414 in
469 1383 664 1415 aeternum

202 1439 394 1471 cantemus
426 1435 528 1482 patri

200 1491 562 1537 misericordiarum,

91 1584 162 1620 5a.
204 1582 353 1620 Clarior
385 1581 483 1619 facie
514 1582 640 1630 Moysi

200 1638 438 1685 resplenduit

202 1693 321 1732 facies
351 1695 554 1743 Matthaei,

92 1788 162 1825 Ga.
203 1786 254 1823 Hi
287 1786 360 1824 duo
393 1787 603 1824 consistunt

199 1843 238 1880 in
270 1843 395 1889 capite

905 1322 980 1360 4b.

911 1583 985 1623 5b.

910 1787 980 1826 6b.

1020 1186 1194 1212 curarum

1022 1232 1147 1269 vincla
1180 1233 1367 1278 deposuit.

1022 1323 1130 1359 Inter
1161 1323 1353 1369 apostolos

1021 1383 1058 1416 et
1087 1380 1338 1426 evangelistas

1021 1436 1085 1483 qui
1113 1436 1253 1473 locavit

1024 1503 1245 1530 conversum
1278 1492 1535 1539 publicanum,

1027 1583 1126 1621 Nam
1157 1583 1255 1620 liber
1285 1583 1540 1631 generationis

1026 1640 1169 1677 Christi
1202 1641 1341 1677 clarior

1023 1702 1079 1733 est
1108 1697 1208 1733 libro
1242 1696 1394 1735 Genesi.

1025 1787 1191 1826 Proinde
1221 1791 1362 1834 quanta
1393 1791 1450 1824 est

1024 1845 1207 1881 distantia

200 1900 340 1937 veteris
371 1900 454 1949 ille,
486 1901 549 1938 hic
1023 1901 1123 1938 inter
1154 1901 1432 1949 scripturarum

201 1967 320 1994 novae
351 1957 579 2006 scripturae,
1022 1958 1213 2004 principia

201 2013 269 2050 sed
299 2013 364 2050 ille
1022 2014 1200 2061 antiquae

203 2070 408 2117 antiquam,
1023 2076 1060 2107 et
1090 2081 1222 2119 novae,

202 2126 264 2163 hic
294 2138 428 2164 novam
1022 2132 1129 2164 tanta
1159 2134 1215 2164 est

202 2183 335 2220 scribit
367 2184 641 2231 genealogiam,

94 2275 165 2313 7a.
205 2273 312 2311 Haec
343 2278 401 2310 est
431 2274 601 2322 mutatio,

203 2341 314 2377 quam
345 2336 527 2377 operatur
558 2331 698 2368 excelsi

204 2387 389 2434 principis
405 2413 407 2415 -
422 2388 592 2428 dextera.

100 2478 168 2516 8a.
210 2477 314 2514 Talis
346 2482 403 2515 est
434 2477 580 2516 fructus

205 2535 460 2580 paenitentiae

206 2594 243 2626 et
273 2591 417 2637 gratiae
444 2592 571 2639 lapsos

206 2647 412 2685 relevantis

96 2740 167 2778 9a.
208 2738 279 2776 Est
310 2740 447 2776 etenim

207 2805 317 2832 omne
349 2796 519 2833 debitum

207 2851 256 2888 ad
289 2852 359 2888 hoc
390 2863 499 2890 servo

208 2918 230 2944 a
261 2908 341 2946 Deo
375 2909 584 2955 dimissum,

911 2274 984 2313 7b.

913 2478 987 2518 8b.

912 2739 986 2778 9b.

1022 2184 1062 2221 in
1092 2184 1288 2222 Matthaeo
1320 2189 1357 2220 et
1384 2184 1532 2231 Moyse.

1025 2275 1165 2320 Legem
1198 2275 1261 2321 qui
1294 2274 1465 2321 dederat,

1023 2341 1123 2367 nunc
1155 2331 1438 2378 evangelizatur
1466 2343 1489 2369 a

1025 2387 1119 2434 legis
1150 2392 1442 2434 transgressore.

1030 2478 1082 2516 Et
1112 2478 1335 2524 publicanos

1027 2540 1181 2571 cunctos
1212 2535 1321 2571 unius

1025 2592 1196 2638 exemplo
1228 2591 1277 2628 ad
1310 2592 1423 2629 vitam

1024 2648 1249 2686 revocantis,

1030 2740 1079 2778 Ut
1112 2739 1246 2775 suimet

1026 2806 1095 2844 pcr
1126 2796 1338 2842 exemplum

1025 2852 1196 2888 misereri

1028 2908 1121 2945 sciat
1154 2919 1431 2950 conservorum,
