1914 3223
1553 177 1572 198 Ι

742 224 792 230 -
854 198 936 241 283
996 221 1049 228 -

116 308 117 311 Ἴ
137 320 202 359 31.
236 320 295 358 Ad
319 323 355 356 te
378 317 554 365 clamans,
578 315 650 360 fac,
672 320 711 354 ut
734 327 862 354 amans
948 318 1014 354 32.
1047 314 1099 353 Ut
1129 313 1266 352 amaris
1299 312 1407 350 huius
1438 311 1552 348 maris

290 377 408 413 Deum
440 384 554 420 super
584 373 708 410 omnia
1104 370 1300 407 Fluctibus
1330 369 1500 406 exsiliam

235 434 387 470 Iunctus
419 430 488 467 tibi
519 431 580 466 hic
611 435 644 466 et
678 430 729 466 ibi
1049 428 1097 464 1⁴:1¹
1130 428 1288 464 devotus
1319 426 1388 463 tibi
1420 429 1521 462 totus

290 490 372 527 Tua
402 487 507 525 fruar
537 487 671 534 gratia,
1106 484 1185 521 Deo
1216 493 1366 531 semper
1395 482 1569 519 serviam.

565 587 733 634 Explicit
760 587 969 624 secundum
1000 585 1225 632 capitulum.

542 724 736 780 Incipit
774 733 960 769 titulus
999 732 1046 768 in
1087 732 1250 769 tertio.

395 837 561 885 Virginis
594 840 630 873 et
661 837 806 884 matris,
839 846 932 882 quae
965 835 1108 872 cunctis
1139 835 1267 872 obviat
1298 834 1404 880 atris,

449 895 549 933 Laus
579 899 615 930 et
643 893 760 930 honor
791 892 940 930 Domini
974 893 1198 929 conveniens
1230 891 1382 929 homini.

389 952 418 989 O
453 951 531 999 pia,
563 950 789 988 christicolis
821 960 929 986 sacra
958 949 1022 986 lux
1053 952 1091 985 et
1122 949 1225 996 regia
1253 948 1358 997 solis,

450 1008 506 1044 Da
537 1006 628 1043 mihi
660 1007 772 1043 laude
803 1010 866 1043 tua
894 1005 1019 1043 vivere
1051 1009 1245 1052 perpetua.

728 1107 897 1154 Explicit
926 1107 1070 1146 titulus.

492 1287 573 1322 291.
610 1287 667 1327 (4.)
703 1286 848 1330 Incipit
873 1285 1035 1321 tertium
1062 1285 1303 1330 Capitulum.

139 1395 174 1431 1.
205 1394 234 1430 O
266 1392 400 1433 Maria,
433 1393 495 1429 lux
527 1396 563 1428 et
593 1393 653 1429 via
963 1392 997 1431 7.
1018 1391 1132 1438 Virgo
1163 1391 1248 1439 Dei,
1279 1401 1417 1438 perpes
1448 1391 1483 1427 ei

265 1448 417 1486 Sursum
451 1453 485 1485 et
517 1447 686 1490 inferius,
1072 1447 1204 1484 Comes
1235 1448 1282 1485 ad
1314 1448 1468 1494 regalia,

210 1506 250 1543 In
285 1505 435 1542 caducis
466 1506 524 1542 via
556 1505 650 1541 lucis
1016 1504 1173 1554 Sponsa,
1207 1515 1315 1542 soror
1346 1508 1394 1551 et,
1426 1503 1517 1551 quid
1535 1514 1671 1548 moror,

265 1562 471 1608 Peragrans
502 1562 685 1611 superius,
1072 1561 1124 1597 Et
1154 1565 1274 1598 mater
1305 1565 1341 1598 et
1371 1560 1459 1599 filia.

136 1666 174 1702 2.
206 1664 246 1700 ln
278 1663 409 1710 sophia
440 1663 538 1700 vitae
570 1664 642 1709 via,
958 1663 995 1700 S.
1015 1662 1044 1700 O
1076 1663 1259 1709 sublimis,
1293 1673 1331 1699 es
1363 1662 1401 1699 in
1432 1662 1517 1699 imis

263 1720 362 1756 Luce
394 1716 520 1756 lucens
552 1720 702 1766 clarius,
1071 1719 1136 1756 Pie
1168 1719 1298 1756 fovens
1329 1719 1501 1769 humiles,

209 1777 284 1813 Fac
315 1787 381 1813 uos
411 1786 497 1812 vere
528 1776 695 1813 relucere
1013 1776 1082 1822 Qui
1114 1777 1297 1821 nituntur,
1329 1776 1397 1813 sed
1426 1776 1606 1814 labuntur

264 1834 369 1870 Intus
400 1837 435 1868 et
467 1833 642 1870 exterius.
1071 1832 1228 1879 Saepius
1257 1837 1296 1869 ut
1329 1831 1498 1880 fragiles.

139 1935 176 1971 3.
208 1934 306 1970 Mira
331 1938 460 1980 mater,
494 1934 596 1971 cuius
628 1939 735 1980 pater
955 1936 992 1972 9.
1011 1934 1250 1972 Continendo
1281 1938 1318 1971 et
1347 1934 1521 1981 parendo

265 1990 364 2027 Deus
395 1995 449 2026 est
481 1995 515 2027 et
547 1989 657 2041 filius,
1067 1990 1152 2027 Tibi
1179 1989 1262 2028 fore
1292 1991 1434 2028 similes

205 2046 322 2083 Dulce
354 2046 506 2093 donum,
537 2047 630 2083 mire
662 2047 811 2095 bonum,
1011 2047 1089 2084 Fac
1119 2052 1310 2095 gementes
1341 2054 1379 2085 et
1409 2052 1628 2096 trementes,

261 2103 411 2142 Cunctis
443 2103 663 2143 mirabilius.
1067 2104 1146 2141 Fac
1176 2104 1365 2153 honest0S‚
1396 2106 1521 2144 utiles,

135 2206 173 2244 4.
207 2204 322 2251 Virgo
352 2205 456 2250 mira,
488 2215 556 2251 per
588 2216 696 2252 quam
728 2205 813 2243 dira
926 2206 991 2247 10.
1009 2206 1168 2244 Nostras
1199 2210 1342 2243 mentes
1373 2205 1433 2244 fac
1456 2207 1672 2256 clementes,

260 2261 361 2298 Perit
391 2272 460 2308 pus
490 2261 652 2309 veneria,
1064 2264 1167 2310 Quae
1188 2274 1254 2300 nos
1275 2264 1324 2300 ad
1346 2263 1418 2301 hoc
1436 2275 1670 2313 praemones,

209 2317 277 2354 Per
307 2328 416 2364 quam
448 2317 524 2354 itur
553 2322 590 2355 et
620 2319 743 2356 exitur
1009 2319 1060 2356 Et
1091 2324 1305 2357 constantes
1337 2324 1373 2357 et
1404 2322 1595 2359 calcantes

260 2373 392 2410 Mundi
425 2374 471 2410 de
501 2374 663 2422 miseria,
847 2419 850 2422 ¹
1067 2377 1261 2427 Mundum,
1281 2378 1670 2424 carnem‚daemones.

136 2477 172 2513 5.
205 2476 278 2513 Per
307 2475 557 2522 quam'fletur
587 2480 624 2513 et
655 2477 802 2514 deletur
930 2478 994 2516 11.
1013 2478 1042 2517 Ο
1074 2479 1276 2525 praedives
1307 2490 1424 2528 supra
1455 2480 1556 2518 cives

262 2530 452 2569 Scelerum
484 2533 679 2582 spurcitia,
1068 2536 1324 2582 Supernorum
1355 2537 1531 2587 omnium,

203 2588 275 2624 l'er
303 2599 412 2635 quam
443 2593 564 2627 statur
593 2594 630 2627 et
661 2590 802 2628 vitatur
1012 2591 1094 2630 Lux
1125 2603 1295 2641 amoena,
1328 2593 1435 2630 bonis
1466 2594 1579 2640 plena

262 2645 442 2682 l'ervicax
474 2646 628 2691 invidia,
1070 2648 1295 2686 Cunctorum
1327 2650 1540 2697 insignium.

137 2746 174 2783 6.
207 2745 280 2782 Per
309 2757 417 2793 quam
450 2747 558 2784 homo
590 2748 659 2785 Dei
690 2748 798 2786 domo
928 2751 990 2789 12.
1010 2751 1145 2797 Tanta,
1178 2751 1278 2799 taliS,
1309 2753 1513 2790 aeternalis

259 2802 358 2839 Vivit
391 2803 427 2840 in
460 2805 673 2850 concordia,
1066 2808 1240 2845 Amutrix
1271 2808 1478 2858 humilium,

206 2859 276 2896 Per
303 2870 411 2906 quam
445 2860 556 2898 datur
585 2866 620 2898 et
652 2866 824 2900 servatur
1011 2863 1131 2901 Nobis
1163 2869 1315 2911 praesto
1345 2875 1498 2913 semper
1528 2870 1620 2915 esto,

261 2914 477 2954 Honestatis
507 2918 639 2964 gratia.
1068 2924 1186 2967 Quam
1214 2921 1318 2960 milia
1349 2923 1492 2960 milium
