2031 3289
924 215 1233 256 —512-

314 333 382 372 72.
426 334 639 379 Imperator
668 342 690 368 a
720 331 840 367 milite
1132 329 1202 368 Ἠ).
1242 329 1340 367 Diva
1370 333 1574 376 perunctus
1604 330 1694 367 alite

480 389 705 433 Coronatur,
1299 386 1524 433 Baptizatur

536 444 708 481 Christus
740 454 762 480 a
793 443 983 488 Iohanne,
1356 443 1400 480 In
1431 442 1605 480 Iordanis
1635 452 1760 481 amne.

315 548 386 585 82.
428 545 604 583 Formam
646 545 751 591 ponit
788 544 1026 594 elementum,
1128 544 1202 583 8b.
1236 544 1333 581 Dum
1358 547 1524 581 mutatur
1540 544 1579 581 in
1597 543 1847 591 pigmentum⁷

481 602 599 647 Quam
631 602 788 639 dederat
1297 601 1399 647 Quae
1429 599 1554 637 fuerat

536 658 665 695 Prima
696 657 886 704 nativitas,
1356 656 1467 704 Legis
1499 657 1720 694 austeritas.

315 761 385 798 92.
428 760 477 797 Et
509 771 576 797 nos
608 770 697 806 ergo
725 763 850 796 mente
880 759 964 805 pari
1128 757 1198 797 9b.
1239 759 1384 796 Aurum
1418 759 1457 795 in
1491 758 1695 806 sapientia,

424 817 545 864 Reges
576 816 668 853 istos
699 815 841 852 imitari
1240 815 1316 852 Tus
1346 815 1385 851 in
1417 825 1571 862 precum
1602 813 1824 862 flagrantia,

427 872 563 920 Sicque
593 872 732 909 trinum
766 872 939 910 venerari
1246 871 1379 909 Carnis
1410 872 1449 908 in
1480 871 1716 908 abstinentia

482 930 602 966 Deum
635 929 866 978 studeamus,
1300 928 1472 965 Murram
1503 926 1716 966 offeramus

287 1031 338 1069 10
351 1043 385 1070 a.
429 1030 482 1069 Ut
511 1041 578 1067 nos
610 1028 815 1077 perfundat
847 1029 968 1075 radio,
1109 1030 1160 1067 10
1174 1029 1210 1067 b.
1246 1029 1298 1066 Et
1328 1040 1395 1065 nos
1427 1039 1496 1076 per
1525 1039 1629 1066 suam
1661 1028 1822 1075 gratiam

427 1087 543 1133 Quem
576 1097 768 1133 magorum
800 1086 956 1124 consilio
1243 1086 1427 1123 Visitatos
1458 1085 1506 1122 ad
1538 1085 1704 1136 patriam

428 1143 636 1189 Inspiravit
663 1143 805 1180 indicio
1248 1142 1355 1179 Viam
1389 1143 1500 1179 ducat
1531 1152 1601 1189 per
1632 1141 1748 1178 aliam

485 1199 626 1237 Stellae
658 1200 829 1237 clarioris
1302 1199 1411 1236 Vitae
1442 1198 1621 1237 melioris.

289 1302 337 1340 11
353 1312 387 1338 a.
432 1301 480 1336 Et
511 1300 574 1347 qui
603 1300 703 1337 liber
733 1311 767 1337 a·
787 1300 958 1347 crimine,
1110 1300 1158 1338 11
1172 1299 1207 1337 b.
1249 1299 1328 1336 Nos
1360 1303 1544 1346 expurget
1574 1310 1596 1337 a
1627 1299 1792 1346 peccatis

429 1356 544 1394 Sacro
574 1367 771 1404 respersus
801 1355 964 1404 flamine,
1248 1356 1300 1394 Et
1330 1356 1506 1403 antiquae
1537 1356 1735 1393 vetustatis

429 1413 564 1450 Mundi
599 1414 740 1450 crimen
769 1413 808 1450 in
840 1413 993 1451 flumine
1251 1412 1393 1449 Labem
1425 1412 1534 1450 tollat
1564 1424 1586 1449 a
1616 1413 1732 1450 reatis

486 1470 657 1507 Detersit
687 1470 814 1518 hodie,
1306 1469 1503 1515 Baptismo
1534 1469 1693 1516 gratiae.

291 1573 341 1610 12
355 1583 388 1611 a.
428 1572 480 1609 Et
510 1574 550 1607 ut
581 1581 717 1617 aquam
741 1576 872 1608 contra
894 1580 1036 1608 morem
1109 1571 1160 1608 12
1173 1570 1210 1608 b.
1249 1569 1401 1607 Nostris
1434 1570 1542 1607 malis
1572 1581 1639 1607 nos
1671 1574 1797 1616 exuat,

433 1627 519 1666 Vini
552 1627 668 1664 vertit
698 1627 737 1664 in
769 1627 967 1676 liquorem,
1250 1626 1348 1663 Fide
1379 1638 1446 1663 sua
1475 1638 1544 1663 nos
1574 1627 1719 1665 imbuat

431 1686 491 1723 Ita
521 1694 610 1721 suae
640 1694 711 1731 per
742 1694 908 1721 amorem
1251 1683 1301 1720 Et
1332 1683 1537 1721 aeternalis
1567 1683 1701 1720 induat

487 1740 778 1778 Misericordiae
1307 1739 1520 1786 Splendore
1551 1740 1706 1787 gloriae.

384 1842 449 1883 Ep.
476 1842 540 1872 111.
565 1858 609 1861 —
633 1841 674 1872 R.
708 1840 750 1872 de
785 1842 932 1879 Roseto,
969 1841 1149 1872 carissimo
1184 1851 1245 1872 suo
1279 1841 1381 1872 simul
1413 1845 1446 1872 et
1479 1841 1673 1872 clarissimo
1702 1841 1788 1871 viro.
1813 1856 1856 1860 —

296 1887 450 1918 Schlnss:
479 1887 592 1927 „Quia
621 1896 703 1917 vero
730 1895 886 1924 carmen,
924 1886 1015 1928 quod
1042 1887 1078 1917 in
1102 1886 1307 1918 festivitatis
1333 1886 1429 1918 illius
1453 1884 1584 1926 (sacrae
1609 1885 1773 1917 videlicet
1797 1886 1855 1926 ap-‘

294 1931 493 1974 paritionis)
523 1931 654 1963 honore
687 1931 752 1962 tibi
778 1941 1002 1972 paraveram,
1037 1932 1071 1962 in
1097 1941 1165 1973 qua
1192 1931 1267 1963 luce
1292 1931 1443 1963 lucidius
1468 1933 1556 1962 mira
1580 1934 1660 1963 tuae
1685 1930 1856 1962 claritatis

294 1978 451 2020 probitas
477 1987 649 2018 apparens
675 1980 709 2008 et
733 1976 960 2008 detractionis
986 1978 1126 2008 omnino
1152 1977 1283 2009 delevit
1301 1977 1453 2008 maculas
1471 1980 1505 2008 et
1522 1976 1679 2008 invidiae
1695 1976 1856 2007 tenebras

296 2023 469 2062 abolevit,
506 2024 596 2053 inter
629 2023 779 2063 impetus
813 2023 1073 2054 convolantium
1109 2025 1142 2054 et
1173 2022 1292 2054 videre
1325 2022 1515 2054 volentium
1552 2024 1586 2054 et
1617 2021 1855 2063 diripientium

296 2068 467 2110 procellas
493 2077 616 2099 manus
642 2071 719 2098 tuas
741 2069 896 2099 evasisse
914 2068 1136 2108 conquereris
1158 2067 1242 2099 illud
1262 2068 1325 2099 tibi
1347 2064 1543 2110 supponi[t]
1560 2068 1692 2109 pagina
1710 2075 1857 2107 sequens

297 2118 329 2146 et
355 2114 502 2155 imponit
526 2113 695 2154 epistolae
724 2112 837 2151 finem,
863 2113 923 2154 qui
949 2113 1130 2144 dilectioni
1157 2122 1253 2144 meae
1278 2123 1347 2143 non
1374 2116 1488 2154 potest
1514 2110 1684 2155 imponi“.
1710 2129 1752 2134 —-

748 2279 830 2315 348.
869 2280 927 2322 (5.)
963 2280 1020 2314 De
1046 2279 1177 2314 Beata
1202 2279 1332 2315 Maria
1358 2280 1403 2315 V.

682 2374 726 2410 R.
772 2374 936 2422 Nostris,
969 2374 1111 2422 regina,
1143 2373 1320 2420 precibus

830 2430 925 2467 Esto
956 2434 1090 2476 patens
1120 2431 1170 2468 ad
1201 2429 1334 2478 filium,

771 2488 850 2533 Quo
883 2487 1009 2523 clauso
1041 2488 1156 2534 venit,
1189 2487 1338 2531 ostium,

828 2542 984 2580 Salvare
1015 2554 1082 2579 nos
1115 2543 1161 2580 ab
1193 2543 1376 2582 hostibus,

300 2646 335 2683 1.
383 2645 533 2682 Laudes
565 2655 741 2681 canamus
774 2644 942 2693 virginis,
1113 2647 1148 2683 2.
1197 2644 1320 2690 Salve,
1353 2644 1470 2691 virgo,
1502 2643 1571 2681 flos
1606 2644 1804 2692 virginum,

438 2702 540 2746 Quae
567 2711 752 2746 sermone,
784 2712 857 2737 non
889 2700 1030 2737 semine
1254 2701 1474 2739 Producens
1503 2699 1664 2737 fructum
1696 2701 1853 2748 gratiae,

440 2759 473 2795 A
505 2758 598 2803 Deo,
632 2767 705 2794 non
737 2757 783 2794 ab
818 2756 965 2794 homine
1254 2755 1368 2794 Cuius
1401 2767 1485 2794 esus
1517 2757 1663 2794 esuriae

384 2814 445 2850 Fit
477 2814 548 2851 Dei
580 2817 702 2851 mater
732 2813 906 2861 hominis,
1197 2813 1292 2861 Spes
1323 2814 1517 2860 saginatur
1547 2813 1749 2861 hominum,

384 2870 546 2916 Superni
576 2875 706 2917 saepta
737 2869 901 2907 flaminis
1199 2871 1241 2908 In
1273 2881 1345 2917 quo
1375 2871 1522 2908 medela
1554 2870 1763 2918 criminum,

443 2926 544 2965 Urbs
574 2925 786 2973 septiformi
818 2925 984 2964 flumine.
1256 2927 1298 2964 In
1332 2938 1403 2974 quo
1435 2927 1538 2964 salus
1569 2926 1764 2963 ecclesiae.
