2031 3289
907 136 1215 177 —286—

556 252 594 290 2.
642 250 700 287 Tu
730 250 800 287 Dei
833 250 952 296 patris
983 250 1175 296 genitique
1205 261 1302 296 pura

642 306 807 351 Caritas,
841 317 913 352 qua
944 316 984 342 se
1014 307 1161 352 pariter
1191 306 1353 354 benigne

641 361 853 400 Confovent
884 367 932 411 et,
965 373 1060 408 quae
1092 363 1190 399 bona
1220 364 1328 400 audit
1359 367 1492 400 auctor

751 419 848 455 Esse
879 423 1018 457 creata.

554 494 592 531 3.
639 492 697 528 Tu
727 490 841 529 fidem
873 492 1010 540 spiras,
1043 502 1153 529 sacra
1181 493 1266 530 iura
1298 493 1433 542 dictas,

640 547 797 585 Gratiae
827 548 955 593 largus
987 549 1098 585 venia
1128 553 1292 597 reperta,

639 604 772 641 Victor
803 615 985 649 errorum,
1018 604 1138 650 probe
1168 605 1341 642 veritatis

749 660 1005 700 Testificator.

553 736 592 774 4.
641 733 731 770 Cum
763 734 881 776 venis,
915 734 1064 780 culpam
1097 734 1278 770 lacrimae
1308 741 1487 781 sequaces

635 789 811 836 Diluunt‚
842 790 943 826 vitae
975 791 1173 826 recalescit
1202 790 1314 837 ignis7

636 846 763 892 Atque
796 847 1011 892 compuncti
1043 853 1185 884 cremat
1216 858 1283 883 ara
1315 847 1441 883 cordis

753 903 830 939 Tus
861 903 1030 950 pietatis.

639 975 811 1013 Gloriam
841 976 965 1012 trinae
993 976 1147 1013 monadi
1180 977 1370 1024 canamus,

638 1032 730 1069 Cum
762 1032 843 1069 Deo
876 1033 987 1069 divae
1017 1033 1189 1079 genitore
1219 1033 1295 1079 poli

636 1089 802 1126 Flamini
832 1099 902 1125 nec
932 1100 1006 1126 non
1039 1089 1086 1126 ab
1119 1095 1277 1135 utroque
1310 1088 1393 1125 fuso

754 1145 881 1183 Corde
912 1144 1030 1184 fideli.

369 1224 484 1265 Opera
510 1233 574 1254 ms.
602 1223 760 1255 Fulberti
785 1233 875 1255 saec.
902 1220 972 1265 [11.
999 1224 1045 1254 in.
1074 1220 1126 1254 12.
1153 1220 1201 1265 et]
1229 1221 1280 1254 17.
1330 1224 1412 1255 Uod.
1439 1224 1589 1255 Parisin.
1613 1221 1712 1256 2872.
1737 1226 1777 1256 A.
1803 1242 1846 1247 —

274 1269 328 1300 De
355 1269 496 1301 Villiers
524 1269 583 1299 fol.
613 1266 677 1300 184
688 1279 719 1300 a.
745 1269 785 1301 B.
811 1286 849 1292 --

553 978 574 1013 vx

670 1379 753 1415 217.
790 1380 846 1421 (7).
884 1380 929 1414 In
956 1379 1183 1414 Nativitate
1209 1379 1258 1414 Β.
1283 1379 1337 1413 Μ.
1365 1380 1411 1415 V.

515 1457 554 1495 1.
603 1457 728 1495 Solem
756 1456 938 1504 iustitiae,
970 1467 1095 1503 regem
1127 1457 1300 1503 paritura
1330 1466 1560 1504 ¹supremum,

601 1513 724 1551 Stella
754 1513 880 1550 Maria
912 1513 1027 1549 maris
1060 1513 1173 1550 hodie
1202 1515 1390 1560 processit
1419 1514 1468 1550 ad
1499 1515 1648 1558 ortum3

602 1570 769 1608 Cernere
799 1570 968 1606 divinum
1000 1571 1126 1606 lumen
1157 1570 1332 1616 gaudete,
1367 1569 1512 1608 fideles.

517 1651 557 1688 2.
604 1648 730 1695 Stirps
762 1649 866 1685 Iesse
898 1648 1040 1694 virgam
1072 1648 1255 1694 produxit
1286 1648 1467 1695 virgaque
1497 1647 1642 1696 florem,

604 1705 656 1742 Et
687 1715 803 1752 super
833 1704 932 1741 hunc
962 1703 1094 1741 florem
1125 1704 1312 1750 requievit
1343 1705 1500 1751 spiritus
1531 1705 1675 1753 almus;

602 1762 721 1808 Virgo
756 1761 824 1798 Dei
856 1761 1028 1808 genetrix
1061 1761 1167 1808 virga
1198 1766 1266 1807 est,
1299 1759 1368 1797 flos
1399 1760 1501 1798 filius
1533 1762 1626 1799 eius.

519 1843 557 1880 3.
602 1841 665 1878 Ad
698 1846 829 1878 nutum
862 1840 1015 1878 Domini
1046 1845 1216 1877 nostrum
1251 1840 1408 1877 ditantis
1438 1841 1618 1878 honorem

605 1899 709 1936 Sicut
742 1898 851 1944 spina
883 1908 1007 1933 rosam
1039 1898 1169 1943 genuit
1199 1897 1342 1934 Iudaea
1372 1897 1548 1947 Mariam,

606 1955 659 1993 Ut
691 1955 824 1991 vitium
856 1954 976 1990 virtus
1008 1953 1188 2002 operiret,
1222 1954 1344 2000 gratia
1375 1954 1539 2000 culpam.

376 2033 430 2065 De
462 2033 607 2064 Villiers
639 2031 699 2064 fol.
736 2030 799 2063 177
811 2032 843 2063 b.
875 2032 916 2062 A.
941 2048 985 2053 —
1010 2033 1110 2063 Brev.
1144 2041 1206 2062 ms.
1239 2032 1456 2062 Dominican.
1491 2042 1582 2063 saec.
1618 2029 1670 2063 14.
1702 2028 1752 2073 [et
1784 2027 1850 2073 151.

285 2079 372 2112 Clm.
409 2079 594 2110 Monacen.
629 2076 759 2109 23154.
790 2078 831 2108 Β.
856 2095 901 2098 —
928 2077 1070 2108 Collect.
1104 2087 1166 2107 mS.
1195 2077 1417 2108 Francisean.
1442 2077 1614 2108 Parisien.
1648 2086 1736 2108 saec.
1764 2073 1851 2108 ¹⁵lie.

287 2125 373 2157 Cod.
398 2124 551 2155 Parisin.
577 2121 675 2155 3639.
696 2124 733 2155 C.
760 2140 801 2143 —
831 2122 859 2160 1,
885 2121 905 2154 2
930 2123 1032 2154 nobis
1058 2123 1228 2163 processit
1245 2123 1282 2154 C.
1313 2138 1349 2143 ν-
1378 2123 1418 2153 In
1436 2123 1464 2153 B
1491 2122 1608 2154 bilden
1633 2122 1728 2154 diese
1743 2122 1851 2153 Verse

286 2170 343 2201 die
371 2169 499 2200 dritten
526 2169 786 2210 Responsorien
810 2168 871 2199 der
895 2168 968 2199 drei
993 2167 1201 2198 Nokturnen
1227 2178 1302 2198 zum
1330 2164 1434 2199 Feste
1458 2168 1519 2199 der
1543 2168 1676 2199 Geburt
1698 2167 1851 2199 Mariens

286 2226 319 2246 u.
350 2227 379 2246 z.
407 2213 424 2246 1
458 2215 493 2245 in
519 2214 580 2245 der
603 2214 749 2251 dritten,
784 2211 804 2244 2
830 2215 866 2244 in
891 2213 952 2245 der
976 2219 1110 2246 ersten.
1136 2211 1157 2244 3
1182 2214 1217 2244 in
1243 2212 1303 2244 der
1327 2214 1473 2244 zweiten
1491 2213 1663 2244 Nokturn.
1708 2211 1850 2244 Betreffs

285 2260 346 2292 der
380 2259 603 2291 Autorsehaft
639 2259 799 2291 Fulberts
833 2259 902 2300 vgl.
935 2259 997 2290 das
1033 2259 1124 2290 bein]
1158 2259 1320 2298 Hymnus
1354 2255 1495 2289 Chorus
1520 2266 1631 2290 novae
1654 2254 1851 2290 Ierusalem

286 2306 450 2347 Gesagte.

734 2382 816 2417 218.
851 2382 906 2424 (8).
943 2381 1001 2416 De
1027 2381 1168 2415 sancto
1200 2380 1403 2416 Carauno.

675 2456 711 2493 1.
759 2454 876 2491 Carus
909 2453 1072 2500 abunde,
1106 2452 1290 2494 Caraune,
1324 2453 1420 2488 nites

758 2511 877 2557 quue
909 2509 1101 2546 vocamine
1132 2507 1347 2556 significas3

817 2567 975 2613 Lyricos
1002 2566 1089 2602 ideo

816 2623 903 2660 Tibi
935 2622 1141 2660 versiculos

817 2680 994 2717 Caninius
1026 2679 1165 2715 hilares

820 2739 867 2774 Et
899 2746 1027 2773 amore
1060 2736 1133 2784 pio,

875 2793 944 2841 Tu,
978 2792 1038 2839 pie
1070 2798 1227 2840 martyr.

938 2851 1056 2887 Posce
1088 2848 1196 2885 nobis
1229 2848 1386 2885 venium.
