1914 3223
695 130 753 137 —
811 109 892 150 655
952 131 1007 173 .-

72 223 137 262 31.
184 222 315 260 Tuos
346 233 450 260 amas
481 226 517 260 et
548 223 729 270 protegis,

238 280 338 325 Quos
370 279 427 317 vis
459 279 528 316 tibi
562 278 753 327 famulari,

184 335 242 372 Tu
272 335 441 373 Palladis
473 334 584 373 fortis
615 336 731 385 aegis,

240 391 372 438 Stella,
404 395 536 439 portus
558 392 629 429 hoc
649 392 687 429 in
710 392 819 437 mari,

239 449 390 486 Ducens
420 448 502 486 Deo
533 449 703 497 salutari,

180 504 280 551 Quos
311 503 490 542 confoves
521 509 633 551 atque
665 505 786 553 regis,

240 562 318 598 Fac
349 572 417 598 nos
437 561 477 598 in
506 564 543 597 te
566 561 817 608 contemplari

182 616 233 654 Et
263 617 302 655 in
334 618 477 655 vultum
509 618 642 654 summi
675 618 788 665 regis.

3 838 11 848 ·
72 822 138 860 32.
185 820 555 859 Misericordes
588 831 652 857 vos
684 820 774 857 estis

242 876 365 924 Super
387 877 532 913 cunctis
550 876 796 924 peccantibus
811 887 820 925 ;

180 932 343 980 Eripite,
375 944 468 980 quos
498 933 671 980 potestis,

237 989 296 1026 De
325 987 534 1026 inferorum
567 989 763 1037 domibus,

236 1046 378 1083 Procul
404 1056 426 1083 a
456 1046 596 1083 nostris
625 1045 816 1083 mentibus

184 1102 355 1140 Pellatur
386 1102 582 1150 culparum
613 1102 745 1149 pestis,

238 1159 292 1197 Ut
331 1159 485 1197 tandem
523 1159 562 1195 in
594 1159 820 1196 caelestibus

183 1215 413 1253 Immortalis
446 1216 558 1253 detur
590 1215 718 1254 vestis.

72 1364 138 1404 33.
184 1362 369 1401 Oculos
401 1360 479 1399 fers
510 1361 744 1399 columbinos

245 1419 445 1457 Lustratos
477 1419 617 1457 lumine
647 1429 755 1466 puro,

185 1477 264 1514 Hos
296 1475 416 1523 defige
446 1475 485 1512 in
515 1486 583 1512 nos
615 1475 735 1525 binos,

245 1532 318 1579 Qui
348 1533 539 1579 quatimur
568 1532 655 1579 iugo
685 1532 799 1580 duro,

245 1589 356 1628 Assis
386 1589 496 1626 nobis
527 1589 590 1625 hic
621 1599 692 1635 pro
719 1598 825 1626 muro

188 1646 353 1684 Servans
370 1649 520 1682 nostros
533 1656 665 1682 sensus
677 1645 822 1695 quinos,

245 1702 303 1739 Ne
335 1703 532 1739 volvamur
561 1702 600 1738 in
631 1702 792 1739 obscuro

191 1759 298 1796 Intra
327 1759 495 1806 gurgites
526 1758 704 1796 marinos.

74 1896 141 1935 34.
185 1894 258 1932 Ad
288 1894 414 1932 vivum
446 1891 594 1931 fontem
625 1893 759 1930 sitiunt

236 1950 346 1988 Fessi
376 1950 417 1987 in
448 1950 665 2000 solitudine,

185 2007 383 2046 Accedere
413 2007 481 2044 sed
512 2007 686 2044 nesciunt

237 2063 420 2101 Hebetati
451 2061 667 2110 formidine,

235 2120 374 2158 Mortis
405 2120 672 2165 amaritudine,

178 2178 297 2224 Quam
327 2177 484 2214 horrent
514 2187 559 2214 ac
589 2175 804 2224 refugiunt3

240 2233 321 2271 Hos
351 2233 437 2271 leva
469 2233 516 2271 de
546 2233 749 2280 putredine

182 2290 385 2340 Malorum,
418 2300 514 2337 quae
543 2289 728 2328 inficiunt.

70 2426 134 2465 35.
180 2424 278 2462 Nos
308 2425 482 2463 concives
514 2425 732 2463 caelestium

241 2482 316 2520 Cor
335 2481 511 2530 gerimus,
544 2482 644 2529 quod
676 2482 817 2529 esurit3

181 2537 268 2576 Una
298 2538 471 2576 voluntas
501 2539 678 2588 omnium,

240 2594 342 2640 Quae
376 2596 551 2642 concepit
581 2599 619 2632 et
649 2595 818 2642 parturit

239 2651 413 2699 Foetum,
428 2661 473 2688 ex
486 2662 558 2698 quo
572 2651 730 2689 daemon
742 2649 833 2688 furit

181 2706 423 2754 Mundusque
464 2712 590 2746 movet
619 2708 818 2756 proelium,

240 2763 496 2802 Adversatrix
528 2775 615 2802 caro
643 2764 742 2813 urit,

182 2819 394 2868 Exstingue
425 2819 596 2858 flammas
626 2821 762 2859 litium.

892 225 959 262 36.
1006 215 1260 263 Converte
1290 233 1358 260 nos
1388 229 1522 270 potens
1551 223 1638 271 cito,

1061 279 1171 326 Nam,
1214 279 1301 316 dum
1334 279 1450 328 voles,
1483 289 1639 317 conver-

1366 339 1510 386 temur3

1003 392 1109 430 Haec
1130 402 1216 439 spes
1238 395 1368 430 nostra
1388 393 1426 430 in
1444 397 1493 442 te,
1516 393 1638 440 scito,

1057 450 1150 498 Age,
1186 459 1231 485 ne
1263 449 1373 485 malis
1403 459 1616 497 gravemur,

1058 505 1119 542 Ab
1151 504 1320 542 hostibus
1349 505 1597 555 deterremur,

1002 561 1229 599 Deficiemus
1260 561 1384 599 subito

1061 618 1326 656 Contremiscit
1346 618 1494 665 iamque
1517 617 1639 655 femur

1055 675 1161 712 Dono
1192 674 1335 721 gratiae
1366 675 1504 724 sopito.

896 821 960 861 37.
1007 821 1067 858 Et
1096 821 1183 858 ideo
1213 821 1363 859 iamiam
1393 825 1515 858 terras

1065 877 1226 915 Miseras
1257 882 1404 915 nostras
1436 878 1576 925 aspice,

1005 934 1034 972 Ο
1069 934 1263 983 directrix,
1295 945 1390 981 quae
1420 945 1494 971 non
1521 944 1638 981 erras,

1062 991 1293 1037 Hostemque
1324 994 1492 1028 nostrum
1521 991 1640 1039 deice,

1063 1047 1141 1084 Nos
1172 1047 1296 1084 solare
1327 1046 1536 1096 magnifice,

1006 1103 1101 1140 Nam
1139 1104 1305 1149 patimur
1332 1103 1436 1151 iuges
1467 1113 1635 1152 guerras,

1062 1159 1196 1196 Fortes
1227 1160 1263 1196 in
1297 1159 1397 1197 bello
1429 1159 1548 1206 effice,

1005 1216 1160 1253 Gloriae
1190 1216 1397 1263 impetrans
1429 1216 1574 1254 arrhas.

895 1364 960 1401 38.
1009 1363 1171 1400 Iesum
1210 1361 1318 1399 nobis
1360 1361 1420 1400 fac
1451 1363 1641 1409 placatum

1062 1420 1280 1466 Antequam
1311 1419 1360 1455 sit
1389 1419 1607 1466 peccamine

1006 1475 1151 1522 Corpus
1183 1474 1313 1512 fomite
1346 1473 1548 1521 foedatum,

1062 1534 1142 1579 Quo
1172 1536 1426 1578 aggravantur
1457 1532 1617 1577 animae,

1064 1588 1276 1635 Mortisque
1306 1588 1343 1625 in
1375 1589 1546 1625 examine

1009 1644 1222 1682 Sentiamus
1251 1644 1341 1681 laeti
1371 1650 1531 1692 gratum,

1065 1701 1135 1746 Qui
1167 1702 1289 1741 erucis
1319 1701 1358 1738 in
1389 1701 1593 1738 certamine

1007 1757 1134 1795 Piavit
1164 1762 1332 1794 nostrum
1363 1764 1521 1796 reatum.

894 1894 960 1932 39.
1006 1893 1337 1932 Benedictum
1370 1892 1608 1937 salvatorem,

1062 1949 1182 1987 Nobis
1215 1949 1342 1986 datum
1369 1960 1438 1997 pro
1460 1949 1637 1994 peccatis,

1005 2008 1210 2055 Praecave,
1242 2010 1283 2042 ut
1313 2005 1431 2042 stillet
1462 2015 1582 2041 rorem

1061 2063 1136 2100 Hic
1168 2063 1214 2099 de
1247 2060 1349 2099 fonte
1380 2061 1554 2108 pietatis3

1061 2121 1150 2167 Vos,
1183 2119 1295 2155 rivuli
1326 2117 1523 2163 ubertatis,

1000 2175 1167 2213 Fundite
1197 2175 1235 2211 in
1266 2185 1333 2211 nos
1364 2174 1561 2220 liquorem,

1056 2232 1110 2270 Ut
1145 2242 1215 2280 per
1256 2242 1321 2267 vos
1359 2231 1479 2276 potati
1520 2229 1636 2276 gratis

998 2288 1140 2334 Culpae
1172 2288 1330 2325 vitemus
1360 2286 1549 2324 ardorem.

889 2426 955 2464 40.
1002 2423 1034 2461 F
1047 2435 1099 2461 ru
1113 2426 1241 2459 ctum
1260 2421 1359 2469 date,
1377 2432 1449 2467 quo
1467 2419 1636 2458 fruamur

1058 2479 1180 2517 Gustu
1212 2479 1290 2515 eius
1323 2488 1404 2514 cum
1437 2488 1585 2525 sapore,

1003 2537 1045 2574 In
1078 2547 1144 2573 vos
1175 2545 1302 2572 amore
1333 2534 1528 2570 trahamur

1059 2592 1234 2639 Sugendo
1266 2590 1379 2627 corde
1408 2594 1442 2626 et
1474 2600 1559 2636 are,

1063 2650 1180 2694 Quam
1213 2648 1418 2683 clementer
1447 2646 1510 2692 pio
1533 2655 1636 2683 more

1004 2705 1083 2743 Nos
1114 2703 1286 2752 servatis,
1320 2712 1365 2739 ne
1396 2701 1603 2747 laedamur,

1063 2761 1115 2798 Ut
1146 2759 1249 2796 ducti
1280 2763 1405 2796 vestro
1438 2758 1604 2803 dulcore,

1004 2818 1078 2856 Ubi
1111 2817 1212 2861 estis,
1247 2826 1311 2851 vos
1341 2815 1561 2860 sequamur!
