2031 3289
980 97 1020 114 A

965 163 1268 204 —51‘2—

541 306 621 342 491.
658 306 738 350 (34.)
775 307 1011 343 Consolatio
1038 307 1087 343 ad
1113 307 1381 343 sufferendum
1405 309 1707 346 tribulationes.

339 401 407 438 la.
438 401 615 438 Adversa
645 401 776 438 mundi
805 401 927 438 tolera
1155 401 1225 439 lb.
1261 402 1351 440 Plus
1374 407 1512 440 nocent
1540 413 1654 450 saepe
1684 415 1870 452 prospera

507 458 580 495 Pro
612 456 753 494 Christi
783 457 946 505 nomine,
1324 458 1415 496 Cum
1448 459 1524 496 leni
1555 458 1717 499 fiamine.

336 548 411 585 23.
448 548 539 585 Cum
572 558 594 583 a
624 546 752 583 multis
784 546 1009 595 molestaris,
1154 547 1227 588 2b.
1265 548 1450 586 Patie'ndo
1481 550 1745 597 promereris„

450 603 557 640 Nihil
587 603 729 652 perdis,
762 603 830 640 sed
861 603 1032 654 lucraris,
1264 604 1389 642 Multa
1420 605 1517 642 bona
1548 607 1802 653 consequeris.

338 694 410 731 3a.
452 692 549 730 Nam
580 692 701 730 Deum
732 692 957 731 honorificas
1153 694 1226 732 3b.
1267 696 1452 733 Coronam
1484 701 1584 733 tuam
1617 696 1789 743 duplicas

446 750 495 786 Et
528 749 680 797 angelos
710 748 905 795 laetificas,
1264 751 1315 788 Et
1345 751 1536 798 proximos
1567 751 1760 794 aedificas,

334 842 405 878 4a.
448 839 575 876 Labor
602 850 742 886 parvus
773 844 830 876 est
1149 839 1222 879 4b.
1260 841 1410 878 Merces
1440 841 1595 889 grandis
1626 846 1695 889 est,

502 901 614 943 atque
644 895 772 933 brevis
803 896 893 945 vita,
1319 898 1425 944 quies
1455 897 1614 936 infinita.

334 989 405 1025 5a.
449 987 602 1023 Totiens
1149 987 1222 1028 5b.
1261 988 1441 1034 Quotiens

500 1047 647 1090 martyr
682 1042 750 1079 Dei
781 1041 958 1090 efficeris,
1317 1055 1386 1091 pro
1417 1044 1498 1081 Deo
1528 1055 1686 1091 poenam
1718 1046 1879 1092 pateris.

332 1135 402 1171 6a.
446 1134 633 1171 Patiendo
663 1132 707 1170 fit
1149 1134 1222 1173 6b.
1259 1136 1365 1171 Auro
1396 1135 1604 1181 pulchrior,

500 1190 609 1227 homo
641 1190 787 1237 melior,
1317 1191 1418 1228 vitro
1449 1191 1600 1239 clarior,

332 1281 399 1319 7a.
445 1281 478 1317 A
508 1280 610 1317 vitiis
641 1281 851 1328 purgatior,
1149 1282 1168 1318 ’ἲ
1186 1281 1221 1321 b.
1261 1281 1409 1318 Sanctis
1440 1292 1587 1328 quoque
1617 1281 1787 1332 similior,

443 1336 656 1374 Virtutibus
687 1335 907 1387 perfectior,
1258 1337 1441 1374 Hostibus
1472 1338 1550 1375 suis
1581 1337 1728 1386 fortior,

444 1395 528 1430 Iesu
559 1393 710 1430 Christo
740 1393 945 1442 acceptior,
1258 1394 1402 1431 Amicis
1436 1394 1649 1434 amabilior.

417 1492 615 1524 Bruxellen.
647 1489 838 1524 4585—87.
864 1494 905 1524 A.
939 1512 981 1516 —
1014 1493 1177 1526 Zwollen.
1209 1492 1286 1526 434.
1313 1495 1350 1526 Β.
1384 1511 1428 1516 —
1465 1495 1579 1536 Opera
1611 1498 1646 1526 et
1678 1494 1759 1526 libri
1793 1495 1889 1526 vitae

328 1538 483 1570 Thomae
509 1537 551 1569 de
575 1539 719 1580 Kempis
745 1539 826 1578 imp.
851 1539 1102 1580 Norimbergae
1131 1536 1227 1571 1494.
1254 1540 1291 1571 C.
1312 1557 1356 1561 —
1382 1540 1498 1582 Opera
1519 1539 1674 1571 Thomae
1698 1549 1719 1571 a
1737 1540 1890 1581 Campis,

328 1584 475 1615 Parisiis
502 1581 599 1615 1549.
626 1584 669 1615 D.
689 1600 730 1604 ——
759 1583 873 1625 Opera
897 1583 1052 1616 Thomae
1075 1594 1097 1616 a
1122 1584 1274 1626 Campis.
1299 1585 1463 1626 Dih'ngae
1491 1583 1587 1617 1576.
1611 1585 1659 1623 11,
1683 1582 1760 1617 681.
1785 1585 1828 1617 E.
1846 1601 1890 1608 —

327 1630 442 1671 Opera
465 1627 619 1661 Thomae
645 1639 666 1660 a
681 1629 826 1669 Kempis
851 1629 902 1660 ed.
927 1629 974 1660 H.
993 1629 1216 1669 Sommalius,
1242 1630 1462 1672 Antwerpiae
1491 1628 1587 1662 1601.
1604 1630 1644 1662 F.
1663 1649 1707 1653 —-
1731 1630 1887 1662 Thomae

324 1674 483 1706 Malleoli
516 1673 558 1706 de
582 1675 726 1716 Kempis
752 1675 868 1716 Opera
899 1675 1015 1706 omnia
1047 1675 1100 1707 ed.
1136 1676 1180 1706 H.
1206 1674 1433 1715 Sommalius,
1467 1676 1689 1717 Antwerpiae
1718 1673 1816 1708 1607.
1842 1675 1893 1715 11,

415 1762 483 1802 2a,
520 1762 535 1794 1
564 1774 585 1796 a
610 1764 713 1796 malis
740 1764 812 1797 BE.
838 1782 882 1785 —
908 1763 972 1804 lb,
1005 1762 1025 1795 2
1051 1765 1121 1797 levi
1144 1765 1220 1798 DE.
1248 1782 1291 1787 ——
1315 1763 1384 1806 4a,
1414 1764 1429 1797 1
1456 1766 1573 1798 Labor
1597 1765 1735 1806 quidem
1759 1775 1889 1807 parvus

325 1816 376 1842 est
408 1810 515 1843 DEG.
541 1826 586 1831 —
609 1808 681 1847 4b‚
722 1808 737 1841 1
762 1810 810 1842 Et
840 1821 971 1842 merces
1000 1810 1046 1846 G:
1071 1811 1204 1843 Merces
1238 1814 1354 1842 autem
1379 1812 1421 1843 D.
1447 1828 1490 1833 —
1515 1809 1585 1849 5a,
1621 1809 1642 1843 2
1666 1811 1734 1843 Dei
1756 1814 1890 1852 martyr

263 1896 266 1899 Ι
325 1856 400 1887 DE.
425 1873 468 1878 —
494 1854 561 1894 51³,
595 1852 616 1885 2
648 1865 709 1897 pro
742 1866 781 1887 eo
807 1855 889 1895 DE;
923 1866 984 1897 pro
1015 1855 1154 1888 Christo
1180 1857 1219 1888 B.
1247 1872 1291 1878 —
1317 1856 1415 1889 Nach
1440 1854 1510 1893 6b,
1545 1855 1566 1888 2
1591 1856 1712 1888 Laude
1736 1856 1888 1899 dignior,

323 1901 433 1943 gradu
458 1901 563 1933 altior
588 1899 631 1939 C3
658 1900 726 1933 Str.
752 1898 896 1933 6a-7b
923 1901 1043 1933 lauten
1067 1901 1104 1932 in
1129 1901 1209 1933 DE:

844 1990 1013 2022 Patiendo
1039 1990 1077 2022 fit
1099 1991 1203 2023 homo
1230 1991 1352 2023 melior

845 2038 1007 2078 Auroque
1031 2036 1069 2068 fit
1093 2036 1279 2078 pulchrior,

844 2082 926 2112 Vita
951 2086 1025 2113 tota
1049 2082 1186 2119 clarior,

844 2126 964 2158 Laude
991 2137 1128 2168 quoque
1152 2127 1302 2169 dignior,
1887 2142 1889 2144 ·

844 2172 961 2203 Gradu
990 2176 1100 2204 status
1126 2172 1238 2211 altior,

847 2219 871 2247 A
899 2219 996 2249 vitiis
1023 2219 1212 2259 purgatior,

845 2263 1042 2294 Virtutibus
1069 2263 1260 2304 perfectior,

843 2309 921 2339 Iesu
947 2308 1086 2340 Christo
1112 2310 1296 2350 acceptior,

844 2354 981 2384 Sanctis
1006 2363 1143 2394 quoque
1170 2351 1327 2391 similior,

844 2398 1014 2430 Hostibus
1042 2401 1114 2430 suis
1139 2399 1271 2437 fortior,
1879 2428 1882 2431 .

845 2444 974 2474 Amicis
1000 2443 1185 2475 amabilior

845 2489 889 2519 Et
916 2490 989 2521 Deo
1015 2499 1077 2520 suo
1103 2490 1226 2520 carior.

412 2577 477 2611 7b.
512 2577 525 2609 1
555 2578 690 2610 Sanctis
716 2580 783 2611 Dei
811 2579 960 2611 similior
984 2581 1023 2612 B.
1048 2598 1092 2602 —
1117 2581 1157 2612 In
1183 2579 1274 2611 allen
1301 2579 1465 2619 Quellen,
1501 2580 1562 2610 mit
1587 2578 1785 2611 Ausnahme
1809 2588 1881 2610 von

322 2625 410 2657 BCG
437 2623 591 2656 schliesst
616 2624 689 2655 sich
715 2634 759 2656 an
784 2625 857 2657 dies
885 2624 993 2657 Stfick
1019 2625 1245 2657 unmittelbar
1270 2625 1331 2656 (las
1358 2624 1516 2665 t'olgende
1543 2634 1606 2655 an:

322 2713 380 2746 la.
412 2715 579 2747 Assuesce
1136 2714 1196 2748 lb.
1230 2716 1377 2747 Mariam

456 2761 568 2792 Iesum
595 2761 769 2801 invocare,
1270 2771 1373 2802 saepe
1399 2760 1561 2797 salutare,

320 2836 380 2870 2a.
417 2842 524 2870 fruct·
551 2845 670 2871 sancta
698 2844 731 2871 te
757 2842 904 2882 signare,
1133 2838 1195 2872 211.
1229 2841 1359 2873 Contra
1383 2839 1568 2871 daemones
1593 2842 1735 2877 certare,

412 2889 537 2915 Omnes
565 2890 701 2917 sanctos
727 2885 907 2924 honorare,
1224 2885 1381 2928 Vigilare
1406 2890 1440 2916 et
1464 2894 1572 2916 orare.

1979 2541 2027 2814 1³

1997 2901 2031 3289 i
