2031 3289
351 1097 386 1134 1.

349 1518 370 1552 ¹0

967 187 1265 231 —198—

871 306 908 342 5.
938 305 1080 351 Perpes
1112 305 1232 352 gloria

990 361 1069 408 regi
1100 363 1261 409 perpeti,

934 418 1177 455 Exercituum

993 474 1144 511 Christo
1175 476 1352 523 principi,

936 531 1039 567 Patri
1071 532 1216 576 pariter

991 591 1028 623 et
1059 587 1222 633 spiritui.

426 732 453 762 B
479 731 538 761 fol.
565 729 608 762 93
633 742 663 762 a.
692 748 733 751 —
758 732 784 762 C
809 731 867 762 fol.
897 729 959 762 134
987 732 1018 762 b.
1044 750 1087 753 -—
1112 731 1142 771 4,
1174 731 1186 763 1
1216 734 1272 765 Sic
1296 731 1439 773 (falsohe
1464 734 1617 775 Initiale)
1640 736 1682 766 B.

688 955 768 991 202.
804 955 884 997 (92.)
917 956 975 990 De
1001 967 1033 991 s.
1060 956 1237 992 Iohanne
1262 957 1534 1001 Evangelista.

421 1095 535 1132 Caelo
564 1095 698 1131 celsius
1167 1099 1201 1135 3.
1236 1097 1294 1133 Ex
1326 1097 1535 1134 substantia

477 1151 608 1189 volans
639 1152 777 1200 aquila,
1291 1154 1382 1190 solis
1413 1154 1521 1201 ignea

416 1209 481 1245 Ad
515 1208 690 1245 dominici
1236 1210 1347 1247 Calor
1377 1211 1557 1257 prodiens

474 1265 577 1301 sinus
609 1265 740 1302 abdita
1292 1272 1328 1303 et
1354 1268 1417 1304 lux
1451 1269 1577 1314 genita

420 1321 512 1358 Nidi
545 1322 702 1358 contulit
1233 1323 1493 1361 Oblectamina

476 1378 702 1415 habitacula.
1290 1381 1447 1427 praebet
1479 1383 1652 1419 maxima.

421 1515 518 1551 Solis
548 1515 699 1550 intuens
1166 1519 1202 1555 4.
1238 1516 1376 1561 Perpc‘s
1409 1517 1527 1563 gloria,

452 1566 553 1607 'illic
585 1571 711 1608 radios
1291 1574 1368 1620 regi
1400 1575 1561 1620 perpeti,

418 1628 568 1665 Summo
599 1627 731 1664 iubare
970 1671 972 1673 ,
1233 1629 1476 1666 Exercituum

475 1685 711 1721 beatissimos
1291 1686 1442 1723 Christo
1471 1687 1648 1735 principi,

420 1742 545 1778 Yisum
578 1742 711 1785 reficit,
1238 1743 1340 1779 Patri
1371 1743 1515 1789 pariter

473 1798 594 1845 pascit
624 1799 765 1836 oculos.
1290 1804 1324 1835 et
1357 1800 1520 1846 spiritui,

426 1912 452 1941 B
478 1910 535 1942 fol.
563 1909 605 1942 93
631 1921 651 1942 a

714 2044 795 2079 203.
831 2044 911 2087 (93.)
946 2045 990 2079 In
1015 2045 1122 2080 festo
1148 2046 1509 2089 Evangelistarum.

966 2150 1006 2181 In
1033 2148 1062 2182 1.
1089 2150 1278 2183 Nocturno.

353 2291 385 2326 1.
418 2288 630 2335 Quadrigae
663 2287 803 2324 Christi
836 2287 1046 2324 vehiculum
1161 2290 1197 2326 3.
1230 2289 1442 2335 Quadrigae
1474 2294 1579 2325 rotae
1610 2289 1798 2326 volumina

418 2345 601 2381 Torcular
631 2348 753 2391 gestat
784 2343 1024 2392 dominicum,
1230 2347 1414 2392 Quattuor
1443 2350 1527 2382 sunt
1561 2347 1789 2393 evangelica,

416 2401 495 2446 Quo
518 2401 648 2438 botrus
669 2411 822 2447 pressus
844 2401 883 2437 in
900 2401 1074 2447 poculum
1230 2404 1392 2447 Quorum
1439 2402 1644 2448 scriptores
1681 2399 1889 2440 clarissima

415 2457 549 2495 Reficit
583 2457 698 2495 corda
728 2456 909 2497 fidelium.
1232 2459 1480 2495 Promeruere
1511 2459 1721 2498 sollemnia.

340 2607 376 2641 2.
414 2603 634 2650 Scripturae
665 2608 808 2641 textum
843 2604 1051 2642 dominicae
1161 2607 1198 2645 4.
1232 2604 1361 2643 Gloria
1393 2606 1493 2652 patri
1525 2613 1561 2642 et
1591 2605 1668 2642 filio

421 2661 635 2707 Quadrigac
668 2672 802 2708 corpus
833 2661 1024 2709 intellege,
1230 2662 1462 2708 Spirituique
1496 2662 1692 2709 paraclito,

414 2718 494 2763 Qua
526 2717 594 2754 Dei
627 2718 780 2754 verbum
813 2718 1031 2754 innumerae
1229 2718 1303 2756 Uni
1336 2725 1410 2754 tani
1443 2719 1523 2755 Deo
1554 2730 1662 2765 quam
1696 2719 1867 2762 Domino,

417 2774 591 2811 Del-atum
624 2779 750 2811 tenent
785 2775 976 2812 ecclesiae.
1229 2775 1318 2811 Cum
1341 2776 1415 2811 sint
1432 2780 1703 2821 personaetrcs
1717 2786 1884 2814 numero.

420 2920 445 2951 B
471 2920 526 2951 t'ol.
557 2918 600 2951 93
625 2930 654 2952 a.
682 2937 723 2942 —
751 2921 776 2951 C
802 2920 860 2951 sol.
886 2918 951 2952 205
977 2930 1007 2951 a.
1038 2938 1074 2942 —-
1102 2918 1132 2954 2,
1164 2919 1177 2951 1
1204 2923 1328 2952 testum
1358 2921 1393 2951 Β.
1424 2938 1466 2942 -
1491 2919 1522 2957 3,
1548 2920 1568 2952 2
1594 2921 1776 2962 evangelia
1801 2921 1840 2952 C.
