2031 3289
0 1648 5 1666 ι’

4 1692 9 1702 1

0 1711 8 1735 ί

0 1741 6 1758 Ι

0 1860 7 1874 Ι

970 175 1250 215 -46-

604 290 642 328 3.
673 289 795 326 Fonte
826 299 1074 335 prorumpens
1103 286 1239 325 fluvius
1270 288 1427 335 perenni

678 345 822 391 Curris,
854 344 996 381 arentis
1027 344 1185 380 satiator
1214 344 1330 391 orbis,

674 402 809 439 Hausit
842 411 887 437 ex
917 401 1043 447 pleno,
1076 400 1187 437 modo
1217 401 1317 447 quod
1348 401 1538 447 propinat,

738 459 895 495 Pectore
926 461 1068 502 pectus.

604 563 641 598 4.
676 559 734 596 Tu
765 559 879 595 decus
907 558 1036 595 mundi
1067 559 1178 595 iubar
1207 565 1319 606 atque
1350 559 1457 608 caeli,

674 616 842 662 Impetra
871 615 1011 651 nostris
1043 615 1188 652 veniam
1220 616 1338 653 ruinis

675 671 733 709 Da
765 675 1041 707 sacramentum
1072 678 1272 718 penetrare
1303 682 1498 716 summum,

739 728 846 773 Quod
880 728 1054 766 docuisti.

603 832 639 866 5.
672 828 796 866 Patris
827 839 1006 865 arcanum
1038 829 1268 876 speculando
1301 829 1454 866 verbum

675 885 794 922 Tollis
825 895 990 922 errorem
1022 884 1111 922 fidei
1143 895 1213 931 per
1243 885 1384 922 orbem.

675 941 753 978 Nos
785 941 834 978 ad
865 946 1056 979 aeternam
1088 943 1250 988 speciem
1285 940 1496 991 fruendam,

740 997 826 1034 Dux
857 998 967 1045 bone,
999 997 1179 1037 transfer.

603 1102 641 1138 6.
674 1099 786 1148 Laus,
819 1099 940 1137 honor
969 1100 1071 1148 patri
1102 1100 1290 1146 parilique
1320 1101 1433 1149 proli,

674 1155 760 1194 Una
790 1156 978 1204 maiestas,
1012 1157 1142 1194 eadem
1176 1161 1356 1206 potestas,

677 1212 769 1250 Cum
800 1213 934 1259 quibus
965 1218 1116 1250 sanctus
1147 1213 1258 1250 simul
1289 1213 1423 1260 implet
1453 1224 1601 1251 omnem

740 1268 904 1315 Spiritus
935 1269 1077 1307 orbem.

422 1392 542 1434 Migne
567 1392 590 1423 1.
617 1402 645 1423 c.
671 1389 738 1423 943
754 1393 793 1423 A.
820 1409 862 1414 —
887 1392 1104 1434 Lipomanus
1130 1392 1152 1424 l.
1171 1402 1200 1423 c.
1225 1390 1325 1424 298V.
1344 1393 1382 1424 B.
1408 1410 1452 1414 ——-
1479 1393 1544 1424 Die
1562 1392 1757 1435 Doxologie
1781 1391 1895 1424 dieses

330 1438 491 1479 Hymnus
517 1438 563 1469 ist
585 1437 738 1469 dieselbe
762 1438 827 1469 wie
853 1438 908 1469 bei
933 1438 992 1469 Nr.
1018 1434 1061 1469 35
1085 1437 1156 1469 und
1180 1435 1234 1470 38.

720 1637 777 1673 43.
812 1638 892 1681 (28.)
928 1638 977 1674 De
1003 1647 1031 1674 s.
1057 1638 1218 1675 Iohanne
1245 1638 1506 1685 Evangelista.

928 1721 990 1752 Ad
1014 1722 1296 1753 Nocturnum.

355 1834 392 1873 1.
424 1833 571 1871 Fidelis
603 1833 711 1881 plebs
743 1845 825 1870 cum
857 1835 1000 1881 angelis

420 1890 587 1928 Festivis
618 1891 776 1938 plaudat
807 1891 966 1939 gaudiis,

418 1947 621 1986 Nativitati
654 1947 804 1984 Domini

421 2004 593 2042 Occurrit
624 2004 706 2041 laus
737 2004 910 2050 apostoli.

351 2108 388 2145 2.
419 2105 593 2143 Dilectus
624 2106 685 2143 hic
718 2117 809 2153 prae
841 2107 976 2145 ceteris

420 2163 537 2209 Apud
568 2163 788 2210 magistrum
819 2164 937 2200 tenuit

421 2219 478 2258 Ob
511 2219 695 2266 virginale
726 2220 900 2258 meritum

417 2276 569 2313 Amoris
602 2276 854 2323 privilegium.

352 2379 389 2416 3.
424 2377 560 2414 Hausit
593 2388 638 2414 ex
672 2378 812 2414 Christi
843 2385 995 2426 pectore

421 2433 584 2471 Fluenta
616 2434 838 2484 sapientiae,

423 2490 523 2527 Hinc
554 2502 645 2527 arva
677 2492 803 2528 cordis
834 2492 965 2537 irrigat

421 2547 470 2584 Et
502 2546 657 2584 verbum
687 2549 807 2594 patris
837 2548 998 2586 insonat.

1169 1839 1204 1875 4.
1238 1836 1336 1872 Huic
1367 1836 1405 1872 in
1437 1846 1548 1873 cruce
1577 1836 1722 1884 positus

1237 1893 1400 1930 Matrem
1431 1893 1668 1930 commendat
1698 1891 1897 1940 Dominus,

1237 1949 1299 1985 Fit
1332 1956 1451 1986 mater
1482 1949 1586 1996 virgo
1616 1949 1766 1996 virgini,

1237 2007 1352 2052 Quem
1385 2005 1486 2043 fovet
1518 2006 1600 2042 vice
1630 2005 1712 2044 filii.

1171 2112 1208 2146 Γ.
1241 2108 1294 2145 Te
1326 2109 1454 2154 pronis
1485 2109 1583 2145 alme
1614 2107 1804 2156 cordibus,

1239 2165 1343 2203 Caeli
1373 2171 1535 2214 senator,
1568 2165 1770 2213 poscimus,

1235 2221 1295 2258 Da
1327 2221 1431 2258 verbi
1463 2222 1604 2258 vultum
1636 2231 1801 2269 cernere,

1236 2279 1335 2324 Quos
1369 2278 1521 2315 verbum
1555 2278 1666 2315 doces
1699 2277 1868 2315 credere.

1198 2411 1205 2418 .
1240 2379 1295 2416 Sit
1328 2380 1426 2426 patri
1458 2380 1540 2416 laus
1573 2380 1752 2427 ingenito⁷

1238 2436 1294 2473 Sit
1327 2438 1441 2473 decus
1471 2436 1674 2483 unigenito,

1237 2492 1291 2529 Sit
1322 2494 1517 2539 utriusque
1548 2493 1661 2540 parili

1237 2548 1419 2588 Maiestas
1451 2560 1594 2586 summa
1625 2548 1780 2590 flamini.

427 2669 524 2700 Brev.
552 2670 854 2702 ms.Bis11ntinu1n
881 2680 970 2702 saec.
999 2669 1048 2701 14.
1091 2670 1171 2703 Cod
1190 2669 1494 2703 Βί511111111.6ῖῖ.Α.
1519 2691 1564 2694 —
1589 2672 1695 2704 psam
1714 2677 1747 2704 et
1764 2674 1892 2715 H3mn.

334 2727 397 2748 ms.
431 2714 654 2746 Bisuntinum
692 2725 780 2747 saec.
818 2714 867 2747 15.
917 2716 998 2747 Cod
1033 2714 1550 2749 Bisuntin.64.1·.—1›r.m
1584 2728 1644 2749 ms.
1670 2718 1894 2750 Bisuntinum

337 2758 513 2793 saec-15.
564 2760 646 2792 cod.
679 2762 851 2792 Bisuntin.
885 2759 937 2792 68.
972 2763 1203 2793 t).-1{n·x.
1239 2773 1289 2792 111.5
1330 2763 1547 2794 Bisuntinum
1583 2773 1672 2794 sach:
1708 2762 1758 2795 15.
1807 2763 1891 2797 Cod.

335 2805 427 2837 Bibl.
452 2805 612 2846 Aichiep.
639 2807 778 2837 Romen.
814 2817 839 2837 s.
873 2817 905 2837 n.
931 2807 972 2837 D.
999 2824 1042 2827 —
1067 2787 1300 2838 Breviarium·
1315 2808 1534 2839 1;ἱ51111111111111
1565 2810 1645 2849 imp.
1680 2819 1706 2839 5.
1743 2809 1764 2840 1.
1799 2815 1831 2840 et
1866 2819 1898 2840 a.

335 2851 378 2884 E.
412 2866 455 2871 —
483 2850 530 2881 Mi
535 2851 656 2891 guel.
691 2862 718 2881 e.
753 2850 815 2883 941
852 2863 902 2893 s.q
939 2852 975 2883 F.
1009 2870 1050 2875 —
1084 2852 1151 2884 Str.
1189 2851 1203 2883 l
1239 2853 1321 2884 fehlt
1349 2853 1514 2884 ARCDE.
1548 2871 1589 2876 —
1622 2853 1746 2885 Doxol.
1774 2854 1896 2886 Gloria

334 2901 398 2932 tibi
426 2896 574 2927 Domin(¹
600 2896 694 2927 AB(
698 2896 772 2928 DE.
