<?xml version="1.0" encoding="UTF-8"?>
<!DOCTYPE html PUBLIC "-//W3C//DTD XHTML 1.0 Transitional//EN"
    "http://www.w3.org/TR/xhtml1/DTD/xhtml1-transitional.dtd">
<html xmlns="http://www.w3.org/1999/xhtml" xml:lang="en" lang="en">
 <head>
  <title>
</title>
<meta http-equiv="Content-Type" content="text/html;charset=utf-8" />
  <meta name='ocr-system' content='tesseract 3.04.00' />
  <meta name='ocr-capabilities' content='ocr_page ocr_carea ocr_par ocr_line ocrx_word'/>
</head>
<body>
  <div class='ocr_page' id='page_1' title='image "./hymnographilatin01drevuoft_0405.png"; bbox 0 0 1914 3223; ppageno 0'>
   <div class='ocr_carea' id='block_1_1' title="bbox 753 153 1062 194">
    <p class='ocr_par' dir='ltr' id='par_1_1' title="bbox 753 153 1062 194">
     <span class='ocr_line' id='line_1_1' title="bbox 753 153 1062 194; baseline 0.006 -2"><span class='ocrx_word' id='word_1_1' title='bbox 753 153 1062 194; x_wconf 78' lang='lat'>—399—</span> 
     </span>
    </p>
   </div>
   <div class='ocr_carea' id='block_1_2' title="bbox 173 265 1657 597">
    <p class='ocr_par' dir='ltr' id='par_1_2' title="bbox 173 265 1657 597">
     <span class='ocr_line' id='line_1_2' title="bbox 173 265 1536 304; baseline 0 0"><span class='ocrx_word' id='word_1_2' title='bbox 173 266 208 304; x_wconf 85' lang='lat'>7.</span> <span class='ocrx_word' id='word_1_3' title='bbox 241 265 347 304; x_wconf 83' lang='lat' dir='ltr'>Sicut</span> <span class='ocrx_word' id='word_1_4' title='bbox 377 276 533 303; x_wconf 75' lang='lat' dir='ltr'>acervus</span> <span class='ocrx_word' id='word_1_5' title='bbox 564 266 682 304; x_wconf 77' lang='lat' dir='ltr'>tritici</span> <span class='ocrx_word' id='word_1_6' title='bbox 1055 268 1131 304; x_wconf 88' lang='lat' dir='ltr'>Per</span> <span class='ocrx_word' id='word_1_7' title='bbox 1161 277 1244 304; x_wconf 92' lang='lat' dir='ltr'>eum</span> <span class='ocrx_word' id='word_1_8' title='bbox 1276 266 1396 304; x_wconf 87' lang='lat' dir='ltr'>forma</span> <span class='ocrx_word' id='word_1_9' title='bbox 1430 272 1536 304; x_wconf 85' lang='lat' dir='ltr'>turea</span> 
     </span>
     <span class='ocr_line' id='line_1_3' title="bbox 238 321 1579 373; baseline 0.002 -15"><span class='ocrx_word' id='word_1_10' title='bbox 238 322 319 368; x_wconf 82' lang='lat' dir='ltr'>Quo</span> <span class='ocrx_word' id='word_1_11' title='bbox 349 322 458 369; x_wconf 85' lang='lat' dir='ltr'>panis</span> <span class='ocrx_word' id='word_1_12' title='bbox 490 321 603 359; x_wconf 87' lang='lat' dir='ltr'>debet</span> <span class='ocrx_word' id='word_1_13' title='bbox 633 321 734 359; x_wconf 85' lang='lat' dir='ltr'>effici</span> <span class='ocrx_word' id='word_1_14' title='bbox 1055 324 1155 361; x_wconf 87' lang='lat' dir='ltr'>Vota</span> <span class='ocrx_word' id='word_1_15' title='bbox 1181 324 1367 361; x_wconf 82' lang='lat' dir='ltr'>scandunt</span> <span class='ocrx_word' id='word_1_16' title='bbox 1400 324 1579 373; x_wconf 79' lang='lat' dir='ltr'>virginea,</span> 
     </span>
     <span class='ocr_line' id='line_1_4' title="bbox 294 379 1657 427; baseline 0.001 -11"><span class='ocrx_word' id='word_1_17' title='bbox 294 379 358 416; x_wconf 91' lang='lat' dir='ltr'>Ad</span> <span class='ocrx_word' id='word_1_18' title='bbox 388 379 596 416; x_wconf 84' lang='lat' dir='ltr'>animarum</span> <span class='ocrx_word' id='word_1_19' title='bbox 629 379 806 425; x_wconf 89' lang='lat' dir='ltr'>pabulum</span> <span class='ocrx_word' id='word_1_20' title='bbox 1114 380 1165 418; x_wconf 88' lang='lat' dir='ltr'>Ut</span> <span class='ocrx_word' id='word_1_21' title='bbox 1198 391 1313 427; x_wconf 86' lang='lat' dir='ltr'>supra</span> <span class='ocrx_word' id='word_1_22' title='bbox 1343 381 1455 417; x_wconf 86' lang='lat' dir='ltr'>situm</span> <span class='ocrx_word' id='word_1_23' title='bbox 1487 381 1657 427; x_wconf 86' lang='lat' dir='ltr'>polorum</span> 
     </span>
     <span class='ocr_line' id='line_1_5' title="bbox 242 433 1505 476; baseline 0.001 -4"><span class='ocrx_word' id='word_1_24' title='bbox 242 435 378 472; x_wconf 76' lang='lat' dir='ltr'>Venter</span> <span class='ocrx_word' id='word_1_25' title='bbox 402 438 490 472; x_wconf 77' lang='lat' dir='ltr'>tuus</span> <span class='ocrx_word' id='word_1_26' title='bbox 523 435 636 472; x_wconf 83' lang='lat' dir='ltr'>debet</span> <span class='ocrx_word' id='word_1_27' title='bbox 667 436 754 476; x_wconf 80' lang='lat' dir='ltr'>dici.</span> <span class='ocrx_word' id='word_1_28' title='bbox 1054 437 1161 474; x_wconf 81' lang='lat' dir='ltr'><strong><em>Sicut</em></strong></span> <span class='ocrx_word' id='word_1_29' title='bbox 1191 433 1310 474; x_wconf 69' lang='lat' dir='ltr'>turris</span> <span class='ocrx_word' id='word_1_30' title='bbox 1340 437 1505 474; x_wconf 75' lang='lat' dir='ltr'>eburnea</span> 
     </span>
     <span class='ocr_line' id='line_1_6' title="bbox 238 491 1575 542; baseline 0.002 -15"><span class='ocrx_word' id='word_1_31' title='bbox 238 491 336 528; x_wconf 87' lang='lat' dir='ltr'>Dum</span> <span class='ocrx_word' id='word_1_32' title='bbox 368 491 539 538; x_wconf 81' lang='lat' dir='ltr'>eorporis</span> <span class='ocrx_word' id='word_1_33' title='bbox 572 492 749 529; x_wconf 87' lang='lat' dir='ltr'>dominici</span> <span class='ocrx_word' id='word_1_34' title='bbox 887 516 892 521; x_wconf 90' lang='lat'>-</span> <span class='ocrx_word' id='word_1_35' title='bbox 1056 493 1112 530; x_wconf 87' lang='lat' dir='ltr'>Tu</span> <span class='ocrx_word' id='word_1_36' title='bbox 1141 493 1192 529; x_wconf 89' lang='lat' dir='ltr'>sis</span> <span class='ocrx_word' id='word_1_37' title='bbox 1224 497 1369 530; x_wconf 87' lang='lat' dir='ltr'>scutum</span> <span class='ocrx_word' id='word_1_38' title='bbox 1401 498 1435 530; x_wconf 83' lang='lat' dir='ltr'>et</span> <span class='ocrx_word' id='word_1_39' title='bbox 1468 494 1575 542; x_wconf 83' lang='lat' dir='ltr'>galea</span> 
     </span>
     <span class='ocr_line' id='line_1_7' title="bbox 296 547 1620 597; baseline 0.002 -12"><span class='ocrx_word' id='word_1_40' title='bbox 296 547 462 585; x_wconf 79' lang='lat' dir='ltr'>Effectus</span> <span class='ocrx_word' id='word_1_41' title='bbox 493 554 551 585; x_wconf 87' lang='lat' dir='ltr'>est</span> <span class='ocrx_word' id='word_1_42' title='bbox 582 549 815 597; x_wconf 73' lang='lat' dir='ltr'>vehiculum3</span> <span class='ocrx_word' id='word_1_43' title='bbox 1113 548 1432 596; x_wconf 81' lang='lat' dir='ltr'>Defensatrixque</span> <span class='ocrx_word' id='word_1_44' title='bbox 1462 555 1620 588; x_wconf 89' lang='lat' dir='ltr'>tuorum.</span> 
     </span>
    </p>
   </div>
   <div class='ocr_carea' id='block_1_3' title="bbox 239 605 818 711">
    <p class='ocr_par' dir='ltr' id='par_1_3' title="bbox 239 605 818 711">
     <span class='ocr_line' id='line_1_8' title="bbox 240 605 778 649; baseline -0.002 -6"><span class='ocrx_word' id='word_1_45' title='bbox 240 605 356 643; x_wconf 85' lang='lat' dir='ltr'>Fame</span> <span class='ocrx_word' id='word_1_46' title='bbox 389 610 547 641; x_wconf 82' lang='lat' dir='ltr'>vexatur</span> <span class='ocrx_word' id='word_1_47' title='bbox 576 605 778 649; x_wconf 88' lang='lat' dir='ltr'>saeculum,</span> 
     </span>
     <span class='ocr_line' id='line_1_9' title="bbox 239 659 818 711; baseline 0 -13"><span class='ocrx_word' id='word_1_48' title='bbox 239 662 300 698; x_wconf 88' lang='lat' dir='ltr'>Ad</span> <span class='ocrx_word' id='word_1_49' title='bbox 333 661 476 698; x_wconf 88' lang='lat' dir='ltr'>molens</span> <span class='ocrx_word' id='word_1_50' title='bbox 508 659 566 698; x_wconf 87' lang='lat' dir='ltr'>fer</span> <span class='ocrx_word' id='word_1_51' title='bbox 596 662 818 711; x_wconf 79' lang='lat' dir='ltr'>patibulum,</span> 
     </span>
    </p>
   </div>
   <div class='ocr_carea' id='block_1_4' title="bbox 236 706 1625 927">
    <p class='ocr_par' dir='ltr' id='par_1_4' title="bbox 236 706 1625 879">
     <span class='ocr_line' id='line_1_10' title="bbox 294 706 1497 771; baseline 0.002 -17"><span class='ocrx_word' id='word_1_52' title='bbox 294 717 399 764; x_wconf 81' lang='lat' dir='ltr'>Quod</span> <span class='ocrx_word' id='word_1_53' title='bbox 431 723 569 764; x_wconf 76' lang='lat' dir='ltr'>gestaS,</span> <span class='ocrx_word' id='word_1_54' title='bbox 602 723 641 754; x_wconf 89' lang='lat' dir='ltr'>ut</span> <span class='ocrx_word' id='word_1_55' title='bbox 674 717 838 756; x_wconf 83' lang='lat' dir='ltr'><strong>famelici</strong></span> <span class='ocrx_word' id='word_1_56' title='bbox 960 706 1024 744; x_wconf 79' lang='lat'>11·</span> <span class='ocrx_word' id='word_1_57' title='bbox 1055 706 1107 744; x_wconf 60' lang='lat' dir='ltr'>In</span> <span class='ocrx_word' id='word_1_58' title='bbox 1137 707 1288 770; x_wconf 34' lang='lat' dir='ltr'>*Esebon</span> <span class='ocrx_word' id='word_1_59' title='bbox 1319 708 1497 771; x_wconf 43' lang='lat' dir='ltr'>tri-stillae</span> 
     </span>
     <span class='ocr_line' id='line_1_11' title="bbox 236 763 1625 827; baseline 0.001 -16"><span class='ocrx_word' id='word_1_60' title='bbox 236 774 455 812; x_wconf 85' lang='lat' dir='ltr'>Evadentes</span> <span class='ocrx_word' id='word_1_61' title='bbox 486 775 694 821; x_wconf 83' lang='lat' dir='ltr'>periculum</span> <span class='ocrx_word' id='word_1_62' title='bbox 1055 763 1106 800; x_wconf 65' lang='lat' dir='ltr'>Et</span> <span class='ocrx_word' id='word_1_63' title='bbox 1137 775 1174 826; x_wconf 65' lang='grc' dir='ltr'><strong>Ψ</strong></span> <span class='ocrx_word' id='word_1_64' title='bbox 1208 775 1295 827; x_wconf 63' lang='lat'><strong>0351}</strong></span> <span class='ocrx_word' id='word_1_65' title='bbox 1326 774 1501 827; x_wconf 58' lang='lat' dir='ltr'>{mserlae</span> <span class='ocrx_word' id='word_1_66' title='bbox 1619 822 1625 827; x_wconf 92' lang='lat'><em>.</em></span> 
     </span>
     <span class='ocr_line' id='line_1_12' title="bbox 238 820 1623 879; baseline -0.001 -11"><span class='ocrx_word' id='word_1_67' title='bbox 238 830 376 868; x_wconf 87' lang='lat' dir='ltr'>Mortis</span> <span class='ocrx_word' id='word_1_68' title='bbox 407 834 519 877; x_wconf 87' lang='lat' dir='ltr'>atque</span> <span class='ocrx_word' id='word_1_69' title='bbox 549 832 780 879; x_wconf 80' lang='lat' dir='ltr'>ergastulum</span> <span class='ocrx_word' id='word_1_70' title='bbox 1113 820 1218 858; x_wconf 79' lang='lat' dir='ltr'>Sicut</span> <span class='ocrx_word' id='word_1_71' title='bbox 1253 831 1420 866; x_wconf 69' lang='lat' dir='ltr'>PlSClssae</span> <span class='ocrx_word' id='word_1_72' title='bbox 1452 826 1537 858; x_wconf 74' lang='lat' dir='ltr'>Sllsst</span> <span class='ocrx_word' id='word_1_73' title='bbox 1569 825 1623 858; x_wconf 57' lang='lat'>1²1²</span> 
     </span>
    </p>

    <p class='ocr_par' dir='ltr' id='par_1_5' title="bbox 294 877 1474 927">
     <span class='ocr_line' id='line_1_13' title="bbox 294 877 1474 927; baseline 0 -13"><span class='ocrx_word' id='word_1_74' title='bbox 294 887 367 924; x_wconf 72' lang='lat' dir='ltr'>Per</span> <span class='ocrx_word' id='word_1_75' title='bbox 397 891 434 923; x_wconf 66' lang='lat' dir='ltr'>te</span> <span class='ocrx_word' id='word_1_76' title='bbox 463 887 615 925; x_wconf 66' lang='lat' dir='ltr'>valeant,</span> <span class='ocrx_word' id='word_1_77' title='bbox 647 887 763 927; x_wconf 53' lang='lat' dir='ltr'>refici.</span> <span class='ocrx_word' id='word_1_78' title='bbox 1054 877 1162 914; x_wconf 75' lang='lat' dir='ltr'>Pleni</span> <span class='ocrx_word' id='word_1_79' title='bbox 1191 877 1474 914; x_wconf 60' lang='lat' dir='ltr'>misericordiae</span> 
     </span>
    </p>
   </div>
   <div class='ocr_carea' id='block_1_5' title="bbox 1054 931 1558 1040">
    <p class='ocr_par' dir='ltr' id='par_1_6' title="bbox 1054 931 1558 1040">
     <span class='ocr_line' id='line_1_14' title="bbox 1054 931 1456 980; baseline -0.002 -9"><span class='ocrx_word' id='word_1_80' title='bbox 1054 931 1163 971; x_wconf 79' lang='lat' dir='ltr'>Oculi</span> <span class='ocrx_word' id='word_1_81' title='bbox 1194 934 1364 971; x_wconf 55' lang='lat' dir='ltr'>lavantes</span> <span class='ocrx_word' id='word_1_82' title='bbox 1395 935 1456 980; x_wconf 91' lang='lat' dir='ltr'>pie</span> 
     </span>
     <span class='ocr_line' id='line_1_15' title="bbox 1111 990 1558 1040; baseline 0 -13"><span class='ocrx_word' id='word_1_83' title='bbox 1111 990 1282 1027; x_wconf 83' lang='lat' dir='ltr'>Maculas</span> <span class='ocrx_word' id='word_1_84' title='bbox 1316 990 1558 1040; x_wconf 86' lang='lat' dir='ltr'>discontinui,</span> 
     </span>
    </p>
   </div>
   <div class='ocr_carea' id='block_1_6' title="bbox 168 1045 1653 1322">
    <p class='ocr_par' dir='ltr' id='par_1_7' title="bbox 168 1045 1653 1322">
     <span class='ocr_line' id='line_1_16' title="bbox 168 1045 1625 1094; baseline -0.001 -9"><span class='ocrx_word' id='word_1_85' title='bbox 168 1047 206 1085; x_wconf 92' lang='lat'>8.</span> <span class='ocrx_word' id='word_1_86' title='bbox 237 1046 315 1083; x_wconf 87' lang='lat' dir='ltr'>Iste</span> <span class='ocrx_word' id='word_1_87' title='bbox 346 1050 478 1082; x_wconf 81' lang='lat' dir='ltr'>venter</span> <span class='ocrx_word' id='word_1_88' title='bbox 508 1050 564 1082; x_wconf 88' lang='lat' dir='ltr'>est</span> <span class='ocrx_word' id='word_1_89' title='bbox 594 1045 687 1084; x_wconf 71' lang='lat' dir='ltr'>liliis</span> <span class='ocrx_word' id='word_1_90' title='bbox 1054 1045 1139 1083; x_wconf 89' lang='lat' dir='ltr'>Non</span> <span class='ocrx_word' id='word_1_91' title='bbox 1171 1052 1258 1083; x_wconf 87' lang='lat' dir='ltr'>sunt</span> <span class='ocrx_word' id='word_1_92' title='bbox 1290 1047 1406 1084; x_wconf 87' lang='lat' dir='ltr'>dandi</span> <span class='ocrx_word' id='word_1_93' title='bbox 1439 1047 1625 1094; x_wconf 83' lang='lat' dir='ltr'>neglectui</span> 
     </span>
     <span class='ocr_line' id='line_1_17' title="bbox 241 1101 1471 1150; baseline -0.001 -10"><span class='ocrx_word' id='word_1_94' title='bbox 241 1101 416 1140; x_wconf 79' lang='lat' dir='ltr'><em>Vallatus</em></span> <span class='ocrx_word' id='word_1_95' title='bbox 446 1113 516 1149; x_wconf 90' lang='lat' dir='ltr'>pro</span> <span class='ocrx_word' id='word_1_96' title='bbox 548 1103 741 1148; x_wconf 82' lang='lat' dir='ltr'>custodiis,</span> <span class='ocrx_word' id='word_1_97' title='bbox 931 1144 935 1148; x_wconf 53' lang='grc'><strong>,</strong></span> <span class='ocrx_word' id='word_1_98' title='bbox 1055 1103 1164 1140; x_wconf 86' lang='lat' dir='ltr'>Oculi</span> <span class='ocrx_word' id='word_1_99' title='bbox 1195 1104 1302 1149; x_wconf 80' lang='lat' dir='ltr'>tales⁷</span> <span class='ocrx_word' id='word_1_100' title='bbox 1335 1102 1471 1150; x_wconf 88' lang='lat' dir='ltr'>proflui</span> 
     </span>
     <span class='ocr_line' id='line_1_18' title="bbox 292 1158 1521 1209; baseline 0.002 -15"><span class='ocrx_word' id='word_1_101' title='bbox 292 1158 355 1205; x_wconf 89' lang='lat' dir='ltr'>Et,</span> <span class='ocrx_word' id='word_1_102' title='bbox 388 1160 449 1205; x_wconf 90' lang='lat' dir='ltr'>qui</span> <span class='ocrx_word' id='word_1_103' title='bbox 482 1170 649 1196; x_wconf 82' lang='lat' dir='ltr'>amamus</span> <span class='ocrx_word' id='word_1_104' title='bbox 680 1159 773 1207; x_wconf 66' lang='lat' dir='ltr'>lilia,</span> <span class='ocrx_word' id='word_1_105' title='bbox 1113 1160 1269 1197; x_wconf 86' lang='lat' dir='ltr'>Pietatis</span> <span class='ocrx_word' id='word_1_106' title='bbox 1301 1166 1338 1197; x_wconf 86' lang='lat' dir='ltr'>et</span> <span class='ocrx_word' id='word_1_107' title='bbox 1365 1161 1521 1209; x_wconf 89' lang='lat' dir='ltr'>gratiae,</span> 
     </span>
     <span class='ocr_line' id='line_1_19' title="bbox 234 1215 1569 1264; baseline 0 -11"><span class='ocrx_word' id='word_1_108' title='bbox 234 1215 316 1264; x_wconf 85' lang='lat' dir='ltr'>Ego</span> <span class='ocrx_word' id='word_1_109' title='bbox 348 1225 431 1251; x_wconf 85' lang='lat' dir='ltr'>cum</span> <span class='ocrx_word' id='word_1_110' title='bbox 462 1216 554 1252; x_wconf 89' lang='lat' dir='ltr'>meis</span> <span class='ocrx_word' id='word_1_111' title='bbox 586 1216 697 1253; x_wconf 79' lang='lat' dir='ltr'>sociis</span> <span class='ocrx_word' id='word_1_112' title='bbox 1054 1216 1134 1253; x_wconf 91' lang='lat' dir='ltr'>Nec</span> <span class='ocrx_word' id='word_1_113' title='bbox 1167 1216 1306 1253; x_wconf 85' lang='lat' dir='ltr'>debent</span> <span class='ocrx_word' id='word_1_114' title='bbox 1336 1217 1432 1253; x_wconf 89' lang='lat' dir='ltr'>tales</span> <span class='ocrx_word' id='word_1_115' title='bbox 1462 1217 1569 1254; x_wconf 88' lang='lat' dir='ltr'>renui</span> 
     </span>
     <span class='ocr_line' id='line_1_20' title="bbox 237 1272 1653 1322; baseline 0.001 -14"><span class='ocrx_word' id='word_1_116' title='bbox 237 1272 350 1317; x_wconf 70' lang='lat' dir='ltr'>Quasi</span> <span class='ocrx_word' id='word_1_117' title='bbox 381 1273 464 1318; x_wconf 88' lang='lat' dir='ltr'>apis</span> <span class='ocrx_word' id='word_1_118' title='bbox 494 1273 532 1309; x_wconf 87' lang='lat' dir='ltr'>in</span> <span class='ocrx_word' id='word_1_119' title='bbox 563 1273 669 1309; x_wconf 88' lang='lat' dir='ltr'>ostiis</span> <span class='ocrx_word' id='word_1_120' title='bbox 1053 1273 1238 1322; x_wconf 80' lang='lat' dir='ltr'>Piscinae,</span> <span class='ocrx_word' id='word_1_121' title='bbox 1271 1284 1365 1320; x_wconf 81' lang='lat' dir='ltr'>quae</span> <span class='ocrx_word' id='word_1_122' title='bbox 1396 1278 1483 1310; x_wconf 86' lang='lat' dir='ltr'>suut</span> <span class='ocrx_word' id='word_1_123' title='bbox 1513 1273 1561 1310; x_wconf 94' lang='lat' dir='ltr'>ob</span> <span class='ocrx_word' id='word_1_124' title='bbox 1595 1273 1653 1310; x_wconf 90' lang='lat' dir='ltr'>sui</span> 
     </span>
    </p>
   </div>
   <div class='ocr_carea' id='block_1_7' title="bbox 233 1329 1583 1710">
    <p class='ocr_par' dir='ltr' id='par_1_8' title="bbox 236 1329 1583 1488">
     <span class='ocr_line' id='line_1_21' title="bbox 294 1329 1583 1379; baseline 0.002 -14"><span class='ocrx_word' id='word_1_125' title='bbox 294 1330 479 1365; x_wconf 86' lang='lat' dir='ltr'>Assumus</span> <span class='ocrx_word' id='word_1_126' title='bbox 510 1340 580 1376; x_wconf 90' lang='lat' dir='ltr'>pro</span> <span class='ocrx_word' id='word_1_127' title='bbox 611 1330 807 1379; x_wconf 80' lang='lat' dir='ltr'>custodia;</span> <span class='ocrx_word' id='word_1_128' title='bbox 1110 1329 1301 1367; x_wconf 86' lang='lat' dir='ltr'>Lavamen</span> <span class='ocrx_word' id='word_1_129' title='bbox 1333 1330 1583 1369; x_wconf 81' lang='lat' dir='ltr'>necessariae.</span> 
     </span>
     <span class='ocr_line' id='line_1_22' title="bbox 236 1384 676 1435; baseline 0.002 -13"><span class='ocrx_word' id='word_1_130' title='bbox 236 1384 352 1423; x_wconf 88' lang='lat' dir='ltr'>Nulla</span> <span class='ocrx_word' id='word_1_131' title='bbox 381 1391 467 1430; x_wconf 82' lang='lat' dir='ltr'>sunt</span> <span class='ocrx_word' id='word_1_132' title='bbox 498 1386 676 1435; x_wconf 85' lang='lat' dir='ltr'>alvearia,</span> 
     </span>
     <span class='ocr_line' id='line_1_23' title="bbox 236 1441 674 1488; baseline 0.005 -10"><span class='ocrx_word' id='word_1_133' title='bbox 236 1441 310 1479; x_wconf 93' lang='lat' dir='ltr'>Ubi</span> <span class='ocrx_word' id='word_1_134' title='bbox 340 1453 454 1488; x_wconf 89' lang='lat' dir='ltr'>apum</span> <span class='ocrx_word' id='word_1_135' title='bbox 485 1446 539 1479; x_wconf 86' lang='lat' dir='ltr'>tot</span> <span class='ocrx_word' id='word_1_136' title='bbox 572 1443 674 1480; x_wconf 88' lang='lat' dir='ltr'>milia</span> 
     </span>
    </p>

    <p class='ocr_par' dir='ltr' id='par_1_9' title="bbox 233 1497 865 1659">
     <span class='ocr_line' id='line_1_24' title="bbox 291 1497 865 1549; baseline 0.005 -14"><span class='ocrx_word' id='word_1_137' title='bbox 291 1497 386 1536; x_wconf 87' lang='lat' dir='ltr'>Sunt</span> <span class='ocrx_word' id='word_1_138' title='bbox 416 1499 453 1535; x_wconf 91' lang='lat' dir='ltr'>in</span> <span class='ocrx_word' id='word_1_139' title='bbox 480 1499 625 1536; x_wconf 90' lang='lat' dir='ltr'>cunctis</span> <span class='ocrx_word' id='word_1_140' title='bbox 647 1500 865 1549; x_wconf 86' lang='lat' dir='ltr'>provinciis,</span> 
     </span>
     <span class='ocr_line' id='line_1_25' title="bbox 233 1555 793 1602; baseline 0.005 -11"><span class='ocrx_word' id='word_1_141' title='bbox 233 1555 331 1602; x_wconf 82' lang='lat' dir='ltr'>Quot</span> <span class='ocrx_word' id='word_1_142' title='bbox 359 1565 486 1592; x_wconf 89' lang='lat' dir='ltr'>sumus</span> <span class='ocrx_word' id='word_1_143' title='bbox 518 1555 578 1592; x_wconf 86' lang='lat' dir='ltr'>hic</span> <span class='ocrx_word' id='word_1_144' title='bbox 609 1556 656 1593; x_wconf 86' lang='lat' dir='ltr'>de</span> <span class='ocrx_word' id='word_1_145' title='bbox 687 1557 793 1594; x_wconf 88' lang='lat' dir='ltr'>curia</span> 
     </span>
     <span class='ocr_line' id='line_1_26' title="bbox 240 1611 740 1659; baseline 0.002 -10"><span class='ocrx_word' id='word_1_146' title='bbox 240 1613 295 1649; x_wconf 81' lang='lat' dir='ltr'>Te</span> <span class='ocrx_word' id='word_1_147' title='bbox 324 1611 506 1649; x_wconf 87' lang='lat' dir='ltr'>babentes</span> <span class='ocrx_word' id='word_1_148' title='bbox 538 1612 575 1649; x_wconf 91' lang='lat' dir='ltr'>in</span> <span class='ocrx_word' id='word_1_149' title='bbox 607 1613 740 1659; x_wconf 82' lang='lat' dir='ltr'>gardia</span> 
     </span>
    </p>

    <p class='ocr_par' dir='ltr' id='par_1_10' title="bbox 293 1668 795 1710">
     <span class='ocr_line' id='line_1_27' title="bbox 293 1668 795 1710; baseline 0.008 -5"><span class='ocrx_word' id='word_1_150' title='bbox 293 1668 350 1705; x_wconf 91' lang='lat' dir='ltr'>De</span> <span class='ocrx_word' id='word_1_151' title='bbox 380 1669 552 1706; x_wconf 86' lang='lat' dir='ltr'>omnibus</span> <span class='ocrx_word' id='word_1_152' title='bbox 583 1669 795 1710; x_wconf 84' lang='lat' dir='ltr'>ierarchiis.</span> 
     </span>
    </p>
   </div>
   <div class='ocr_carea' id='block_1_8' title="bbox 954 1475 1633 1810">
    <p class='ocr_par' dir='ltr' id='par_1_11' title="bbox 954 1475 1633 1810">
     <span class='ocr_line' id='line_1_28' title="bbox 954 1475 1633 1525; baseline 0 -11"><span class='ocrx_word' id='word_1_153' title='bbox 954 1476 1019 1515; x_wconf 88' lang='grc'>12.</span> <span class='ocrx_word' id='word_1_154' title='bbox 1052 1476 1158 1525; x_wconf 79' lang='lat' dir='ltr'>Quae</span> <span class='ocrx_word' id='word_1_155' title='bbox 1185 1479 1277 1513; x_wconf 73' lang='lat' dir='ltr'>suut</span> <span class='ocrx_word' id='word_1_156' title='bbox 1307 1476 1348 1512; x_wconf 77' lang='lat' dir='ltr'>in</span> <span class='ocrx_word' id='word_1_157' title='bbox 1381 1477 1504 1522; x_wconf 84' lang='lat' dir='ltr'>prima</span> <span class='ocrx_word' id='word_1_158' title='bbox 1535 1475 1633 1514; x_wconf 81' lang='lat' dir='ltr'>facie</span> 
     </span>
     <span class='ocr_line' id='line_1_29' title="bbox 1052 1533 1458 1580; baseline 0 -10"><span class='ocrx_word' id='word_1_159' title='bbox 1052 1533 1322 1571; x_wconf 73' lang='lat' dir='ltr'>Multitudinis</span> <span class='ocrx_word' id='word_1_160' title='bbox 1352 1533 1458 1580; x_wconf 71' lang='lat' dir='ltr'>fidiae</span> 
     </span>
     <span class='ocr_line' id='line_1_30' title="bbox 1110 1589 1546 1637; baseline -0.002 -10"><span class='ocrx_word' id='word_1_161' title='bbox 1110 1589 1197 1627; x_wconf 90' lang='lat' dir='ltr'>Sive</span> <span class='ocrx_word' id='word_1_162' title='bbox 1223 1592 1336 1636; x_wconf 78' lang='lat' dir='ltr'>portu</span> <span class='ocrx_word' id='word_1_163' title='bbox 1370 1590 1546 1637; x_wconf 82' lang='lat' dir='ltr'>civitatis,</span> 
     </span>
     <span class='ocr_line' id='line_1_31' title="bbox 1053 1647 1520 1693; baseline -0.004 -8"><span class='ocrx_word' id='word_1_164' title='bbox 1053 1647 1227 1685; x_wconf 82' lang='lat' dir='ltr'>Piscinae</span> <span class='ocrx_word' id='word_1_165' title='bbox 1258 1651 1344 1683; x_wconf 87' lang='lat' dir='ltr'>tuae</span> <span class='ocrx_word' id='word_1_166' title='bbox 1375 1648 1520 1693; x_wconf 86' lang='lat' dir='ltr'>gratiae</span> 
     </span>
     <span class='ocr_line' id='line_1_32' title="bbox 1052 1703 1570 1750; baseline -0.002 -9"><span class='ocrx_word' id='word_1_167' title='bbox 1052 1703 1233 1741; x_wconf 82' lang='lat' dir='ltr'>Omnibus</span> <span class='ocrx_word' id='word_1_168' title='bbox 1265 1708 1352 1740; x_wconf 89' lang='lat' dir='ltr'>sunt</span> <span class='ocrx_word' id='word_1_169' title='bbox 1381 1704 1570 1750; x_wconf 80' lang='lat' dir='ltr'>propitiae</span> 
     </span>
     <span class='ocr_line' id='line_1_33' title="bbox 1110 1760 1551 1810; baseline 0 -14"><span class='ocrx_word' id='word_1_170' title='bbox 1110 1760 1153 1797; x_wconf 94' lang='lat' dir='ltr'>In</span> <span class='ocrx_word' id='word_1_171' title='bbox 1184 1771 1274 1797; x_wconf 90' lang='lat' dir='ltr'>casu</span> <span class='ocrx_word' id='word_1_172' title='bbox 1303 1761 1551 1810; x_wconf 80' lang='lat' dir='ltr'>necessitatis,</span> 
     </span>
    </p>
   </div>
   <div class='ocr_carea' id='block_1_9' title="bbox 166 1815 1636 2148">
    <p class='ocr_par' dir='ltr' id='par_1_12' title="bbox 166 1815 1636 2148">
     <span class='ocr_line' id='line_1_34' title="bbox 166 1815 1610 1865; baseline -0.001 -11"><span class='ocrx_word' id='word_1_173' title='bbox 166 1816 204 1856; x_wconf 90' lang='lat'>9.</span> <span class='ocrx_word' id='word_1_174' title='bbox 233 1815 325 1853; x_wconf 87' lang='lat' dir='ltr'>Duo</span> <span class='ocrx_word' id='word_1_175' title='bbox 356 1818 424 1853; x_wconf 82' lang='lat' dir='ltr'>tua</span> <span class='ocrx_word' id='word_1_176' title='bbox 455 1821 542 1853; x_wconf 85' lang='lat' dir='ltr'>sunt</span> <span class='ocrx_word' id='word_1_177' title='bbox 571 1817 689 1854; x_wconf 79' lang='lat' dir='ltr'>ubera</span> <span class='ocrx_word' id='word_1_178' title='bbox 1052 1816 1234 1855; x_wconf 87' lang='lat' dir='ltr'>Omnibus</span> <span class='ocrx_word' id='word_1_179' title='bbox 1265 1822 1450 1863; x_wconf 87' lang='lat' dir='ltr'>parantur</span> <span class='ocrx_word' id='word_1_180' title='bbox 1479 1817 1610 1865; x_wconf 85' lang='lat' dir='ltr'>gratis,</span> 
     </span>
     <span class='ocr_line' id='line_1_35' title="bbox 236 1872 1573 1920; baseline 0.001 -11"><span class='ocrx_word' id='word_1_181' title='bbox 236 1872 388 1910; x_wconf 88' lang='lat' dir='ltr'>Miseris</span> <span class='ocrx_word' id='word_1_182' title='bbox 419 1872 618 1910; x_wconf 81' lang='lat' dir='ltr'>salutifera</span> <span class='ocrx_word' id='word_1_183' title='bbox 1051 1873 1114 1911; x_wconf 91' lang='lat' dir='ltr'>Ad</span> <span class='ocrx_word' id='word_1_184' title='bbox 1145 1873 1294 1910; x_wconf 88' lang='lat' dir='ltr'>libitum</span> <span class='ocrx_word' id='word_1_185' title='bbox 1325 1873 1439 1910; x_wconf 89' lang='lat' dir='ltr'>habet</span> <span class='ocrx_word' id='word_1_186' title='bbox 1469 1874 1573 1920; x_wconf 87' lang='lat' dir='ltr'>satis,</span> 
     </span>
     <span class='ocr_line' id='line_1_36' title="bbox 291 1929 1608 1980; baseline 0 -13"><span class='ocrx_word' id='word_1_187' title='bbox 291 1929 398 1967; x_wconf 72' lang='lat' dir='ltr'>Sicut</span> <span class='ocrx_word' id='word_1_188' title='bbox 425 1930 576 1977; x_wconf 63' lang='lat' dir='ltr'>gemelli</span> <span class='ocrx_word' id='word_1_189' title='bbox 606 1930 772 1980; x_wconf 65' lang='lat' dir='ltr'>hinnuli,</span> <span class='ocrx_word' id='word_1_190' title='bbox 1109 1930 1178 1977; x_wconf 85' lang='lat' dir='ltr'>Qui</span> <span class='ocrx_word' id='word_1_191' title='bbox 1208 1930 1288 1967; x_wconf 79' lang='lat' dir='ltr'>vult</span> <span class='ocrx_word' id='word_1_192' title='bbox 1318 1931 1501 1967; x_wconf 76' lang='lat' dir='ltr'>accedere</span> <span class='ocrx_word' id='word_1_193' title='bbox 1532 1930 1608 1977; x_wconf 91' lang='lat' dir='ltr'>pie,</span> 
     </span>
     <span class='ocr_line' id='line_1_37' title="bbox 235 1985 1636 2033; baseline 0.001 -10"><span class='ocrx_word' id='word_1_194' title='bbox 235 1985 327 2023; x_wconf 88' lang='lat' dir='ltr'>Duo</span> <span class='ocrx_word' id='word_1_195' title='bbox 359 1996 518 2033; x_wconf 75' lang='lat' dir='ltr'>capreae</span> <span class='ocrx_word' id='word_1_196' title='bbox 547 1998 684 2033; x_wconf 87' lang='lat' dir='ltr'>aspera</span> <span class='ocrx_word' id='word_1_197' title='bbox 1052 1987 1139 2024; x_wconf 88' lang='lat' dir='ltr'>Non</span> <span class='ocrx_word' id='word_1_198' title='bbox 1169 1990 1254 2023; x_wconf 93' lang='lat' dir='ltr'>sunt</span> <span class='ocrx_word' id='word_1_199' title='bbox 1285 1988 1323 2023; x_wconf 91' lang='lat' dir='ltr'>in</span> <span class='ocrx_word' id='word_1_200' title='bbox 1353 1987 1447 2024; x_wconf 89' lang='lat' dir='ltr'>locis</span> <span class='ocrx_word' id='word_1_201' title='bbox 1477 1987 1636 2025; x_wconf 87' lang='lat' dir='ltr'>firmatis</span> 
     </span>
     <span class='ocr_line' id='line_1_38' title="bbox 237 2042 1503 2091; baseline 0.002 -12"><span class='ocrx_word' id='word_1_202' title='bbox 237 2042 310 2079; x_wconf 86' lang='lat' dir='ltr'>Per</span> <span class='ocrx_word' id='word_1_203' title='bbox 341 2043 490 2080; x_wconf 88' lang='lat' dir='ltr'>deserta</span> <span class='ocrx_word' id='word_1_204' title='bbox 521 2048 557 2080; x_wconf 88' lang='lat' dir='ltr'>et</span> <span class='ocrx_word' id='word_1_205' title='bbox 587 2044 717 2091; x_wconf 85' lang='lat' dir='ltr'>iugera</span> <span class='ocrx_word' id='word_1_206' title='bbox 1055 2044 1127 2082; x_wconf 89' lang='lat' dir='ltr'>Vel</span> <span class='ocrx_word' id='word_1_207' title='bbox 1158 2043 1326 2080; x_wconf 83' lang='lat' dir='ltr'>latibulis</span> <span class='ocrx_word' id='word_1_208' title='bbox 1357 2044 1503 2091; x_wconf 85' lang='lat' dir='ltr'>relatis,</span> 
     </span>
     <span class='ocr_line' id='line_1_39' title="bbox 295 2099 1616 2148; baseline 0.002 -12"><span class='ocrx_word' id='word_1_209' title='bbox 295 2099 485 2137; x_wconf 86' lang='lat' dir='ltr'>Saltantes</span> <span class='ocrx_word' id='word_1_210' title='bbox 520 2106 651 2147; x_wconf 86' lang='lat' dir='ltr'>pastus</span> <span class='ocrx_word' id='word_1_211' title='bbox 682 2101 865 2148; x_wconf 64' lang='lat' dir='ltr'>quael-uli,</span> <span class='ocrx_word' id='word_1_212' title='bbox 979 2139 983 2143; x_wconf 81' lang='grc'>,</span> <span class='ocrx_word' id='word_1_213' title='bbox 1112 2100 1265 2138; x_wconf 88' lang='lat' dir='ltr'>Cunctis</span> <span class='ocrx_word' id='word_1_214' title='bbox 1296 2104 1428 2147; x_wconf 89' lang='lat' dir='ltr'>patent</span> <span class='ocrx_word' id='word_1_215' title='bbox 1458 2100 1616 2140; x_wconf 89' lang='lat' dir='ltr'>notorie.</span> 
     </span>
    </p>
   </div>
   <div class='ocr_carea' id='block_1_10' title="bbox 238 2155 867 2489">
    <p class='ocr_par' dir='ltr' id='par_1_13' title="bbox 238 2155 867 2489">
     <span class='ocr_line' id='line_1_40' title="bbox 241 2155 635 2194; baseline 0.003 -2"><span class='ocrx_word' id='word_1_216' title='bbox 241 2155 365 2193; x_wconf 88' lang='lat' dir='ltr'>Pietas</span> <span class='ocrx_word' id='word_1_217' title='bbox 398 2160 463 2193; x_wconf 89' lang='lat' dir='ltr'>tua</span> <span class='ocrx_word' id='word_1_218' title='bbox 494 2157 635 2194; x_wconf 82' lang='lat' dir='ltr'>saeculi</span> 
     </span>
     <span class='ocr_line' id='line_1_41' title="bbox 239 2211 659 2260; baseline 0.002 -11"><span class='ocrx_word' id='word_1_219' title='bbox 239 2211 432 2259; x_wconf 84' lang='lat' dir='ltr'>Veniaque</span> <span class='ocrx_word' id='word_1_220' title='bbox 462 2217 499 2249; x_wconf 90' lang='lat' dir='ltr'>et</span> <span class='ocrx_word' id='word_1_221' title='bbox 529 2213 659 2260; x_wconf 90' lang='lat' dir='ltr'>populi</span> 
     </span>
     <span class='ocr_line' id='line_1_42' title="bbox 295 2269 867 2316; baseline 0.005 -11"><span class='ocrx_word' id='word_1_222' title='bbox 295 2269 419 2306; x_wconf 85' lang='lat' dir='ltr'>Vitam</span> <span class='ocrx_word' id='word_1_223' title='bbox 434 2275 619 2316; x_wconf 86' lang='lat' dir='ltr'>quaerunt</span> <span class='ocrx_word' id='word_1_224' title='bbox 630 2274 667 2307; x_wconf 89' lang='lat' dir='ltr'>et</span> <span class='ocrx_word' id='word_1_225' title='bbox 678 2274 765 2306; x_wconf 84' lang='lat' dir='ltr'>sunt</span> <span class='ocrx_word' id='word_1_226' title='bbox 776 2280 867 2308; x_wconf 81' lang='lat' dir='ltr'>vera</span> 
     </span>
     <span class='ocr_line' id='line_1_43' title="bbox 238 2325 668 2373; baseline -0.002 -9"><span class='ocrx_word' id='word_1_227' title='bbox 238 2325 367 2364; x_wconf 85' lang='lat' dir='ltr'>Ubera</span> <span class='ocrx_word' id='word_1_228' title='bbox 395 2326 508 2372; x_wconf 90' lang='lat' dir='ltr'>plena</span> <span class='ocrx_word' id='word_1_229' title='bbox 538 2326 668 2373; x_wconf 84' lang='lat' dir='ltr'>pabuli</span> 
     </span>
     <span class='ocr_line' id='line_1_44' title="bbox 239 2381 676 2431; baseline 0.005 -13"><span class='ocrx_word' id='word_1_230' title='bbox 239 2381 436 2427; x_wconf 83' lang='lat' dir='ltr'>Saltantia‚</span> <span class='ocrx_word' id='word_1_231' title='bbox 467 2387 508 2419; x_wconf 88' lang='lat' dir='ltr'>ut</span> <span class='ocrx_word' id='word_1_232' title='bbox 538 2383 676 2431; x_wconf 86' lang='lat' dir='ltr'>singuli</span> 
     </span>
     <span class='ocr_line' id='line_1_45' title="bbox 293 2437 850 2489; baseline 0.009 -15"><span class='ocrx_word' id='word_1_233' title='bbox 293 2437 589 2477; x_wconf 81' lang='lat' dir='ltr'>Transferantur</span> <span class='ocrx_word' id='word_1_234' title='bbox 619 2440 668 2478; x_wconf 83' lang='lat' dir='ltr'>ad</span> <span class='ocrx_word' id='word_1_235' title='bbox 699 2451 850 2489; x_wconf 83' lang='lat' dir='ltr'>supera.</span> 
     </span>
    </p>
   </div>
   <div class='ocr_carea' id='block_1_11' title="bbox 957 2246 1618 2568">
    <p class='ocr_par' dir='ltr' id='par_1_14' title="bbox 957 2246 1618 2568">
     <span class='ocr_line' id='line_1_46' title="bbox 957 2246 1572 2294; baseline -0.003 -9"><span class='ocrx_word' id='word_1_236' title='bbox 957 2248 1020 2286; x_wconf 87' lang='lat'>13.</span> <span class='ocrx_word' id='word_1_237' title='bbox 1052 2246 1186 2284; x_wconf 78' lang='lat' dir='ltr'>Nasus</span> <span class='ocrx_word' id='word_1_238' title='bbox 1216 2251 1305 2285; x_wconf 78' lang='lat' dir='ltr'>tuus</span> <span class='ocrx_word' id='word_1_239' title='bbox 1336 2258 1405 2294; x_wconf 90' lang='lat' dir='ltr'>per</span> <span class='ocrx_word' id='word_1_240' title='bbox 1435 2247 1572 2284; x_wconf 88' lang='lat' dir='ltr'>odores</span> 
     </span>
     <span class='ocr_line' id='line_1_47' title="bbox 1053 2303 1581 2350; baseline -0.002 -9"><span class='ocrx_word' id='word_1_241' title='bbox 1053 2304 1246 2341; x_wconf 87' lang='lat' dir='ltr'>Discernit</span> <span class='ocrx_word' id='word_1_242' title='bbox 1276 2304 1438 2350; x_wconf 89' lang='lat' dir='ltr'>optimos</span> <span class='ocrx_word' id='word_1_243' title='bbox 1468 2303 1581 2341; x_wconf 86' lang='lat' dir='ltr'>flores</span> 
     </span>
     <span class='ocr_line' id='line_1_48' title="bbox 1111 2361 1577 2409; baseline -0.004 -10"><span class='ocrx_word' id='word_1_244' title='bbox 1111 2361 1354 2409; x_wconf 84' lang='lat' dir='ltr'>Colligendos</span> <span class='ocrx_word' id='word_1_245' title='bbox 1386 2371 1454 2407; x_wconf 86' lang='lat' dir='ltr'>pro</span> <span class='ocrx_word' id='word_1_246' title='bbox 1486 2361 1577 2407; x_wconf 85' lang='lat' dir='ltr'>filio,</span> 
     </span>
     <span class='ocr_line' id='line_1_49' title="bbox 1053 2415 1618 2464; baseline -0.002 -10"><span class='ocrx_word' id='word_1_247' title='bbox 1053 2417 1096 2454; x_wconf 91' lang='lat' dir='ltr'>In</span> <span class='ocrx_word' id='word_1_248' title='bbox 1128 2417 1422 2464; x_wconf 87' lang='lat' dir='ltr'>quibuscumque</span> <span class='ocrx_word' id='word_1_249' title='bbox 1455 2415 1618 2454; x_wconf 84' lang='lat' dir='ltr'>foetores</span> 
     </span>
     <span class='ocr_line' id='line_1_50' title="bbox 1054 2473 1609 2521; baseline 0 -11"><span class='ocrx_word' id='word_1_250' title='bbox 1054 2473 1150 2511; x_wconf 84' lang='lat' dir='ltr'>Sunt</span> <span class='ocrx_word' id='word_1_251' title='bbox 1180 2475 1239 2510; x_wconf 88' lang='lat' dir='ltr'>vel</span> <span class='ocrx_word' id='word_1_252' title='bbox 1270 2473 1405 2510; x_wconf 89' lang='lat' dir='ltr'>foetidi</span> <span class='ocrx_word' id='word_1_253' title='bbox 1437 2484 1609 2521; x_wconf 90' lang='lat' dir='ltr'>vapores,</span> 
     </span>
     <span class='ocr_line' id='line_1_51' title="bbox 1110 2531 1506 2568; baseline -0.003 0"><span class='ocrx_word' id='word_1_254' title='bbox 1110 2531 1202 2568; x_wconf 88' lang='lat' dir='ltr'>Illos</span> <span class='ocrx_word' id='word_1_255' title='bbox 1232 2535 1296 2567; x_wconf 88' lang='lat' dir='ltr'>tua</span> <span class='ocrx_word' id='word_1_256' title='bbox 1328 2531 1506 2568; x_wconf 85' lang='lat' dir='ltr'>discretio</span> 
     </span>
    </p>
   </div>
   <div class='ocr_carea' id='block_1_12' title="bbox 144 2581 1641 2862">
    <p class='ocr_par' dir='ltr' id='par_1_15' title="bbox 144 2581 1641 2862">
     <span class='ocr_line' id='line_1_52' title="bbox 144 2581 1437 2634; baseline 0.002 -13"><span class='ocrx_word' id='word_1_257' title='bbox 144 2581 206 2623; x_wconf 86' lang='lat'>10.</span> <span class='ocrx_word' id='word_1_258' title='bbox 239 2583 386 2622; x_wconf 83' lang='lat' dir='ltr'>Collum</span> <span class='ocrx_word' id='word_1_259' title='bbox 414 2587 525 2623; x_wconf 81' lang='lat' dir='ltr'>tuum</span> <span class='ocrx_word' id='word_1_260' title='bbox 556 2591 611 2623; x_wconf 89' lang='lat' dir='ltr'>est</span> <span class='ocrx_word' id='word_1_261' title='bbox 645 2587 804 2624; x_wconf 88' lang='lat' dir='ltr'>duorum</span> <span class='ocrx_word' id='word_1_262' title='bbox 1051 2587 1194 2633; x_wconf 81' lang='lat' dir='ltr'>Abicit,</span> <span class='ocrx_word' id='word_1_263' title='bbox 1227 2587 1315 2634; x_wconf 85' lang='lat' dir='ltr'>quia</span> <span class='ocrx_word' id='word_1_264' title='bbox 1341 2588 1437 2624; x_wconf 85' lang='lat' dir='ltr'>ratio</span> 
     </span>
     <span class='ocr_line' id='line_1_53' title="bbox 241 2640 1580 2690; baseline 0.002 -13"><span class='ocrx_word' id='word_1_265' title='bbox 241 2640 458 2688; x_wconf 84' lang='lat' dir='ltr'>Passagium</span> <span class='ocrx_word' id='word_1_266' title='bbox 490 2648 742 2680; x_wconf 85' lang='lat' dir='ltr'>extremorum</span> <span class='ocrx_word' id='word_1_267' title='bbox 1054 2643 1139 2681; x_wconf 88' lang='lat' dir='ltr'>Non</span> <span class='ocrx_word' id='word_1_268' title='bbox 1171 2648 1240 2688; x_wconf 87' lang='lat' dir='ltr'>est,</span> <span class='ocrx_word' id='word_1_269' title='bbox 1272 2648 1313 2680; x_wconf 88' lang='lat' dir='ltr'>ut</span> <span class='ocrx_word' id='word_1_270' title='bbox 1344 2649 1407 2680; x_wconf 83' lang='lat' dir='ltr'>tuo</span> <span class='ocrx_word' id='word_1_271' title='bbox 1439 2644 1580 2690; x_wconf 83' lang='lat' dir='ltr'>gremio</span> 
     </span>
     <span class='ocr_line' id='line_1_54' title="bbox 295 2696 1641 2749; baseline 0.003 -15"><span class='ocrx_word' id='word_1_272' title='bbox 295 2696 368 2734; x_wconf 91' lang='lat' dir='ltr'>Seu</span> <span class='ocrx_word' id='word_1_273' title='bbox 397 2699 560 2736; x_wconf 89' lang='lat' dir='ltr'>medium</span> <span class='ocrx_word' id='word_1_274' title='bbox 590 2700 690 2737; x_wconf 87' lang='lat' dir='ltr'>inter</span> <span class='ocrx_word' id='word_1_275' title='bbox 720 2711 776 2749; x_wconf 86' lang='lat' dir='ltr'>ea,</span> <span class='ocrx_word' id='word_1_276' title='bbox 1112 2699 1175 2737; x_wconf 88' lang='lat' dir='ltr'>Sic</span> <span class='ocrx_word' id='word_1_277' title='bbox 1205 2700 1377 2737; x_wconf 85' lang='lat' dir='ltr'>locentur</span> <span class='ocrx_word' id='word_1_278' title='bbox 1407 2704 1641 2748; x_wconf 73' lang='lat' dir='ltr'>peccatores,</span> 
     </span>
     <span class='ocr_line' id='line_1_55' title="bbox 240 2753 1584 2803; baseline 0.003 -13"><span class='ocrx_word' id='word_1_279' title='bbox 240 2753 300 2790; x_wconf 90' lang='lat' dir='ltr'>Ab</span> <span class='ocrx_word' id='word_1_280' title='bbox 331 2759 499 2794; x_wconf 86' lang='lat' dir='ltr'>extremo</span> <span class='ocrx_word' id='word_1_281' title='bbox 530 2757 778 2794; x_wconf 84' lang='lat' dir='ltr'>humanorum</span> <span class='ocrx_word' id='word_1_282' title='bbox 1055 2757 1162 2802; x_wconf 85' lang='lat' dir='ltr'>Quod</span> <span class='ocrx_word' id='word_1_283' title='bbox 1194 2757 1396 2793; x_wconf 87' lang='lat' dir='ltr'>tradantur</span> <span class='ocrx_word' id='word_1_284' title='bbox 1425 2757 1584 2803; x_wconf 91' lang='lat' dir='ltr'>repudio</span> 
     </span>
     <span class='ocr_line' id='line_1_56' title="bbox 243 2809 1578 2862; baseline 0.003 -15"><span class='ocrx_word' id='word_1_285' title='bbox 243 2809 304 2847; x_wconf 90' lang='lat' dir='ltr'>Ad</span> <span class='ocrx_word' id='word_1_286' title='bbox 335 2815 541 2849; x_wconf 85' lang='lat' dir='ltr'>extremum</span> <span class='ocrx_word' id='word_1_287' title='bbox 576 2814 789 2850; x_wconf 88' lang='lat' dir='ltr'>divinorum</span> <span class='ocrx_word' id='word_1_288' title='bbox 1054 2813 1118 2862; x_wconf 90' lang='lat' dir='ltr'>Hi,</span> <span class='ocrx_word' id='word_1_289' title='bbox 1151 2824 1307 2860; x_wconf 90' lang='lat' dir='ltr'>quorum</span> <span class='ocrx_word' id='word_1_290' title='bbox 1341 2814 1578 2852; x_wconf 87' lang='lat' dir='ltr'>conversatio</span> 
     </span>
    </p>
   </div>
   <div class='ocr_carea' id='block_1_13' title="bbox 298 2866 1686 2919">
    <p class='ocr_par' dir='ltr' id='par_1_16' title="bbox 298 2866 1686 2919">
     <span class='ocr_line' id='line_1_57' title="bbox 298 2866 1686 2919; baseline 0.004 -16"><span class='ocrx_word' id='word_1_291' title='bbox 298 2866 616 2907; x_wconf 84' lang='lat' dir='ltr'>Transcendendo</span> <span class='ocrx_word' id='word_1_292' title='bbox 647 2880 847 2919; x_wconf 65' lang='lat' dir='ltr'>empyrea,</span> <span class='ocrx_word' id='word_1_293' title='bbox 1110 2869 1297 2907; x_wconf 87' lang='lat' dir='ltr'>Florescit</span> <span class='ocrx_word' id='word_1_294' title='bbox 1319 2881 1389 2917; x_wconf 89' lang='lat' dir='ltr'>per</span> <span class='ocrx_word' id='word_1_295' title='bbox 1410 2870 1527 2908; x_wconf 90' lang='lat' dir='ltr'>bonos</span> <span class='ocrx_word' id='word_1_296' title='bbox 1550 2881 1686 2910; x_wconf 86' lang='lat' dir='ltr'>mores.</span> 
     </span>
    </p>
   </div>
  </div>
 </body>
</html>
