2031 3289
207 311 275 348 23.

209 591 276 629 24.

209 873 276 910 25.

207 1153 274 1190 26.

208 1434 276 1471 27.

210 1714 274 1752 28.

233 2448 255 2484 [Q

822 217 872 221 —
932 193 1016 235 430
1075 216 1126 222 —

306 309 527 355 Benedicta,
560 319 630 355 per
659 319 770 354 quam
802 308 903 346 victa

362 365 493 402 Hostis
524 372 580 401 est
611 365 788 414 versutia,

306 421 507 458 Restitutis
538 431 605 467 spe
635 420 768 457 salutis

364 477 487 514 Datur
516 476 763 522 indulgentia.

308 589 544 626 Benedictus
575 598 642 626 rex
673 588 847 636 invictus,

366 645 483 682 Cuius
515 649 637 681 mater
668 644 848 691 crederis,

309 702 376 748 Qui
408 705 541 738 reatus
573 711 618 737 ex
648 704 686 737 te
717 705 827 738 natus

365 757 501 794 Nostri
533 757 646 795 solvit
676 757 835 804 generis.

311 869 541 916 Reparatrix
573 874 610 907 et
640 869 798 906 solatrix

361 925 610 971 Desperantis
641 925 799 972 animae,

306 983 341 1019 A
372 992 562 1028 pressura,
596 992 691 1028 quae
723 986 883 1019 ventura

363 1038 478 1075 Malis
509 1042 577 1085 est,
608 1048 665 1074 me
696 1038 851 1077 redime.

308 1151 380 1187 Pro
412 1160 470 1186 me
500 1154 599 1197 pete,
631 1154 672 1186 ut
702 1151 828 1197 quiete

362 1206 599 1253 Sempiterna
627 1205 817 1253 perfruar,

311 1263 369 1300 Ne
401 1263 597 1299 tormentis
630 1263 883 1300 comburentis

367 1319 498 1366 Stagni
530 1319 644 1355 miser
674 1319 826 1356 obruar.

309 1432 414 1478 Quod
449 1431 611 1479 requiro,
644 1432 743 1478 quod
775 1432 937 1480 suspiro,

363 1489 450 1526 Mea
481 1499 573 1525 sana
603 1488 771 1534 vulnera,

306 1545 357 1582 Et
390 1545 436 1582 da
468 1545 583 1580 menti
614 1548 651 1580 te
682 1545 852 1591 poscenti

364 1601 579 1639 Gratiarum
613 1611 781 1638 munera.

307 1713 360 1751 Ut
388 1713 457 1750 sim
486 1717 611 1750 castus
643 1718 680 1749 et
710 1714 913 1763 modestus,

364 1769 509 1817 Dulcis,
541 1770 715 1817 blandus,
748 1770 908 1814 sobrius,

306 1826 409 1870 Pius,
443 1829 580 1871 rectus,
614 1827 909 1873 circumspectus

361 1882 570 1920 Simultatis
601 1884 760 1922 nescius.

1022 310 1087 347 29.

1028 590 1093 628 30.

1027 869 1093 909 31.

1026 1152 1092 1189 32.

1023 1433 1089 1470 33.

1020 1715 1085 1753 34.

1121 308 1303 346 Eruditus
1335 313 1371 346 et
1403 309 1567 347 munitus

1177 365 1327 402 Divinis
1359 365 1528 412 eloquiis,

1122 420 1337 458 Timoratus
1369 426 1403 458 et
1436 426 1589 458 ornatus

1178 477 1304 514 Sacris
1335 477 1540 523 exercitiis,

1127 589 1327 634 Constans,
1361 589 1485 636 gravis
1513 594 1548 626 et
1580 590 1719 636 suavis,

1183 645 1386 692 Benignus,
1419 645 1605 689 amabilis,

1130 700 1311 750 Simplex,
1343 712 1459 748 purus
1491 706 1525 738 et
1558 706 1739 747 maturus,

1184 757 1336 794 Patiens
1369 763 1405 795 ct
1431 757 1595 796 humilis

1125 869 1249 907 Corde
1280 869 1460 918 prudens,
1491 879 1555 906 ore
1585 870 1741 907 studens

1180 925 1388 963 Veritatem
1421 926 1557 975 dicere,

1122 982 1266 1019 Malum
1297 983 1441 1026 nolens,
1473 982 1592 1019 Deum
1630 982 1755 1019 colens

1180 1039 1247 1075 Pio
1278 1048 1428 1085 semper
1458 1049 1585 1085 opere.

1124 1150 1219 1187 Esto
1249 1151 1378 1188 nutrix
1410 1156 1445 1187 et
1477 1151 1642 1188 adiutrix

1182 1207 1387 1245 Christiani
1417 1208 1560 1255 populi,

1126 1263 1258 1300 Pacem
1291 1269 1454 1309 praesta,
1490 1274 1535 1300 ne
1566 1264 1724 1301 molesta

1181 1320 1258 1356 Nos
1290 1320 1512 1366 perturbent
1545 1320 1700 1358 saeculi.

1124 1432 1181 1469 Da
1212 1432 1382 1469 levamen
1413 1438 1450 1470 et
1480 1433 1654 1469 iuvamen

1179 1488 1297 1525 Tuum
1330 1489 1406 1525 illis
1436 1489 1584 1535 iugiter,

1121 1545 1201 1581 Tua
1232 1543 1330 1582 festa
1361 1545 1440 1581 sive
1470 1550 1575 1591 gesta

1178 1601 1248 1647 Qui
1279 1602 1406 1638 colunt
1437 1602 1625 1638 alacriter.

1121 1715 1234 1751 Pater
1267 1714 1382 1763 Deus,
1416 1713 1470 1750 fili
1504 1714 1616 1760 Deus,

1184 1770 1284 1807 Deus
1317 1770 1414 1808 alme
1445 1770 1612 1817 spiritus,

1052 1859 1061 1867 .
1119 1828 1191 1864 Per
1221 1830 1375 1863 aeterna
1404 1837 1471 1863 nos
1503 1827 1682 1873 guberna,

1173 1883 1274 1920 Deus
1307 1895 1413 1929 unus,
1446 1884 1609 1922 saecula.

778 2052 1058 2099 Rhythmus
1101 2052 1164 2091 IV.

263 2196 271 2205 .
305 2164 490 2202 Salutaris
521 2165 632 2201 stella
663 2165 790 2211 maris,

359 2220 519 2257 Summis
553 2221 664 2267 [ligna
695 2221 886 2268 laudibus,

306 2278 409 2323 Quae
430 2278 630 2324 praecellis
648 2278 792 2314 cunctis
809 2277 934 2314 stellis

360 2334 486 2380 Atque
516 2334 776 2372 luminaribus.

261 2475 270 2484 .
302 2445 332 2482 T
336 2457 383 2483 ua
416 2446 516 2482 dulci
549 2457 661 2493 prece
692 2445 783 2483 fulci

364 2502 562 2548 Supplices
595 2507 632 2539 et
662 2502 803 2552 refove,

304 2558 494 2605 Quidquid
518 2564 649 2605 gravat
670 2561 729 2597 vel
749 2560 932 2606 depravat

363 2615 511 2651 Montes
541 2619 700 2663 nostras,
733 2626 896 2654 remove.

262 2757 269 2764 .
303 2727 430 2775 Virgo,
454 2727 589 2775 gaude,
611 2739 705 2774 quae
729 2729 776 2765 dc
798 2727 934 2765 fraude

356 2783 559 2820 Daemonis
586 2795 653 2821 nos
684 2784 836 2831 liberas,

302 2839 397 2875 Dum
430 2840 466 2875 in
502 2851 590 2877 vera
622 2845 657 2877 ct
689 2841 838 2878 sincera

358 2895 476 2932 Deum
507 2907 619 2934 carne
650 2907 820 2946 generas,

1049 2167 1086 2203 4.
1117 2164 1271 2202 Illibata
1302 2170 1335 2201 ct
1371 2165 1489 2202 ditata

1175 2221 1338 2259 Caelesti
1370 2222 1559 2269 progenie,

1118 2277 1330 2315 Gravidata
1360 2288 1429 2314 nec
1458 2278 1605 2324 privata

1175 2334 1289 2371 Flore
1325 2334 1543 2381 pudicitiae,

1049 2449 1085 2485 5.
1119 2446 1226 2493 Nam.
1260 2446 1359 2493 quod
1383 2457 1478 2492 eras,
1512 2455 1745 2493 perseveras,

1175 2503 1270 2539 Dum
1301 2503 1443 2540 intacta
1475 2513 1643 2550 generas,

1120 2559 1231 2596 Illum
1262 2564 1429 2596 tractans
1451 2564 1562 2606 atque
1587 2559 1743 2602 lactans,

1174 2617 1246 2653 Per
1276 2626 1383 2662 quem
1414 2614 1514 2652 facta
1540 2614 1678 2653 fueras

1047 2730 1085 2768 6.
1117 2728 1212 2765 Mihi
1246 2734 1387 2765 maesto
1418 2738 1515 2764 nunc
1545 2726 1675 2764 adesto

1176 2785 1279 2822 Dans
1311 2794 1475 2830 perenne
1505 2782 1693 2830 gaudium,

1116 2841 1237 2887 Dona,
1269 2851 1418 2887 quaeso,
1450 2840 1559 2876 nimis
1590 2839 1690 2876 laeso

1173 2898 1350 2944 Optatum
1383 2896 1599 2933 remedium.
