2031 3289
507 276 575 315 12.

508 613 574 653 13.

509 952 578 990 14.

511 1291 575 1330 15.

512 1631 578 1670 16.

515 1970 581 2009 17.

519 2309 584 2347 18.

523 2649 586 2686 19.

925 161 1234 201 —138—

620 275 803 324 Angelus,
836 284 935 319 ecce,
965 273 1119 311 Domini
1150 272 1411 321 praefulgidus

621 331 766 369 Sedens
794 331 833 367 in
864 330 961 367 albis
992 331 1163 367 revoluto
1193 330 1322 377 lapide

619 387 713 425 Illas
744 385 883 423 refovit
912 386 1053 424 talibus
1080 387 1277 433 alloquiis:

618 443 717 490 Quid
747 454 814 480 vos
844 443 883 480 in
914 443 1034 480 antris
1063 443 1251 479 viventem
1282 453 1364 479 cum
1394 443 1552 481 mortuis

620 498 841 547 Quaeritis?
871 499 954 546 ipse
985 501 1164 546 surrexit,
1195 503 1237 536 ut
1268 499 1427 536 dixerat.

620 612 694 658 En,
727 622 814 648 ecce
844 611 962 657 locus,
991 611 1056 648 ubi
1090 609 1162 648 fuit
1191 611 1339 659 positus

620 668 823 714 Dominus;
855 668 920 710 ite,
955 668 1069 704 dicite
1101 667 1322 714 discipulis:

623 724 809 772 Surrexit,
842 728 967 761 autem
999 724 1201 761 Gallilaem
1232 723 1356 770 petiit,

620 781 821 819 Destruxit
850 791 948 828 eum,
981 781 1045 827 qui
1076 781 1208 816 mortis
1239 780 1438 826 imperium

619 837 800 875 Habebat
829 842 930 883 ante,
963 837 1060 874 sicut
1090 837 1172 884 ipse
1204 837 1367 874 dixerat.

625 950 736 987 Ibant
767 950 885 987 alacri
917 954 1072 997 pectore
1103 948 1279 997 feliciter,

621 1007 798 1045 Occurrit
827 1006 904 1043 illis
936 1007 1054 1052 lesus,
1087 1006 1218 1042 mundi
1248 1005 1382 1053 gloria,

620 1063 742 1109 Mitis,
775 1063 902 1100 suavis
933 1074 978 1100 ac
1010 1062 1290 1109 desiderabilis,

620 1122 740 1159 Totus
767 1118 968 1166 benignus,
1002 1119 1112 1156 dulce
1144 1118 1386 1168 desiderium,

623 1176 734 1214 Salus
764 1176 944 1223 perennis
975 1180 1225 1213 aeternorum‘
1246 1175 1396 1215 civium,

623 1289 718 1338 Spes
749 1299 910 1335 namque
941 1288 1072 1326 mundi
1103 1287 1281 1325 salutaris
1311 1287 1434 1334 unica,

620 1346 736 1396 Fons,
770 1346 861 1392 vita,
893 1345 1014 1382 virtus
1045 1344 1278 1391 sempiterna
1307 1343 1461 1390 veritas,

622 1403 751 1441 Pietas
781 1402 935 1449 ardens,
968 1402 1088 1438 omnis
1121 1401 1341 1447 consolatio,

622 1459 739 1496 Vultu
767 1470 900 1496 sereno
931 1458 1022 1496 solis
1052 1469 1168 1505 super
1195 1458 1303 1494 radio

622 1516 752 1554 Dixit:
785 1516 921 1561 Avete‚
953 1515 1094 1552 sanctis
1120 1513 1354 1551 mulieribus.

630 1629 725 1666 Illae
756 1631 925 1666 sacratos
956 1638 1000 1665 ac
1032 1626 1305 1664 desiderabiles

626 1685 858 1732 Sanctosque
888 1685 1005 1731 pedes
1036 1687 1238 1721 tenuerunt
1270 1682 1429 1730 dulcius,

625 1743 777 1780 Dedere
809 1741 969 1778 strictim
1002 1740 1108 1778 basia
1139 1738 1331 1784 melliflua,

626 1799 782 1836 Plantas
814 1798 944 1835 beatas
975 1808 1049 1834 non
1081 1796 1282 1833 cessabant
1312 1794 1480 1832 lambere

626 1856 702 1894 Per
730 1855 834 1892 mille
866 1855 966 1892 vices
997 1853 1225 1891 venerandis
1255 1852 1379 1890 labiis.

628 1969 658 2007 O
690 1979 801 2015 quam
832 1967 975 2014 beatas,
1007 1965 1151 2011 felices,
1184 1965 1410 2002 lectissimas

627 2027 868 2071 Quapropter
898 2025 990 2060 istas
1021 2023 1198 2059 mulieres
1231 2022 1413 2058 dixerim!

630 2081 706 2119 Sed
736 2081 862 2118 nullus
892 2080 991 2117 inest
1021 2079 1112 2116 mihi
1144 2089 1266 2116 sermo
1297 2077 1434 2126 facilis,

628 2138 699 2185 Qui
729 2137 850 2186 possit
879 2137 1013 2174 harum
1043 2136 1176 2173 saltem
1209 2145 1393 2172 summum
1424 2132 1599 2180 tegminis

629 2195 687 2233 De
717 2194 830 2231 laude
860 2193 964 2230 filum
996 2193 1270 2240 promulgando
1300 2196 1467 2238 tangere.

631 2309 730 2345 Istos
762 2311 931 2344 sacratos
962 2305 1204 2353 patriarchae
1234 2303 1393 2349 nobiles,

629 2364 744 2402 Multi
775 2364 996 2410 prophetae,
1031 2373 1138 2409 reges
1169 2366 1204 2397 et
1236 2360 1436 2407 pontifices

632 2420 755 2458 Pedes
787 2420 918 2458 videre
950 2419 1151 2458 voluerunt
1180 2418 1303 2464 anxie,

632 2477 707 2515 Sed
736 2488 810 2514 non
842 2476 1030 2521 viderunt,
1061 2486 1153 2522 quos
1185 2473 1314 2511 felices
1347 2472 1507 2510 feminae

631 2534 745 2572 Dulci
776 2536 925 2570 retentu
956 2535 1174 2569 meruerunt
1205 2531 1402 2577 stringere.

634 2647 743 2684 Tunc
774 2646 878 2683 Iesus
909 2645 998 2693 illis,
1029 2649 1129 2681 totus
1161 2643 1280 2681 bonus
1315 2643 1510 2686 Dominus,

637 2703 765 2740 Dixit:
800 2702 928 2739 Nolite
955 2701 1028 2738 iam
1061 2701 1162 2738 ultra
1193 2710 1409 2747 pavescere,

636 2759 710 2797 Sed
742 2760 806 2808 ite,
839 2758 931 2795 meis
963 2758 1077 2795 dicite
1109 2757 1318 2803 discipulis,

634 2817 675 2853 In
709 2816 933 2854 Gallilaeam
964 2814 1100 2851 montis
1130 2814 1168 2850 in
1200 2813 1391 2850 cacumine

634 2873 747 2918 Eant,
780 2872 907 2918 ibique
938 2882 997 2908 me
1029 2870 1211 2909 videbunt
1242 2869 1399 2916 pariter.
