1914 3223
753 211 1060 264 „517-

153 322 190 359 9.
239 321 382 360 Corvus
413 324 518 371 pavit
550 325 587 361 in
621 325 772 362 deserto
944 327 1008 365 10.
1055 326 1332 373 Armipotentis
1364 326 1551 364 Franciae

238 377 394 416 Servum
428 380 512 430 Dei,
545 391 654 428 quem
686 386 819 428 aperto
1055 382 1194 429 Regem
1226 382 1369 419 orando
1399 383 1542 429 gloriae

294 436 436 474 Currus
467 437 555 474 tulit
585 447 692 487 aere3
1110 439 1204 486 Regi
1235 439 1468 487 reconciliat,

235 492 327 538 Mel,
360 493 505 530 locusta
537 494 791 543 praecursori,
1057 495 1171 532 Suum
1203 495 1236 532 ei
1269 496 1356 533 dum
1390 502 1546 546 reatum,

238 548 360 587 Cerva
389 550 510 597 patris
541 550 650 587 huius
682 551 738 588 ori
1055 554 1088 588 A
1121 563 1193 598 quo
1225 551 1297 588 sibi
1329 553 1548 600 revelatum,

293 606 371 643 Lae
401 607 580 654 propinat
611 607 740 647 ubere.
1113 608 1163 645 Et
1196 609 1390 646 dimissum
1422 610 1580 648 nuntiat.

495 699 557 736 11.
606 698 726 736 Nobis
759 709 848 746 ergo
878 698 1066 746 propitius

606 755 766 793 Sanctus
798 759 909 802 pater
938 755 1123 802 Aegidius

663 812 821 849 Precum
853 823 1006 849 suarum
1036 812 1170 860 aegide

606 868 769 916 Gregem
802 879 842 906 se
873 869 1147 913 venerantium,

603 924 769 963 Nostrae
801 925 935 962 salutis
966 925 1115 973 ostium,

661 981 858 1019 Defendat
888 993 910 1019 a
941 983 1158 1029 tyrannide.

211 1068 276 1110 Ep.
311 1071 405 1102 XIV.
437 1088 480 1093 -—
512 1072 616 1114 Folgt
648 1071 876 1103 unmittelbar
908 1071 971 1103 auf
999 1071 1144 1113 Suseipe
1178 1075 1296 1104 sancte
1330 1076 1427 1114 pater
1465 1072 1538 1111 (Nr.
1571 1070 1613 1107 8³.
1647 1090 1691 1094 —

118 1113 223 1190 Mttme
249 1115 312 1154 111,
340 1114 414 1148 165.
440 1132 483 1138 —
508 1114 539 1155 8,
565 1114 586 1149 3
602 1116 798 1149 Tehocrite.
825 1134 870 1138 --
894 1113 926 1155 9,
951 1114 973 1149 3
1000 1117 1054 1149 bis
1083 1115 1134 1155 ll,
1159 1115 1180 1149 ὃ
1205 1128 1274 1149 von
1300 1117 1445 1150 anderer
1463 1117 1569 1149 Hand
1585 1118 1690 1150 nach-

118 1169 160 1200 ge
180 1169 295 1202 rag-en.

509 1295 591 1332 353.
628 1295 709 1337 (10.)
746 1296 804 1331 De
831 1306 864 1332 s.
893 1296 1071 1332 Iohanne
1096 1296 1303 1340 Baptista.

149 1389 220 1427 la.
263 1389 293 1427 Ο
325 1399 564 1436 praecursor,
596 1396 682 1427 ortu
713 1390 818 1427 cuius
973 1391 992 1429 1
1013 1390 1050 1428 b.
1082 1391 1191 1428 Dona
1221 1390 1342 1437 nobis,
1375 1395 1412 1428 te
1443 1401 1630 1438 rogamus,

261 1444 440 1483 Gloriosa
470 1444 590 1493 fulget
620 1446 730 1483 huius
1086 1448 1138 1486 Ut
1170 1447 1305 1484 devote
1337 1448 1598 1495 persolvamus

319 1502 405 1539 Diei
437 1503 686 1549 sollemnitas,
1142 1504 1294 1541 Laudes
1325 1504 1396 1541 tibi
1429 1504 1589 1544 debitas.

147 1594 219 1632 2³.
259 1591 351 1630 Dies
383 1593 481 1630 enim
513 1593 607 1631 haec
637 1593 810 1642 insignis,
969 1597 992 1633 2
1012 1594 1048 1633 b.
1080 1596 1160 1642 Qua
1191 1595 1255 1631 lux
1288 1595 1405 1632 solem
1427 1596 1685 1642 praecessisti,

261 1649 354 1687 Dies
386 1654 443 1686 est
473 1650 568 1687 haec
600 1650 713 1698 digna
742 1650 867 1698 dignis
1082 1651 1188 1689 Odor
1217 1650 1349 1689 florem
1381 1652 1628 1698 praevenisti,

314 1706 511 1744 Laudibus
543 1707 738 1751 ecclesiae,
1138 1708 1252 1745 Miles
1281 1718 1407 1755 regem
1439 1708 1595 1756 gloriae.

155 1798 226 1837 3a.
270 1797 349 1834 Vox
382 1797 582 1834 clamantis
613 1798 652 1834 in
684 1797 848 1845 deserto,
971 1800 993 1837 3
1013 1798 1049 1836 b.
1082 1798 1288 1836 Reserasti·
1310 1810 1397 1836 mox
1429 1799 1577 1845 genitus

267 1853 458 1891 Gabrielis
490 1865 563 1891 non
595 1853 740 1891 incerto
1084 1855 1222 1892 Vocem
1254 1855 1357 1902 patri
1390 1855 1571 1893 divinitus

320 1911 535 1958 Conceptus
568 1911 721 1948 oraculo
1141 1911 1327 1959 Negatam
1360 1912 1569 1949 incredulo.

148 2003 220 2039 4a.
265 2000 419 2039 Ventris
451 2001 576 2038 adhuc
605 2001 644 2038 in
675 2001 807 2039 abdito
974 2005 997 2040 4
1018 2001 1054 2040 b.
1083 2002 1187 2039 Tuae
1219 2002 1298 2049 regi
1328 2002 1496 2039 iustitiae

263 2057 433 2094 Materni
465 2058 615 2095 clausus
646 2059 772 2105 posito
1086 2059 1285 2096 Dedicasti
1317 2059 1486 2096 laetitiae

319 2115 488 2161 Virginis
518 2115 557 2151 in
590 2116 705 2162 regia,
1143 2116 1262 2152 Beata
1293 2116 1515 2164 primordia.

155 2208 225 2244 53.
268 2205 375 2243 Citra
407 2206 544 2250 virum,
577 2217 693 2253 supra
724 2205 824 2243 vires
975 2209 996 2245 5
1017 2206 1054 2245 b.
1086 2206 1203 2253 Fugis
1235 2205 1380 2250 turbas,
1414 2204 1512 2253 fugis
1545 2205 1671 2251 urbes,

268 2261 348 2300 Soli
379 2261 483 2299 subis
513 2266 555 2299 ut
586 2263 750 2300 servires
1087 2262 1145 2300 Ne
1177 2274 1250 2310 qua
1280 2263 1437 2301 levitate
1467 2262 1597 2300 turbes

322 2318 405 2356 Deo
435 2319 692 2368 solitudinem,
1145 2319 1366 2357 Sanctitatis
1397 2319 1581 2358 ordinem.

150 2411 224 2450 6a.
267 2410 400 2447 Victus
431 2409 484 2447 ibi
516 2409 586 2446 tibi
617 2410 715 2458 vilis,
975 2413 997 2449 (5
1016 2409 1052 2448 b.
1084 2410 1229 2447 Tantae
1261 2415 1387 2447 tamen
1420 2410 1629 2459 dignitatis,

267 2465 356 2503 Tibi
387 2467 503 2503 vestis
534 2466 635 2503 hirta
667 2467 757 2513 pilis
1088 2464 1199 2514 Quod
1233 2471 1270 2503 et
1301 2466 1417 2503 verbo
1449 2467 1622 2503 veritatis

323 2523 460 2560 Sacros
491 2527 597 2561 artus
628 2523 769 2569 induit,
1141 2523 1362 2570 Approbari
1394 2524 1543 2562 meruit.

155 2616 224 2653 Ta.
268 2616 367 2652 Vere
398 2615 517 2652 maior
549 2615 747 2652 mulierum
973 2616 993 2653 7
1013 2615 1050 2654 b.
1083 2615 1234 2652 Lavans
1266 2625 1362 2664 eum,
1406 2615 1470 2661 qui
1500 2625 1568 2652 nos
1600 2615 1691 2652 lavit

266 2673 372 2709 Inter
401 2676 509 2709 natos
541 2671 663 2709 Deum
695 2683 824 2709 verum
1087 2673 1120 2709 A
1153 2672 1320 2718 peccatis
1351 2676 1388 2708 et
1419 2671 1617 2709 mundavit

324 2728 530 2775 Baptizans
562 2729 600 2766 in
632 2729 794 2775 homine,
1142 2728 1329 2765 Mundum
1361 2739 1428 2765 suo
1460 2728 1654 2775 sanguine.

153 2819 224 2858 Sa.
268 2818 408 2857 Divina
438 2829 530 2856 voce
559 2819 695 2856 merito
976 2819 998 2856 8
1018 2818 1054 2857 b.
1088 2818 1207 2855 Deum
1242 2818 1477 2855 demonstras
1508 2818 1640 2866 digito,

323 2875 412 2912 Plus
427 2886 537 2922 quam
553 2875 740 2923 propheta
756 2875 907 2921 diceris,
1147 2875 1273 2921 Longe
1305 2876 1422 2912 visum
1456 2886 1476 2911 a
1508 2876 1644 2912 ceteris

380 2932 451 2977 Qui
479 2932 705 2970 salvatorem
730 2932 870 2979 populo
1198 2932 1247 2968 Et
1279 2932 1392 2968 veluti
1425 2932 1494 2968 sub
1517 2932 1685 2979 speculo.
