2031 3289
248 283 286 321 5.
333 281 503 319 Primum
532 281 633 318 lucet
664 281 836 330 vitreum,

387 337 424 375 in
457 348 529 384 quo
558 341 831 384 perscrutatur,

331 394 376 432 In
407 393 576 431 subiecto
605 394 769 440 qualiter

389 447 509 487 forma
539 450 754 498 maritatur,

328 506 426 554 Quid
457 506 590 543 miscet
621 506 810 543 concretio

386 567 421 598 et
453 562 544 609 quid
575 562 808 610 immutatur,

327 618 425 665 Quid
454 619 596 665 perdit,
628 619 720 666 quid
749 624 905 666 generat

383 678 420 711 et
451 674 542 722 quid
572 679 789 725 generatur.

245 835 283 872 6.
329 833 390 871 Ex
420 837 577 880 argento
607 833 803 879 speculum

384 889 490 926 aliud
521 890 726 936 candescit,

329 945 404 985 Hic
435 945 647 984 subiectum
678 946 875 992 prospicit.

386 1003 574 1049 quomodo
605 1003 777 1049 quiescit,

328 1058 380 1097 Ut
412 1069 472 1095 res
503 1057 625 1096 forma
653 1059 778 1097 indita

383 1113 567 1152 fluctuare
597 1116 731 1162 nescit,

324 1171 466 1210 Forma
497 1182 580 1208 cum
611 1172 860 1219 abstrahitur,

382 1239 478 1275 pura
507 1228 728 1267 iuvenescit.

242 1386 277 1424 7.
323 1385 493 1423 Tertium
522 1385 611 1422 hinc
641 1386 834 1433 speculum

380 1453 472 1479 auro
503 1443 722 1492 deputatur,

324 1498 477 1536 Meliori
509 1500 635 1545 specie

380 1565 441 1592 res
471 1555 533 1592 hic
562 1554 759 1602 figuratur,

326 1610 401 1647 Hic
430 1612 517 1649 idea
547 1611 685 1649 nobilis

382 1668 482 1705 Deos
528 1669 742 1717 decoratur,

330 1723 468 1761 Mundi
497 1723 592 1761 flens
624 1725 756 1762 exsilio

385 1781 495 1828 longe
527 1781 712 1819 dexiatur.

242 1939 279 1977 8.
325 1937 460 1976 Fontis
490 1939 548 1976 sui
579 1939 705 1985 specie

380 1999 484 2032 caret
512 1994 721 2033 obfuscata.

325 2051 467 2089 Orbata
498 2052 700 2101 principio,

383 2115 493 2156 patre
523 2108 692 2155 viduata,

327 2164 403 2201 Res
435 2165 628 2202 terrestris
660 2165 827 2202 subiacet

381 2231 496 2258 caeno
531 2221 746 2268 deturpata,

322 2276 407 2314 Huc
438 2277 529 2314 illuc
559 2278 597 2314 in
633 2276 808 2315 fluctibus

379 2333 481 2371 orbis
513 2335 672 2382 agitata.

240 2481 277 2517 9.
325 2479 387 2518 Sic
418 2478 472 2526 fit,
505 2484 545 2516 ut
576 2480 613 2516 in
646 2485 816 2526 tempore

381 2536 480 2572 veris
510 2536 690 2582 palliatur

325 2592 454 2629 Tellus
486 2593 589 2639 palla
620 2592 747 2638 viridi,

381 2654 458 2686 tota
490 2649 713 2698 pictur-atur.

325 2706 366 2742 In
398 2706 568 2753 parentis
599 2705 740 2752 gremio

382 2762 468 2798 dum
501 2760 569 2798 flos
601 2761 797 2799 educatur.

329 2818 444 2863 Carpi
477 2818 641 2855 nondum
675 2819 815 2855 rustica

383 2885 494 2911 manu
525 2875 765 2912 lamentatur.

986 168 1070 209 552
1127 191 1184 196 —

1066 283 1131 320 10.
1176 281 1276 319 Dum
1305 281 1454 320 rixatur
1483 283 1609 330 aquilo

1233 343 1405 385 ternpore
1434 338 1599 377 brumali

1176 394 1228 432 Et
1257 405 1373 442 aquas
1402 394 1615 434 incarcerat
1661 431 1666 435 .

1234 451 1399 488 claustro
1429 452 1595 499 glaciali,

1178 507 1259 545 Iam
1289 507 1488 554 exspirant
1516 509 1598 546 lilia

1229 562 1321 600 flatu
1351 563 1509 610 boreali,

1173 619 1274 657 Rosa
1305 620 1452 666 pallens
1483 621 1645 658 moritur

1230 675 1373 723 frigore
1402 677 1522 716 letali.

1065 834 1130 871 11.
1177 833 1254 870 Ver
1281 839 1475 871 aeternum
1505 834 1677 881 possidet

1236 900 1349 927 causa
1379 890 1585 937 primitiva,

1178 947 1222 984 In
1253 947 1324 984 hoc
1353 947 1474 984 sancti
1505 948 1660 994 speculo

1233 1008 1367 1040 cuncta
1398 1003 1529 1041 vident
1560 1004 1658 1048 viva,

1176 1060 1281 1106 Quae
1310 1059 1482 1096 subiecta
1512 1061 1676 1107 tempori

1232 1120 1379 1154 mutant
1412 1115 1612 1166 defectiva,

1175 1171 1248 1209 Per
1277 1177 1475 1219 peccatum
1506 1173 1653 1220 stygiae

1231 1229 1364 1266 mortis
1394 1229 1599 1267 incursis-a.

1059 1387 1124 1425 12.
1169 1387 1244 1423 Hic
1273 1397 1355 1424 esse
1386 1387 1667 1434 phantasticum

1225 1448 1394 1481 nostrum
1425 1444 1687 1493 lamentamur,

1170 1500 1257 1538 Illic
1286 1500 1368 1537 Deo
1393 1500 1546 1547 similes,

1229 1556 1292 1593 hic
1323 1557 1591 1603 adnihilamur,

1178 1613 1264 1651 Illic
1295 1623 1376 1650 esse
1407 1614 1531 1650 verius

1233 1670 1344 1716 longe
1375 1670 1687 1719 contemplamur,

1178 1726 1254 1763 Sed
1283 1726 1345 1763 hic
1376 1737 1458 1763 esse
1488 1727 1697 1774 perdimus,

1238 1783 1350 1829 culpa
1383 1781 1651 1823 deformamm·.

1064 1942 1127 1979 13.
1174 1941 1277 1987 Ergo
1309 1940 1341 1976 si
1372 1951 1439 1977 nos
1470 1941 1639 1978 volumus

1231 1997 1313 2034 Deo
1345 1995 1557 2035 reformari.

1175 2053 1337 2090 Exsules
1369 2053 1571 2090 virtutibus

1234 2110 1341 2146 decet
1373 2111 1561 2151 renovari,

1177 2166 1299 2212 Culpa
1330 2166 1555 2212 sapientiam

1233 2223 1339 2260 dedit
1369 2223 1549 2269 ignorari,

1177 2279 1326 2316 Virtute
1357 2279 1516 2317 seientia

1233 2335 1327 2382 petit
1360 2336 1582 2375 restaurari.

1062 2484 1124 2519 14.
1173 2481 1290 2518 Prout
1324 2487 1379 2519 est
1410 2482 1581 2531 scientia,

1230 2538 1377 2575 demum
1410 2539 1529 2576 virtus
1560 2539 1643 2582 erit,

1170 2594 1230 2632 Ex
1261 2595 1401 2631 virtute
1433 2593 1563 2632 defluit

1228 2651 1437 2698 vitiumque
1468 2652 1568 2701 terit,

1170 2708 1313 2745 Habitu
1346 2708 1529 2756 disposita

1230 2769 1338 2801 extra
1369 2765 1401 2801 si
1432 2775 1472 2801 se
1503 2765 1614 2812 gerit,

1174 2821 1336 2858 Virtutis
1367 2821 1550 2870 originem

1232 2877 1374 2914 nullam
1406 2876 1478 2914 sibi
1509 2877 1669 2924 quaerit.

1993 2245 1996 2359 -..-
1991 1962 1996 2233 ἑ*.-.,--.-
1989 1681 1995 1946 ..‚-.-.„-—-—-.-
1990 1635 1994 1665 ,-
1990 1569 1994 1623 -Ἁ
1987 1282 1993 1552 ——Qu-
1987 1237 1993 1270 ..-
1984 1075 1992 1215 *4‘—„-
