1914 3223
395 218 432 255 3.

393 489 430 526 4.

396 762 409 778 Γ

393 775 430 798 0.

391 1034 428 1072 6.

356 2123 422 2162 10.

350 2388 414 2426 11.

356 2655 420 2694 12.

773 107 1055 145 —til—

466 216 561 254 Nam
593 217 728 264 quibus
760 230 833 255 non
864 220 931 256 sini
966 222 1066 258 vitiis
1097 221 1294 267 obnoxius,

464 273 533 319 Qui
564 275 692 320 pravis
724 285 874 321 semper
906 277 1095 315 deservivi
1128 278 1323 315 moribus?

463 329 544 366 Deo
576 331 721 367 solutus
754 332 878 368 carnis
911 334 986 371 vixi
1020 335 1177 381 legibus,
1234 372 1237 375 ,
1283 343 1286 345 ’

568 387 713 424 Fluxus
745 387 782 424 in
814 388 900 427 ima.

462 487 599 538 Sprovi
632 494 849 537 praecepta,
881 502 991 527 ausus
1024 503 1104 528 sum
1138 492 1348 539 prohibita,

458 545 590 582 Plures
623 546 741 582 exerti
774 557 892 592 prava
924 558 992 593 per
1022 548 1176 592 iudicia,

458 600 603 638 Noxius
635 602 738 649 mihi,
771 603 856 639 aliis
890 603 1047 650 inutilis,

566 659 684 695 Artor
713 658 913 705 utrimque.

464 759 548 796 Non
582 761 725 797 caelum
757 760 892 808 dignus
923 762 1041 798 oculis
1073 763 1256 808 aspicere,

457 816 541 853 Nori
573 816 645 854 Dei
677 828 810 854 nomen
843 818 953 854 labiis
985 819 1212 866 exprimere,

457 872 639 910 Prohibet
670 874 776 910 aedis
806 885 936 911 sacrae
967 874 1079 912 limen
1113 879 1237 912 terere

565 930 686 977 Culpa
717 930 951 969 remordens

461 1032 570 1069 Nunc
598 1044 756 1081 quoque,
789 1034 906 1070 sacris
940 1034 1090 1071 deditus
1122 1034 1324 1085 obsequiis,

454 1089 605 1126 Veteris
638 1090 737 1127 vitae
770 1090 944 1127 stimulor
974 1090 1179 1139 illecebris,

455 1145 506 1183 Ut
539 1145 738 1193 fugitivum
770 1150 947 1193 repetunt
976 1147 1015 1184 in
1046 1146 1229 1185 famulum

561 1203 648 1240 Iura
679 1205 842 1250 tyranni.

419 1334 425 1340 .
459 1304 584 1343 Conor
614 1305 651 1341 in
682 1303 785 1351 fletu,
818 1305 914 1352 riget
946 1316 1010 1342 cor
1040 1306 1246 1355 lapideum,

419 1361 423 1366 '
453 1360 637 1399 Precibus
668 1361 779 1408 insto,
812 1372 928 1408 vagus
961 1361 1041 1399 abit
1071 1363 1242 1409 spiritus,

452 1417 597 1455 Lumen
628 1417 788 1464 inquiro,
821 1418 1001 1456 tenebrae
1031 1419 1337 1466 phantasmatum

558 1474 737 1511 Protinus
767 1479 912 1514 assunt.

410 1606 418 1614 .
451 1575 617 1614 Efferum
648 1577 718 1625 ira,
750 1577 934 1614 tumidum
965 1578 1155 1628 superbia,

448 1633 616 1671 Edacem
648 1634 747 1681 gula,
782 1645 919 1671 vanum
951 1635 1174 1682 cenodoxia,

447 1690 621 1729 Omnium
654 1689 834 1728 frendens
867 1691 1064 1728 criminum
1097 1692 1294 1729 barbaries

558 1746 730 1785 Subdere
761 1752 896 1786 tentat.

411 1878 420 1887 .
453 1848 574 1897 Saepe
605 1850 740 1887 resisto
771 1861 949 1897 armaque
980 1850 1160 1897 corripio,

447 1905 547 1943 Mihi
578 1917 799 1953 congressus
830 1917 973 1944 mecum
1005 1907 1086 1954 ipse
1120 1908 1270 1955 dimico,

447 1962 523 2000 Sed
555 1963 628 2010 legi
661 1964 785 2000 carnis
815 1964 878 2000 lex
910 1964 998 2001 dum
1030 1964 1131 2001 cedit
1162 1964 1331 2013 spiritus,

554 2020 704 2057 Praeda
733 2019 777 2057 fit
807 2020 917 2058 hosti.

455 2122 576 2169 Saepe
608 2122 736 2160 (livino
765 2123 852 2170 igne
884 2133 948 2160 cor
978 2123 1201 2160 accenditur

448 2179 571 2225 Seque
601 2180 894 2217 transscendens
927 2190 991 2216 cor
1020 2180 1058 2216 in
1091 2180 1169 2217 alta
1200 2180 1360 2226 rapitur,

454 2236 529 2274 Sed
561 2236 745 2282 genuinae
780 2236 1017 2283 corruptelae
1049 2236 1203 2278 labitur,

552 2293 728 2329 Pondere
760 2304 902 2340 pressa.

447 2388 530 2425 Lux
561 2388 755 2426 inaccessa
785 2389 897 2426 micat
929 2394 971 2426 ut
1001 2400 1070 2436 per
1100 2389 1267 2435 rimulas,

420 2445 514 2483 ·Cui
545 2456 649 2483 mens
680 2446 827 2483 intenta
857 2446 1031 2484 sitienter
1060 2446 1224 2486 inhians,

447 2501 559 2540 Cuius
591 2502 756 2550 obtutus,
789 2513 888 2546 ecce,
922 2503 1043 2540 carnis
1076 2503 1234 2540 obvians

553 2558 698 2597 Umbra
728 2560 907 2597 retundit.

452 2654 583 2692 Hostis
615 2655 759 2702 antiqui
789 2656 876 2693 telis
907 2656 1011 2693 mille
1042 2656 1208 2693 sauciam

444 2711 557 2749 Ploro
588 2715 822 2759 peremptam
850 2713 889 2750 in
919 2713 1085 2759 peccatis
1116 2713 1300 2760 animam;

446 2767 518 2814 Qui
550 2769 719 2805 vacuasti
749 2770 881 2806 mortis
911 2769 995 2807 iura
1026 2774 1209 2815 mortuus,

556 2825 628 2862 Per
658 2829 695 2861 te
726 2830 910 2873 resurgat.
