1914 3223
776 152 823 156 —
889 130 970 169 21:73
1029 153 1083 157 —

406 318 485 354 161.
524 318 582 360 (3.)
618 317 871 362 Epigramma
898 319 1047 354 Psalmi
1074 300 1251 355 vicesimi
1278 319 1456 355 secundi.

370 423 434 460 Me
465 428 575 470 pater
605 424 845 470 omnipotens
878 424 1053 461 clementi
1083 425 1164 462 iure
1196 425 1394 471 gubernat,

371 480 456 516 Non
486 480 578 516 mihi
611 480 695 516 dira
728 478 858 523 fames,
891 492 965 518 non
996 482 1075 518 ulla
1106 482 1257 518 nocebit
1288 486 1447 529 egestas.

372 537 516 573 Assunt
548 536 731 583 graminei
764 537 879 573 colles
911 542 947 573 et
982 548 1122 584 pascua
1153 539 1264 577 laeta,

370 594 514 630 Assunt
545 596 582 628 et
613 593 746 639 liquidi
778 592 902 630 fontes
935 598 972 630 et
1002 592 1156 631 flumina
1185 596 1303 641 larga.

315 653 337 688 5
371 650 441 687 His
473 659 540 696 ego
571 649 747 695 nutritus,
782 650 839 686 his
873 660 1025 697 semper
1055 651 1205 688 abunde
1237 650 1413 700 refectus,

373 706 545 742 Iustitiae
576 712 699 743 rectos
731 707 957 744 contendam
991 718 1148 754 carpere
1180 709 1308 751 calles,

371 763 472 808 Quos
504 762 594 798 mihi
628 762 703 799 dux
733 763 869 799 mentis
901 768 1048 800 secreto
1082 765 1222 801 lumine
1253 765 1401 810 pandit,

370 818 495 866 Ipsius
525 824 566 856 ut
591 829 725 856 nomen
759 820 972 857 celebretur
1004 821 1116 857 laude
1149 823 1318 867 perenni.

370 876 482 913 Illum
516 886 583 922 ego
615 876 730 912 corde
761 887 921 923 sequens
950 877 1017 914 leti
1049 878 1255 924 mortisque
1286 878 1465 916 tenebras

286 933 335 971 10
369 932 569 980 Intrepido
602 933 758 969 calcabo
787 934 895 982 pede,
929 935 1028 971 mala
1059 935 1163 972 nulla
1194 934 1346 974 timebo,

369 988 495 1026 Meme
526 989 667 1038 quippe
698 994 796 1035 tuae,
827 991 889 1037 pie
921 1001 999 1040 rex,
1034 991 1224 1038 correptio
1255 993 1384 1038 virgae

371 1045 435 1082 Me
466 1045 636 1091 baculus,
670 1051 780 1093 pater
811 1047 920 1092 alme,
952 1053 1037 1084 tuus
1068 1047 1268 1094 firmatque
1294 1049 1477 1095 regitque,

370 1102 428 1138 Tu
458 1103 551 1139 mihi
585 1103 755 1150 delicias,
787 1108 829 1140 tu
861 1115 1026 1141 mensam
1058 1105 1264 1151 epulasque
1295 1105 1451 1151 parasti,

370 1159 460 1205 Quis
491 1163 598 1196 satur
627 1160 789 1197 invictas
820 1161 1014 1207 adipiscar
1044 1165 1198 1208 pectore
1229 1162 1328 1199 vires

287 1216 337 1253 15
369 1215 639 1263 Adversasque
669 1219 769 1254 acies
801 1218 961 1264 pulchro
994 1218 1198 1254 certamine
1230 1219 1390 1265 vincam,

370 1273 421 1311 Ut
453 1273 546 1309 mihi
577 1277 665 1319 post
694 1274 843 1311 validos
874 1285 1023 1322 pugnae
1053 1275 1222 1311 victricis
1249 1286 1387 1322 agones

370 1326 559 1366 Laetitiae
590 1330 696 1377 largo
728 1336 841 1377 caput
871 1336 1097 1379 aspergatur
1127 1331 1227 1368 olivo

371 1384 639 1433 Lucifluusque
669 1387 767 1424 calix
801 1388 914 1434 pleno
944 1398 1003 1424 me
1033 1388 1186 1434 proluat
1218 1388 1354 1425 liaustu

372 1441 627 1490 Servatusque
658 1448 723 1480 tua
756 1444 901 1481 cunctis
933 1445 1076 1491 pietate
1109 1445 1242 1482 diebus

285 1498 338 1535 20
371 1497 568 1537 Sidereum
602 1500 742 1538 Christi
775 1512 924 1538 merear
953 1502 1209 1539 conscendere
1240 1503 1436 1549 templum,

370 1554 446 1592 Sub
475 1568 548 1603 quo
579 1557 775 1604 perpetuis
806 1559 930 1595 vivam
962 1556 1128 1594 feliciter
1156 1558 1279 1597 annis.

238 1666 321 1698 Cod.
348 1667 497 1700 Parisin.
525 1667 623 1701 7558.
649 1679 738 1701 saeC.
765 1668 795 1701 9.
825 1688 863 1691 —
891 1668 912 1701 2
937 1671 1016 1702 Non
1042 1681 1105 1701 me.
1125 1687 1168 1691 —-
1193 1668 1213 1701 6
1238 1672 1356 1703 colles.
1376 1689 1418 1693 —
1446 1668 1466 1702 9
1492 1670 1588 1702 laeti.
1606 1688 1649 1692 —
1678 1668 1717 1702 17

145 1711 269 1754 capud.
295 1730 340 1733 —
366 1711 406 1744 19
432 1715 567 1745 cinctis.
594 1732 636 1736 —
662 1715 845 1747 Diimmler
870 1716 914 1755 ΙΙ,
941 1714 1018 1747 535.

431 1892 512 1928 162.
549 1893 607 1935 (4.)
643 1894 897 1938 Epigramma
922 1894 1073 1930 Psalmi
1100 1894 1280 1929 vicesimi
1307 1894 1429 1930 sexti.

352 1998 436 2034 Lux
468 1997 560 2035 mihi
587 2009 684 2045 pura
714 1999 829 2048 Deus,
864 2000 966 2036 Deus
999 2004 1055 2036 est
1086 2000 1178 2036 mihi
1204 2000 1333 2037 vivida
1364 2000 1496 2042 virtus,

352 2055 434 2092 Nec
464 2054 641 2093 tenebras
672 2056 788 2103 igitur
819 2067 888 2092 nec
920 2057 1050 2094 mortis
1082 2057 1166 2093 iura
1198 2056 1370 2095 verebor.

354 2112 438 2149 Hoc
467 2116 593 2148 tutore
624 2123 707 2149 mea
738 2117 775 2149 et
805 2114 973 2150 munitur
1004 2113 1165 2159 denique
1197 2113 1286 2160 vita,

356 2168 414 2204 Ne
444 2179 504 2205 me
537 2168 620 2206 dira
651 2169 734 2206 loco
766 2170 886 2216 possit
920 2169 1083 2207 formido
1115 2181 1278 2211 movere,

298 2226 320 2262 5
354 2225 428 2263 Sed
460 2235 636 2272 spernam
669 2231 823 2263 cunctos
855 2227 1021 2263 robustis
1053 2227 1198 2263 viribus
1230 2227 1368 2266 hostes.

353 2281 424 2328 Qui
454 2287 663 2328 properant
694 2287 843 2320 nostras
875 2284 984 2320 malis
1016 2283 1214 2320 absumere
1247 2294 1391 2321 earnes.

354 2339 466 2385 Ecce,
500 2349 622 2375 meum
654 2343 760 2376 tanto
792 2340 946 2386 pulsant
977 2341 1041 2386 qui
1073 2340 1222 2377 turbine
1254 2346 1398 2386 pectus.

356 2392 507 2432 Robore
539 2396 701 2433 contrito
732 2397 834 2433 tristi
866 2397 1016 2443 periere
1047 2397 1168 2435 ruina.

355 2452 443 2488 Sive
474 2462 562 2499 ergo
594 2453 728 2489 eastris
761 2453 921 2490 sedeant
951 2464 1016 2490 seu
1047 2453 1193 2500 proelia
1223 2458 1420 2501 temptent,

271 2507 322 2545 10
358 2509 496 2545 Ponam
530 2509 646 2546 corde
676 2515 828 2555 metum,
861 2520 966 2557 spem
999 2514 1077 2547 tota
1108 2514 1233 2546 mente
1264 2521 1462 2546 resumam.

356 2566 481 2603 Unum
513 2570 581 2609 est,
615 2566 714 2612 quod
746 2566 839 2604 caeli
873 2567 1063 2603 dominum
1096 2571 1294 2613 terraeque
1326 2567 1481 2615 poposci

353 2621 535 2668 Quodque
565 2623 704 2658 ardens
736 2623 851 2658 nimio
884 2624 960 2659 voti
993 2622 1143 2660 fervore
1176 2623 1375 2669 requiram,

358 2677 409 2715 Ut
440 2689 611 2715 maneam
643 2680 788 2715 cunctis
820 2679 962 2715 Christi
995 2679 1063 2716 sub
1096 2679 1291 2716 moenibus
1320 2680 1440 2723 annis,

357 2734 481 2780 Ipsius
512 2745 557 2771 ex
585 2739 716 2771 sancto
746 2745 948 2772 succensus
980 2746 1130 2782 semper
1160 2747 1287 2773 amore

273 2790 322 2828 15
358 2790 516 2837 Saepius
544 2791 688 2828 aeterni
722 2792 838 2828 visam
872 2803 981 2829 sacra
1012 2793 1143 2830 limina
1173 2794 1319 2839 templi,

357 2847 431 2884 Hic
461 2858 520 2884 me
551 2858 723 2894 namque,
758 2846 848 2885 feris
882 2859 963 2885 cum
996 2849 1168 2896 cingerer
1197 2850 1363 2896 undique
1396 2850 1516 2893 bellis,
