2031 3289
433 824 452 860 κ]

405 1604 471 1641 10.

403 1864 467 1902 11.

402 2125 466 2162 12.

407 2384 470 2422 13.

1011 179 1320 221 —490—

457 324 465 332 .
498 295 638 331 Latens
665 293 799 331 mundi
828 293 1080 340 prudentibus

497 350 550 387 Et
579 361 678 387 noxa
708 349 981 387 dormientibus

500 406 731 453 Propalatur
760 406 1009 453 simplicibus,

499 462 615 510 Gregi
644 461 942 510 invigilantibuS.

463 594 472 602 .
504 563 709 609 Quodlibet
739 563 872 600 borum
902 563 1066 600 maximo

500 619 698 657 Refertum
730 624 787 656 est
817 619 1012 667 mysterio,

504 676 647 714 Christi
677 675 831 723 quaevis
861 680 902 712 ut
932 676 1031 713 actio

503 732 645 771 Nostra
675 732 793 769 scitur
823 732 1036 770 instructio,

462 855 466 859 .
501 822 643 868 Quidni
673 822 825 869 sapiant
855 822 991 869 omnia,

502 879 586 916 Sint
617 889 763 925 quoque
794 878 1040 924 exemplaria,

501 935 605 981 Quae
636 935 756 982 patris
787 935 975 981 sapientia

504 991 634 1029 Gessit
663 994 794 1028 nostra
825 991 1048 1029 substantia.

462 1112 470 1120 .
503 1081 589 1119 Non
620 1081 740 1118 solum
772 1091 838 1118 nos
869 1081 1057 1117 redimere

501 1138 630 1184 Venit,
663 1137 730 1174 sed
763 1142 801 1174 et
830 1137 1031 1183 instruere,

504 1194 558 1233 Ut
588 1194 668 1231 vita
696 1193 808 1230 simul
839 1197 877 1230 et
908 1199 1028 1230 morte

500 1251 627 1289 Possit
657 1249 766 1287 nobis
797 1249 994 1297 proficere.

463 1373 468 1377 .
503 1342 626 1379 Natus
657 1340 772 1378 edicti
802 1344 973 1387 tempore

502 1398 618 1436 Curat
648 1397 912 1435 oboedientiae

500 1455 690 1492 Virtutem
722 1458 849 1491 notam
881 1452 1008 1491 facere

501 1511 655 1557 Nosque
685 1510 734 1548 ad
765 1511 862 1548 hanc
892 1511 1108 1548 incendere.

506 1601 584 1639 Sub
615 1601 688 1638 hac
715 1601 799 1650 ipse
830 1601 1053 1650 concipitur,

500 1658 695 1705 Nascitur,
728 1657 834 1706 vivit,
866 1658 1027 1694 moritur

500 1716 658 1761 Hacque
689 1718 870 1751 venturus
903 1713 1071 1751 creditur

500 1773 635 1821 Iudex,
667 1775 709 1808 ut
739 1772 822 1817 ipse
852 1769 1031 1817 loquitur.

501 1862 599 1908 Quid
631 1862 701 1899 hac
732 1861 872 1899 virtute
903 1860 1040 1906 carius,

500 1919 688 1965 Divinius,
719 1917 988 1965 praestantius,

500 1976 618 2021 Quam
658 1979 734 2012 tam
775 1974 866 2020 vigil
894 1974 933 2010 in
963 1973 1136 2010 omnibus

500 2032 687 2070 Observat
717 2031 790 2068 Dei
820 2028 950 2067 filius?

501 2123 575 2169 En,
609 2121 670 2159 die
701 2121 791 2158 solis
824 2130 986 2168 congrue

501 2178 683 2216 Nascitur
713 2178 768 2214 sol
798 2177 978 2224 iustitiae,

502 2237 578 2274 Per
608 2245 717 2282 quem
748 2245 823 2271 nox
853 2233 1088 2281 ignorantiae

503 2292 596 2329 Dies
626 2290 692 2328 fiet
722 2290 916 2330 scientiae.

503 2383 604 2420 Dum
634 2380 800 2418 medium
831 2380 1023 2417 silentium

501 2439 672 2486 Linguae
702 2441 875 2474 tenerent
906 2437 1069 2474 omnium

502 2496 692 2533 Iustorum
726 2493 1049 2541 prophetantium,

502 2552 634 2590 Oritur
664 2551 789 2587 lumen
821 2549 1000 2597 gentium.

1214 294 1281 332 14.

1223 563 1288 602 15.

1223 823 1288 861 16.

1224 1083 1288 1120 17.

1222 1341 1288 1379 18.

1224 1602 1289 1640 19.

1224 1862 1288 1899 20.

1221 2121 1287 2159 21.

1222 2382 1287 2419 22.

1312 293 1492 330 Nascitur
1523 298 1560 330 et
1589 293 1628 331 111
1659 293 1826 330 tenebris

1314 349 1472 387 Creator
1501 350 1622 386 omnis
1650 350 1815 396 luminis,

1314 406 1367 444 Ut
1399 406 1536 443 doxam
1565 406 1690 444 laudis
1721 404 1869 453 fragilis

1313 462 1478 508 Spernat
1506 462 1629 509 homo,
1661 472 1729 499 rex
1759 462 1913 502 nobilis.

1320 563 1474 601 Homini
1503 564 1595 611 quid
1626 574 1709 600 cum
1737 564 1860 609 gloria

1320 621 1428 657 Vana
1457 630 1502 657 ac
1533 620 1764 667 deceptoria,

1319 676 1392 722 Qui
1420 676 1560 713 munda
1590 677 1820 714 conscientia

1321 733 1423 769 Vera
1452 732 1622 770 abundat
1652 732 1800 779 gloria?

1320 823 1487 869 Tempus
1519 823 1633 869 elegit
1664 823 1795 859 hiemis

1319 879 1479 916 Creator
1508 879 1630 916 omnis
1660 879 1858 927 temporis,

1320 935 1371 973 Ut
1401 935 1537 972 mentis
1567 935 1652 982 gelu
1683 934 1835 982 frigoris

1318 993 1353 1028 A
1385 992 1530 1028 cunctis
1560 991 1680 1038 pellat
1709 991 1883 1038 perfidis.

1322 1081 1419 1119 Gelu
1449 1092 1610 1128 namque
1640 1081 1825 1130 perfidiae

1321 1137 1435 1174 Venit
1466 1138 1640 1176 Christus
1673 1138 1879 1184 depellere,

1320 1194 1456 1231 Fidem
1487 1204 1634 1241 quoque
1663 1195 1872 1232 accendere

1320 1250 1418 1288 Suae
1449 1251 1619 1288 caritatis
1649 1251 1747 1298 igne.
1888 1243 1891 1246 ’

1319 1341 1468 1378 Hiemis
1496 1341 1585 1378 tulit
1610 1340 1766 1390 frigora,

1318 1399 1373 1437 Ut
1402 1409 1469 1435 nos
1502 1409 1569 1445 pro
1600 1409 1668 1435 sua
1697 1399 1818 1445 gloria

1319 1454 1453 1492 Carnis
1489 1465 1709 1502 spernamus
1741 1454 1951 1505 commoda,

1319 1510 1532 1557 Diligamus
1562 1511 1813 1549 incommoda.

1321 1601 1393 1647 En,
1426 1601 1526 1647 quod
1558 1601 1663 1638 carni
1694 1602 1905 1650 molestius,

1319 1658 1425 1704 Quod
1461 1658 1602 1694 mundo
1635 1662 1690 1695 est
1723 1658 1955 1706 despectius,
1988 1700 1989 1703 Ἴ

1322 1713 1430 1759 Quod
1460 1714 1546 1760 plus
1578 1712 1695 1751 foetet
1728 1714 1923 1762 divitibus,

1320 1770 1448 1818 Elegit
1478 1770 1549 1807 Dei
1580 1769 1694 1809 filius.

1319 1861 1442 1898 Exsul
1472 1872 1494 1898 a
1527 1861 1637 1898 domo
1667 1861 1825 1908 propria

1321 1917 1453 1954 Carnis
1487 1917 1645 1954 vestitur
1672 1919 1813 1966 tunica,

1320 1974 1553 2021 Monstrans,
1571 1975 1671 2021 quod
1684 1975 1814 2012 vivens
1828 1975 1956 2013 anima

1319 2030 1418 2068 Huic
1447 2031 1587 2068 mundo
1617 2036 1809 2070 extranea.

1320 2120 1458 2158 Vivere
1488 2121 1526 2158 in
1557 2121 1628 2158 hoc
1658 2122 1809 2159 saeculo

1317 2178 1414 2224 Quid
1447 2188 1556 2224 quam
1588 2177 1876 2226 peregrinatio?

1320 2233 1396 2271 Sed
1427 2234 1531 2271 clara
1562 2234 1632 2271 Dei
1664 2235 1759 2272 visio

1321 2290 1462 2327 Nostra
1492 2301 1583 2328 vera
1614 2294 1671 2328 est
1701 2292 1859 2330 mansio.

1320 2380 1420 2417 Hinc
1442 2390 1511 2427 per
1531 2391 1652 2431 omne,
1674 2380 1776 2428 quod
1792 2381 1949 2431 agimus,

1319 2437 1401 2474 Hoc
1422 2437 1649 2485 quaerimus,
1675 2437 1746 2474 hoc
1767 2437 1950 2486 cupimus,

1319 2493 1371 2532 Ut
1402 2493 1524 2539 ruptis
1557 2494 1682 2530 carnis
1714 2493 1874 2531 nexibus

1320 2550 1424 2587 Caeli
1455 2550 1654 2597 iungamur
1686 2550 1844 2588 civibus.

837 2642 902 2678 23.
939 2640 1008 2687 Da,
1041 2640 1161 2686 patris
1193 2639 1392 2687 sapientia,
1979 2685 1983 2689 .
2021 2647 2024 2684 ]

935 2697 1017 2734 Tua
1048 2696 1153 2743 sequi
1184 2696 1353 2744 humilia,

937 2753 990 2791 Ut
1019 2753 1057 2790 in
1090 2756 1249 2799 paterna
1279 2753 1399 2800 gloria

935 2810 989 2846 Te
1020 2809 1216 2846 laudemus
1246 2810 1285 2846 in
1316 2809 1481 2847 saecula.

481 2899 563 2932 Cod.
591 2898 836 2931 Carolsruhan.
861 2896 938 2931 368.
966 2915 1004 2919 —-
1032 2894 1063 2935 3,
1092 2896 1105 2929 1
1132 2898 1258 2930 Edicto
1283 2898 1350 2930 die.
1368 2915 1411 2920 —
1438 2896 1488 2934 14,
1512 2896 1534 2929 4
1560 2887 1779 2929 res‘uobilis.
2016 2919 2017 2959 1
