<?xml version="1.0" encoding="UTF-8"?>
<!DOCTYPE html PUBLIC "-//W3C//DTD XHTML 1.0 Transitional//EN"
    "http://www.w3.org/TR/xhtml1/DTD/xhtml1-transitional.dtd">
<html xmlns="http://www.w3.org/1999/xhtml" xml:lang="en" lang="en">
 <head>
  <title>
</title>
<meta http-equiv="Content-Type" content="text/html;charset=utf-8" />
  <meta name='ocr-system' content='tesseract 3.04.00' />
  <meta name='ocr-capabilities' content='ocr_page ocr_carea ocr_par ocr_line ocrx_word'/>
</head>
<body>
  <div class='ocr_page' id='page_1' title='image "./hymnographilatin01drevuoft_0739.png"; bbox 0 0 1914 3223; ppageno 0'>
   <div class='ocr_carea' id='block_1_1' title="bbox 768 111 1073 151">
    <p class='ocr_par' dir='ltr' id='par_1_1' title="bbox 768 111 1073 151">
     <span class='ocr_line' id='line_1_1' title="bbox 768 111 1073 151; baseline 0 -1"><span class='ocrx_word' id='word_1_1' title='bbox 768 111 1073 151; x_wconf 77' lang='lat'>—183—</span> 
     </span>
    </p>
   </div>
   <div class='ocr_carea' id='block_1_2' title="bbox 270 224 1587 952">
    <p class='ocr_par' dir='ltr' id='par_1_2' title="bbox 369 224 1587 331">
     <span class='ocr_line' id='line_1_2' title="bbox 373 224 1587 272; baseline 0 -11"><span class='ocrx_word' id='word_1_2' title='bbox 373 224 566 271; x_wconf 79' lang='lat' dir='ltr'>Quidquid</span> <span class='ocrx_word' id='word_1_3' title='bbox 598 225 710 262; x_wconf 88' lang='lat' dir='ltr'>tellus</span> <span class='ocrx_word' id='word_1_4' title='bbox 741 225 867 272; x_wconf 79' lang='lat' dir='ltr'>habet,</span> <span class='ocrx_word' id='word_1_5' title='bbox 900 229 1037 271; x_wconf 84' lang='lat' dir='ltr'>pontus</span> <span class='ocrx_word' id='word_1_6' title='bbox 1064 228 1177 271; x_wconf 81' lang='lat' dir='ltr'>atque</span> <span class='ocrx_word' id='word_1_7' title='bbox 1207 224 1362 271; x_wconf 82' lang='lat' dir='ltr'>aethera</span> <span class='ocrx_word' id='word_1_8' title='bbox 1394 224 1587 271; x_wconf 83' lang='lat' dir='ltr'>claudunt,</span> 
     </span>
     <span class='ocr_line' id='line_1_3' title="bbox 369 279 1402 331; baseline 0 -13"><span class='ocrx_word' id='word_1_9' title='bbox 369 282 420 319; x_wconf 86' lang='lat' dir='ltr'>Et</span> <span class='ocrx_word' id='word_1_10' title='bbox 451 281 635 328; x_wconf 88' lang='lat' dir='ltr'>quidquid</span> <span class='ocrx_word' id='word_1_11' title='bbox 667 281 793 327; x_wconf 81' lang='lat' dir='ltr'>sentit,</span> <span class='ocrx_word' id='word_1_12' title='bbox 826 282 938 329; x_wconf 77' lang='lat' dir='ltr'>sapit,</span> <span class='ocrx_word' id='word_1_13' title='bbox 973 279 1030 317; x_wconf 81' lang='lat' dir='ltr'>est</span> <span class='ocrx_word' id='word_1_14' title='bbox 1061 287 1096 317; x_wconf 89' lang='lat' dir='ltr'>et</span> <span class='ocrx_word' id='word_1_15' title='bbox 1130 281 1220 318; x_wconf 84' lang='lat' dir='ltr'>vivit</span> <span class='ocrx_word' id='word_1_16' title='bbox 1252 281 1402 331; x_wconf 86' lang='lat' dir='ltr'>ubique,</span> 
     </span>
    </p>

    <p class='ocr_par' dir='ltr' id='par_1_3' title="bbox 364 337 1314 384">
     <span class='ocr_line' id='line_1_4' title="bbox 364 337 1314 384; baseline -0.001 -9"><span class='ocrx_word' id='word_1_17' title='bbox 364 338 498 375; x_wconf 87' lang='lat' dir='ltr'>Omnia</span> <span class='ocrx_word' id='word_1_18' title='bbox 528 348 664 384; x_wconf 83' lang='lat' dir='ltr'><strong>nempe</strong></span> <span class='ocrx_word' id='word_1_19' title='bbox 695 342 760 374; x_wconf 86' lang='lat' dir='ltr'>tua</span> <span class='ocrx_word' id='word_1_20' title='bbox 791 338 979 384; x_wconf 72' lang='lat' dir='ltr'>sapientia</span> <span class='ocrx_word' id='word_1_21' title='bbox 1009 338 1162 375; x_wconf 85' lang='lat' dir='ltr'>condita</span> <span class='ocrx_word' id='word_1_22' title='bbox 1194 337 1314 382; x_wconf 75' lang='lat' dir='ltr'>fulcit,</span> 
     </span>
    </p>

    <p class='ocr_par' dir='ltr' id='par_1_4' title="bbox 365 393 1357 441">
     <span class='ocr_line' id='line_1_5' title="bbox 365 393 1357 441; baseline 0 -10"><span class='ocrx_word' id='word_1_23' title='bbox 365 393 553 440; x_wconf 76' lang='lat' dir='ltr'>vivificat,</span> <span class='ocrx_word' id='word_1_24' title='bbox 586 400 713 431; x_wconf 85' lang='lat' dir='ltr'>servat</span> <span class='ocrx_word' id='word_1_25' title='bbox 744 394 872 431; x_wconf 89' lang='lat' dir='ltr'>valido</span> <span class='ocrx_word' id='word_1_26' title='bbox 904 399 941 430; x_wconf 83' lang='lat' dir='ltr'>et</span> <span class='ocrx_word' id='word_1_27' title='bbox 972 395 1067 441; x_wconf 82' lang='lat' dir='ltr'>regit</span> <span class='ocrx_word' id='word_1_28' title='bbox 1099 395 1223 431; x_wconf 83' lang='lat' dir='ltr'>onmia</span> <span class='ocrx_word' id='word_1_29' title='bbox 1254 399 1357 432; x_wconf 90' lang='lat' dir='ltr'>nutu.</span> 
     </span>
    </p>

    <p class='ocr_par' dir='ltr' id='par_1_5' title="bbox 270 450 1341 499">
     <span class='ocr_line' id='line_1_6' title="bbox 270 450 1341 499; baseline -0.003 -9"><span class='ocrx_word' id='word_1_30' title='bbox 270 453 318 490; x_wconf 89' lang='lat'>10</span> <span class='ocrx_word' id='word_1_31' title='bbox 367 452 447 489; x_wconf 87' lang='lat' dir='ltr'>Fac-</span> <span class='ocrx_word' id='word_1_32' title='bbox 478 461 549 496; x_wconf 73' lang='lat' dir='ltr'>me,</span> <span class='ocrx_word' id='word_1_33' title='bbox 583 462 727 488; x_wconf 86' lang='lat' dir='ltr'>summe</span> <span class='ocrx_word' id='word_1_34' title='bbox 758 451 855 499; x_wconf 86' lang='lat' dir='ltr'>pius,</span> <span class='ocrx_word' id='word_1_35' title='bbox 889 456 968 488; x_wconf 91' lang='lat' dir='ltr'>toto</span> <span class='ocrx_word' id='word_1_36' title='bbox 1000 455 1036 487; x_wconf 91' lang='lat' dir='ltr'>te</span> <span class='ocrx_word' id='word_1_37' title='bbox 1069 451 1184 487; x_wconf 87' lang='lat' dir='ltr'>corde</span> <span class='ocrx_word' id='word_1_38' title='bbox 1217 450 1341 498; x_wconf 84' lang='lat' dir='ltr'>fateri,</span> 
     </span>
    </p>

    <p class='ocr_par' dir='ltr' id='par_1_6' title="bbox 364 508 1438 670">
     <span class='ocr_line' id='line_1_7' title="bbox 366 508 1378 555; baseline -0.001 -9"><span class='ocrx_word' id='word_1_39' title='bbox 366 509 421 546; x_wconf 92' lang='lat' dir='ltr'>Te</span> <span class='ocrx_word' id='word_1_40' title='bbox 451 518 625 545; x_wconf 83' lang='lat' dir='ltr'>sermone</span> <span class='ocrx_word' id='word_1_41' title='bbox 656 508 772 555; x_wconf 83' lang='lat' dir='ltr'>loqui,</span> <span class='ocrx_word' id='word_1_42' title='bbox 805 511 842 543; x_wconf 86' lang='lat' dir='ltr'>te</span> <span class='ocrx_word' id='word_1_43' title='bbox 875 508 1022 544; x_wconf 84' lang='lat' dir='ltr'>discere</span> <span class='ocrx_word' id='word_1_44' title='bbox 1054 508 1228 554; x_wconf 81' lang='lat' dir='ltr'>dogmate</span> <span class='ocrx_word' id='word_1_45' title='bbox 1260 512 1378 555; x_wconf 82' lang='lat' dir='ltr'>recto,</span> 
     </span>
     <span class='ocr_line' id='line_1_8' title="bbox 364 564 1438 610; baseline 0 -9"><span class='ocrx_word' id='word_1_46' title='bbox 364 568 555 610; x_wconf 68' lang='lat' dir='ltr'>Quaerere</span> <span class='ocrx_word' id='word_1_47' title='bbox 585 571 622 602; x_wconf 82' lang='lat' dir='ltr'>te</span> <span class='ocrx_word' id='word_1_48' title='bbox 654 564 827 601; x_wconf 86' lang='lat' dir='ltr'>manibus</span> <span class='ocrx_word' id='word_1_49' title='bbox 859 573 954 610; x_wconf 86' lang='lat' dir='ltr'>pura</span> <span class='ocrx_word' id='word_1_50' title='bbox 987 569 1022 600; x_wconf 90' lang='lat' dir='ltr'>te</span> <span class='ocrx_word' id='word_1_51' title='bbox 1054 569 1091 599; x_wconf 85' lang='lat' dir='ltr'>et</span> <span class='ocrx_word' id='word_1_52' title='bbox 1121 570 1245 600; x_wconf 85' lang='lat' dir='ltr'>mente</span> <span class='ocrx_word' id='word_1_53' title='bbox 1277 564 1438 610; x_wconf 84' lang='lat' dir='ltr'>precari.</span> 
     </span>
     <span class='ocr_line' id='line_1_9' title="bbox 365 621 1301 670; baseline -0.002 -12"><span class='ocrx_word' id='word_1_54' title='bbox 365 621 423 658; x_wconf 85' lang='lat' dir='ltr'>Tu</span> <span class='ocrx_word' id='word_1_55' title='bbox 455 621 526 670; x_wconf 84' lang='lat' dir='ltr'>via,</span> <span class='ocrx_word' id='word_1_56' title='bbox 560 626 599 658; x_wconf 90' lang='lat' dir='ltr'>tu</span> <span class='ocrx_word' id='word_1_57' title='bbox 632 621 764 670; x_wconf 88' lang='lat' dir='ltr'>virtus,</span> <span class='ocrx_word' id='word_1_58' title='bbox 798 626 838 657; x_wconf 85' lang='lat' dir='ltr'>tu</span> <span class='ocrx_word' id='word_1_59' title='bbox 870 621 948 658; x_wconf 86' lang='lat' dir='ltr'>vita</span> <span class='ocrx_word' id='word_1_60' title='bbox 978 626 1015 657; x_wconf 89' lang='lat' dir='ltr'>et</span> <span class='ocrx_word' id='word_1_61' title='bbox 1045 621 1158 657; x_wconf 85' lang='lat' dir='ltr'>ianua</span> <span class='ocrx_word' id='word_1_62' title='bbox 1190 622 1301 664; x_wconf 71' lang='lat' dir='ltr'>vitae,</span> 
     </span>
    </p>

    <p class='ocr_par' dir='ltr' id='par_1_7' title="bbox 365 676 1435 724">
     <span class='ocr_line' id='line_1_10' title="bbox 365 676 1435 724; baseline -0.001 -10"><span class='ocrx_word' id='word_1_63' title='bbox 365 677 422 714; x_wconf 90' lang='lat' dir='ltr'>Tu</span> <span class='ocrx_word' id='word_1_64' title='bbox 452 688 597 714; x_wconf 83' lang='lat' dir='ltr'>merces</span> <span class='ocrx_word' id='word_1_65' title='bbox 629 678 769 724; x_wconf 75' lang='lat' dir='ltr'>operis,</span> <span class='ocrx_word' id='word_1_66' title='bbox 801 682 842 713; x_wconf 89' lang='lat' dir='ltr'>tu</span> <span class='ocrx_word' id='word_1_67' title='bbox 872 676 1007 723; x_wconf 81' lang='lat' dir='ltr'>factor,</span> <span class='ocrx_word' id='word_1_68' title='bbox 1042 682 1082 713; x_wconf 90' lang='lat' dir='ltr'>tu</span> <span class='ocrx_word' id='word_1_69' title='bbox 1112 688 1258 723; x_wconf 86' lang='lat' dir='ltr'>quoque</span> <span class='ocrx_word' id='word_1_70' title='bbox 1291 678 1435 717; x_wconf 83' lang='lat' dir='ltr'>doctor,</span> 
     </span>
    </p>

    <p class='ocr_par' dir='ltr' id='par_1_8' title="bbox 270 733 1531 952">
     <span class='ocr_line' id='line_1_11' title="bbox 270 733 1531 780; baseline -0.002 -8"><span class='ocrx_word' id='word_1_71' title='bbox 270 736 318 772; x_wconf 79' lang='lat'>15</span> <span class='ocrx_word' id='word_1_72' title='bbox 367 734 427 771; x_wconf 84' lang='lat' dir='ltr'>Da</span> <span class='ocrx_word' id='word_1_73' title='bbox 457 734 548 770; x_wconf 89' lang='lat' dir='ltr'>mihi</span> <span class='ocrx_word' id='word_1_74' title='bbox 580 745 678 771; x_wconf 90' lang='lat' dir='ltr'>nunc</span> <span class='ocrx_word' id='word_1_75' title='bbox 708 733 856 771; x_wconf 71' lang='lat' dir='ltr'>veniam</span> <span class='ocrx_word' id='word_1_76' title='bbox 888 734 1026 770; x_wconf 86' lang='lat' dir='ltr'>misero</span> <span class='ocrx_word' id='word_1_77' title='bbox 1059 738 1094 769; x_wconf 90' lang='lat' dir='ltr'>et</span> <span class='ocrx_word' id='word_1_78' title='bbox 1126 744 1209 770; x_wconf 84' lang='lat' dir='ltr'>mea</span> <span class='ocrx_word' id='word_1_79' title='bbox 1241 734 1401 771; x_wconf 87' lang='lat' dir='ltr'>crimina</span> <span class='ocrx_word' id='word_1_80' title='bbox 1431 734 1531 780; x_wconf 88' lang='lat' dir='ltr'>laxa,</span> 
     </span>
     <span class='ocr_line' id='line_1_12' title="bbox 363 791 1464 839; baseline -0.002 -11"><span class='ocrx_word' id='word_1_81' title='bbox 363 791 444 829; x_wconf 84' lang='lat' dir='ltr'>Fac</span> <span class='ocrx_word' id='word_1_82' title='bbox 473 801 533 827; x_wconf 88' lang='lat' dir='ltr'>me</span> <span class='ocrx_word' id='word_1_83' title='bbox 565 791 662 828; x_wconf 91' lang='lat' dir='ltr'>velle</span> <span class='ocrx_word' id='word_1_84' title='bbox 693 791 841 839; x_wconf 89' lang='lat' dir='ltr'>bonum,</span> <span class='ocrx_word' id='word_1_85' title='bbox 876 791 975 827; x_wconf 87' lang='lat' dir='ltr'>scire</span> <span class='ocrx_word' id='word_1_86' title='bbox 1004 794 1093 827; x_wconf 83' lang='lat' dir='ltr'>actu</span> <span class='ocrx_word' id='word_1_87' title='bbox 1124 794 1158 826; x_wconf 86' lang='lat' dir='ltr'>et</span> <span class='ocrx_word' id='word_1_88' title='bbox 1192 791 1264 827; x_wconf 88' lang='lat' dir='ltr'>rite</span> <span class='ocrx_word' id='word_1_89' title='bbox 1296 791 1464 837; x_wconf 79' lang='lat' dir='ltr'>probare</span> 
     </span>
     <span class='ocr_line' id='line_1_13' title="bbox 368 847 1467 894; baseline -0.002 -9"><span class='ocrx_word' id='word_1_90' title='bbox 368 847 504 894; x_wconf 87' lang='lat' dir='ltr'>Sicque</span> <span class='ocrx_word' id='word_1_91' title='bbox 535 853 639 884; x_wconf 90' lang='lat' dir='ltr'>tuum</span> <span class='ocrx_word' id='word_1_92' title='bbox 670 848 810 885; x_wconf 84' lang='lat' dir='ltr'>laetum</span> <span class='ocrx_word' id='word_1_93' title='bbox 842 847 988 884; x_wconf 81' lang='lat' dir='ltr'>tribuas</span> <span class='ocrx_word' id='word_1_94' title='bbox 1020 852 1110 884; x_wconf 89' lang='lat' dir='ltr'>tunc</span> <span class='ocrx_word' id='word_1_95' title='bbox 1141 857 1297 884; x_wconf 80' lang='lat' dir='ltr'>cernere</span> <span class='ocrx_word' id='word_1_96' title='bbox 1326 848 1467 885; x_wconf 88' lang='lat' dir='ltr'>vultum</span> 
     </span>
     <span class='ocr_line' id='line_1_14' title="bbox 367 903 1365 952; baseline 0 -11"><span class='ocrx_word' id='word_1_97' title='bbox 367 905 557 951; x_wconf 88' lang='lat' dir='ltr'>Perpetuo</span> <span class='ocrx_word' id='word_1_98' title='bbox 589 909 626 941; x_wconf 90' lang='lat' dir='ltr'>et</span> <span class='ocrx_word' id='word_1_99' title='bbox 657 915 747 941; x_wconf 88' lang='lat' dir='ltr'>vera</span> <span class='ocrx_word' id='word_1_100' title='bbox 777 915 836 940; x_wconf 90' lang='lat' dir='ltr'>me</span> <span class='ocrx_word' id='word_1_101' title='bbox 868 904 1006 951; x_wconf 78' lang='lat' dir='ltr'>gaudia</span> <span class='ocrx_word' id='word_1_102' title='bbox 1038 914 1196 952; x_wconf 86' lang='lat' dir='ltr'>carpere</span> <span class='ocrx_word' id='word_1_103' title='bbox 1228 903 1365 942; x_wconf 85' lang='lat' dir='ltr'>fructu.</span> 
     </span>
    </p>
   </div>
   <div class='ocr_carea' id='block_1_3' title="bbox 139 1025 1706 1111">
    <p class='ocr_par' dir='ltr' id='par_1_9' title="bbox 139 1025 1706 1111">
     <span class='ocr_line' id='line_1_15' title="bbox 231 1025 1706 1070; baseline 0.001 -10"><span class='ocrx_word' id='word_1_104' title='bbox 231 1028 374 1061; x_wconf 83' lang='lat' dir='ltr'>Collect.</span> <span class='ocrx_word' id='word_1_105' title='bbox 400 1038 461 1059; x_wconf 87' lang='lat' dir='ltr'>ms.</span> <span class='ocrx_word' id='word_1_106' title='bbox 488 1027 660 1059; x_wconf 85' lang='lat' dir='ltr'>Fuldense</span> <span class='ocrx_word' id='word_1_107' title='bbox 687 1038 776 1059; x_wconf 84' lang='lat' dir='ltr'>saec.</span> <span class='ocrx_word' id='word_1_108' title='bbox 806 1025 856 1059; x_wconf 88' lang='lat'>10.</span> <span class='ocrx_word' id='word_1_109' title='bbox 906 1027 989 1060; x_wconf 86' lang='lat' dir='ltr'>Cod.</span> <span class='ocrx_word' id='word_1_110' title='bbox 1015 1027 1204 1059; x_wconf 76' lang='lat' dir='ltr'>Eremiten.</span> <span class='ocrx_word' id='word_1_111' title='bbox 1233 1025 1310 1059; x_wconf 83' lang='lat'>266.</span> <span class='ocrx_word' id='word_1_112' title='bbox 1341 1043 1379 1048; x_wconf 60' lang='lat'>-&lt;·</span> <span class='ocrx_word' id='word_1_113' title='bbox 1404 1029 1585 1060; x_wconf 62' lang='lat' dir='ltr'>lzrowerus</span> <span class='ocrx_word' id='word_1_114' title='bbox 1611 1040 1642 1070; x_wconf 86' lang='lat' dir='ltr'>p.</span> <span class='ocrx_word' id='word_1_115' title='bbox 1668 1027 1706 1065; x_wconf 77' lang='lat'>9:</span> 
     </span>
     <span class='ocr_line' id='line_1_16' title="bbox 139 1071 506 1111; baseline -0.005 -5"><span class='ocrx_word' id='word_1_116' title='bbox 139 1074 319 1106; x_wconf 79' lang='lat' dir='ltr'>Diimmler</span> <span class='ocrx_word' id='word_1_117' title='bbox 351 1074 395 1111; x_wconf 85' lang='lat'>11,</span> <span class='ocrx_word' id='word_1_118' title='bbox 432 1071 506 1105; x_wconf 78' lang='grc'><strong>175.</strong></span> 
     </span>
    </p>
   </div>
   <div class='ocr_carea' id='block_1_4' title="bbox 502 1298 1357 1340">
    <p class='ocr_par' dir='ltr' id='par_1_10' title="bbox 502 1298 1357 1340">
     <span class='ocr_line' id='line_1_17' title="bbox 502 1298 1357 1340; baseline 0.002 -8"><span class='ocrx_word' id='word_1_119' title='bbox 502 1298 582 1334; x_wconf 75' lang='lat'>134.</span> <span class='ocrx_word' id='word_1_120' title='bbox 619 1298 676 1340; x_wconf 87' lang='lat'>(3.)</span> <span class='ocrx_word' id='word_1_121' title='bbox 714 1298 863 1334; x_wconf 83' lang='lat' dir='ltr'>Versus</span> <span class='ocrx_word' id='word_1_122' title='bbox 888 1308 999 1334; x_wconf 86' lang='lat' dir='ltr'>more</span> <span class='ocrx_word' id='word_1_123' title='bbox 1025 1299 1212 1334; x_wconf 87' lang='lat' dir='ltr'>Litaniae</span> <span class='ocrx_word' id='word_1_124' title='bbox 1238 1299 1357 1334; x_wconf 85' lang='lat' dir='ltr'>facti.</span> 
     </span>
    </p>
   </div>
   <div class='ocr_carea' id='block_1_5' title="bbox 314 1417 1496 2882">
    <p class='ocr_par' dir='ltr' id='par_1_11' title="bbox 314 1417 1496 2882">
     <span class='ocr_line' id='line_1_18' title="bbox 414 1417 1452 1464; baseline 0 -10"><span class='ocrx_word' id='word_1_125' title='bbox 414 1417 573 1455; x_wconf 88' lang='lat' dir='ltr'>Arbiter</span> <span class='ocrx_word' id='word_1_126' title='bbox 603 1417 852 1464; x_wconf 70' lang='lat' dir='ltr'>omnitenens,</span> <span class='ocrx_word' id='word_1_127' title='bbox 887 1427 1012 1454; x_wconf 87' lang='lat' dir='ltr'>rerum</span> <span class='ocrx_word' id='word_1_128' title='bbox 1043 1421 1084 1453; x_wconf 95' lang='lat' dir='ltr'>tu</span> <span class='ocrx_word' id='word_1_129' title='bbox 1115 1427 1259 1453; x_wconf 87' lang='lat' dir='ltr'>summe</span> <span class='ocrx_word' id='word_1_130' title='bbox 1291 1421 1452 1463; x_wconf 83' lang='lat' dir='ltr'>creator,</span> 
     </span>
     <span class='ocr_line' id='line_1_19' title="bbox 470 1474 1349 1522; baseline -0.001 -11"><span class='ocrx_word' id='word_1_131' title='bbox 470 1474 612 1521; x_wconf 80' lang='lat' dir='ltr'>Aspice</span> <span class='ocrx_word' id='word_1_132' title='bbox 645 1474 692 1510; x_wconf 89' lang='lat' dir='ltr'>de</span> <span class='ocrx_word' id='word_1_133' title='bbox 723 1474 884 1522; x_wconf 78' lang='lat' dir='ltr'>superis,</span> <span class='ocrx_word' id='word_1_134' title='bbox 919 1474 1157 1520; x_wconf 90' lang='lat' dir='ltr'>omnipotens</span> <span class='ocrx_word' id='word_1_135' title='bbox 1189 1474 1349 1520; x_wconf 82' lang='lat' dir='ltr'>genitor.</span> 
     </span>
     <span class='ocr_line' id='line_1_20' title="bbox 414 1530 1448 1578; baseline -0.002 -10"><span class='ocrx_word' id='word_1_136' title='bbox 414 1531 660 1577; x_wconf 82' lang='lat' dir='ltr'>Omnipotens</span> <span class='ocrx_word' id='word_1_137' title='bbox 692 1531 851 1577; x_wconf 73' lang='lat' dir='ltr'>genitor,</span> <span class='ocrx_word' id='word_1_138' title='bbox 885 1541 930 1567; x_wconf 89' lang='lat' dir='ltr'>ex</span> <span class='ocrx_word' id='word_1_139' title='bbox 962 1541 1034 1577; x_wconf 92' lang='lat' dir='ltr'>quo</span> <span class='ocrx_word' id='word_1_140' title='bbox 1066 1535 1152 1566; x_wconf 89' lang='lat' dir='ltr'>sunt</span> <span class='ocrx_word' id='word_1_141' title='bbox 1188 1530 1326 1578; x_wconf 82' lang='lat' dir='ltr'>omnia,</span> <span class='ocrx_word' id='word_1_142' title='bbox 1359 1540 1448 1567; x_wconf 90' lang='lat' dir='ltr'>vere</span> 
     </span>
     <span class='ocr_line' id='line_1_21' title="bbox 470 1587 1346 1635; baseline -0.001 -10"><span class='ocrx_word' id='word_1_143' title='bbox 470 1587 705 1634; x_wconf 88' lang='lat' dir='ltr'>Principium</span> <span class='ocrx_word' id='word_1_144' title='bbox 737 1590 944 1635; x_wconf 82' lang='lat' dir='ltr'>aeternum⁷</span> <span class='ocrx_word' id='word_1_145' title='bbox 976 1592 1018 1623; x_wconf 86' lang='lat' dir='ltr'>tu</span> <span class='ocrx_word' id='word_1_146' title='bbox 1049 1587 1229 1623; x_wconf 88' lang='lat' dir='ltr'>miserere</span> <span class='ocrx_word' id='word_1_147' title='bbox 1258 1587 1346 1624; x_wconf 89' lang='lat' dir='ltr'>tuis.</span> 
     </span>
     <span class='ocr_line' id='line_1_22' title="bbox 350 1644 1496 1693; baseline -0.001 -11"><span class='ocrx_word' id='word_1_148' title='bbox 350 1648 371 1683; x_wconf 84' lang='lat'>5</span> <span class='ocrx_word' id='word_1_149' title='bbox 419 1645 540 1681; x_wconf 89' lang='lat' dir='ltr'>Filius</span> <span class='ocrx_word' id='word_1_150' title='bbox 571 1644 655 1691; x_wconf 90' lang='lat' dir='ltr'>ipse</span> <span class='ocrx_word' id='word_1_151' title='bbox 685 1644 770 1690; x_wconf 84' lang='lat' dir='ltr'>Dei,</span> <span class='ocrx_word' id='word_1_152' title='bbox 803 1654 873 1690; x_wconf 90' lang='lat' dir='ltr'>per</span> <span class='ocrx_word' id='word_1_153' title='bbox 903 1654 1011 1690; x_wconf 90' lang='lat' dir='ltr'>quem</span> <span class='ocrx_word' id='word_1_154' title='bbox 1045 1647 1132 1680; x_wconf 90' lang='lat' dir='ltr'>sunt</span> <span class='ocrx_word' id='word_1_155' title='bbox 1162 1644 1317 1681; x_wconf 86' lang='lat' dir='ltr'>condita</span> <span class='ocrx_word' id='word_1_156' title='bbox 1349 1648 1496 1693; x_wconf 79' lang='lat' dir='ltr'>cuneta,</span> 
     </span>
     <span class='ocr_line' id='line_1_23' title="bbox 471 1700 1464 1749; baseline 0 -11"><span class='ocrx_word' id='word_1_157' title='bbox 471 1701 529 1738; x_wconf 91' lang='lat' dir='ltr'>Tu</span> <span class='ocrx_word' id='word_1_158' title='bbox 560 1701 724 1738; x_wconf 88' lang='lat' dir='ltr'>clemens</span> <span class='ocrx_word' id='word_1_159' title='bbox 754 1704 905 1738; x_wconf 86' lang='lat' dir='ltr'>nostras</span> <span class='ocrx_word' id='word_1_160' title='bbox 937 1700 1101 1748; x_wconf 74' lang='lat' dir='ltr'>suscipe,</span> <span class='ocrx_word' id='word_1_161' title='bbox 1134 1711 1285 1749; x_wconf 81' lang='lat' dir='ltr'>quaeso,</span> <span class='ocrx_word' id='word_1_162' title='bbox 1319 1711 1464 1747; x_wconf 87' lang='lat' dir='ltr'>preces.</span> 
     </span>
     <span class='ocr_line' id='line_1_24' title="bbox 418 1757 1406 1806; baseline 0 -11"><span class='ocrx_word' id='word_1_163' title='bbox 418 1757 583 1805; x_wconf 87' lang='lat' dir='ltr'>Spiritus</span> <span class='ocrx_word' id='word_1_164' title='bbox 614 1758 712 1795; x_wconf 90' lang='lat' dir='ltr'>alme</span> <span class='ocrx_word' id='word_1_165' title='bbox 743 1757 827 1800; x_wconf 83' lang='lat' dir='ltr'>Dei,</span> <span class='ocrx_word' id='word_1_166' title='bbox 861 1757 957 1794; x_wconf 87' lang='lat' dir='ltr'>caeli</span> <span class='ocrx_word' id='word_1_167' title='bbox 987 1761 1188 1804; x_wconf 79' lang='lat' dir='ltr'>terraeque</span> <span class='ocrx_word' id='word_1_168' title='bbox 1219 1762 1406 1806; x_wconf 86' lang='lat' dir='ltr'>repertor,</span> 
     </span>
     <span class='ocr_line' id='line_1_25' title="bbox 472 1814 1331 1863; baseline 0 -11"><span class='ocrx_word' id='word_1_169' title='bbox 472 1816 514 1852; x_wconf 89' lang='lat' dir='ltr'>In</span> <span class='ocrx_word' id='word_1_170' title='bbox 544 1826 616 1862; x_wconf 90' lang='lat' dir='ltr'>quo</span> <span class='ocrx_word' id='word_1_171' title='bbox 649 1818 736 1851; x_wconf 90' lang='lat' dir='ltr'>sunt</span> <span class='ocrx_word' id='word_1_172' title='bbox 768 1818 915 1863; x_wconf 81' lang='lat' dir='ltr'>cuncta,</span> <span class='ocrx_word' id='word_1_173' title='bbox 948 1818 988 1851; x_wconf 90' lang='lat' dir='ltr'>tu</span> <span class='ocrx_word' id='word_1_174' title='bbox 1019 1814 1083 1860; x_wconf 88' lang='lat' dir='ltr'>pia</span> <span class='ocrx_word' id='word_1_175' title='bbox 1114 1819 1200 1851; x_wconf 84' lang='lat' dir='ltr'>vota</span> <span class='ocrx_word' id='word_1_176' title='bbox 1233 1814 1331 1852; x_wconf 88' lang='lat' dir='ltr'>vide.</span> 
     </span>
     <span class='ocr_line' id='line_1_26' title="bbox 414 1871 1280 1918; baseline -0.001 -10"><span class='ocrx_word' id='word_1_177' title='bbox 414 1872 552 1909; x_wconf 89' lang='lat' dir='ltr'>Trinus</span> <span class='ocrx_word' id='word_1_178' title='bbox 583 1871 768 1918; x_wconf 79' lang='lat' dir='ltr'>personis,</span> <span class='ocrx_word' id='word_1_179' title='bbox 800 1878 936 1908; x_wconf 82' lang='lat' dir='ltr'>natura</span> <span class='ocrx_word' id='word_1_180' title='bbox 967 1871 1142 1908; x_wconf 87' lang='lat' dir='ltr'>conditor</span> <span class='ocrx_word' id='word_1_181' title='bbox 1171 1882 1280 1917; x_wconf 84' lang='lat' dir='ltr'>unus,</span> 
     </span>
     <span class='ocr_line' id='line_1_27' title="bbox 316 1928 1357 1974; baseline -0.003 -6"><span class='ocrx_word' id='word_1_182' title='bbox 316 1930 367 1968; x_wconf 81' lang='lat'>10</span> <span class='ocrx_word' id='word_1_183' title='bbox 472 1929 501 1966; x_wconf 97' lang='grc' dir='ltr'>Ο</span> <span class='ocrx_word' id='word_1_184' title='bbox 533 1928 636 1966; x_wconf 92' lang='lat' dir='ltr'>Deus</span> <span class='ocrx_word' id='word_1_185' title='bbox 664 1928 880 1973; x_wconf 81' lang='lat' dir='ltr'>altithrone,</span> <span class='ocrx_word' id='word_1_186' title='bbox 915 1939 1066 1974; x_wconf 88' lang='lat' dir='ltr'>semper</span> <span class='ocrx_word' id='word_1_187' title='bbox 1096 1928 1230 1965; x_wconf 83' lang='lat' dir='ltr'>adesto</span> <span class='ocrx_word' id='word_1_188' title='bbox 1261 1928 1357 1974; x_wconf 85' lang='lat' dir='ltr'>pius,</span> 
     </span>
     <span class='ocr_line' id='line_1_28' title="bbox 417 1984 1432 2033; baseline -0.001 -10"><span class='ocrx_word' id='word_1_189' title='bbox 417 1986 532 2023; x_wconf 85' lang='lat' dir='ltr'>Clara</span> <span class='ocrx_word' id='word_1_190' title='bbox 562 1985 635 2023; x_wconf 83' lang='lat' dir='ltr'>Dei</span> <span class='ocrx_word' id='word_1_191' title='bbox 665 1984 851 2033; x_wconf 72' lang='lat' dir='ltr'>genetrix,</span> <span class='ocrx_word' id='word_1_192' title='bbox 889 1985 1129 2022; x_wconf 84' lang='lat' dir='ltr'>sanctissima</span> <span class='ocrx_word' id='word_1_193' title='bbox 1159 1984 1265 2031; x_wconf 78' lang='lat' dir='ltr'>virgo</span> <span class='ocrx_word' id='word_1_194' title='bbox 1296 1985 1432 2031; x_wconf 88' lang='lat' dir='ltr'>Maria,</span> 
     </span>
     <span class='ocr_line' id='line_1_29' title="bbox 471 2040 1249 2088; baseline -0.001 -8"><span class='ocrx_word' id='word_1_195' title='bbox 471 2043 548 2081; x_wconf 88' lang='lat' dir='ltr'>Ora</span> <span class='ocrx_word' id='word_1_196' title='bbox 577 2052 646 2088; x_wconf 90' lang='lat' dir='ltr'>pro</span> <span class='ocrx_word' id='word_1_197' title='bbox 677 2041 785 2078; x_wconf 89' lang='lat' dir='ltr'>nobis</span> <span class='ocrx_word' id='word_1_198' title='bbox 817 2042 889 2078; x_wconf 87' lang='lat' dir='ltr'>rite</span> <span class='ocrx_word' id='word_1_199' title='bbox 921 2040 1084 2079; x_wconf 87' lang='lat' dir='ltr'>favendo</span> <span class='ocrx_word' id='word_1_200' title='bbox 1114 2042 1249 2080; x_wconf 88' lang='lat' dir='ltr'>Deum.</span> 
     </span>
     <span class='ocr_line' id='line_1_30' title="bbox 416 2098 1419 2147; baseline -0.002 -11"><span class='ocrx_word' id='word_1_201' title='bbox 416 2100 491 2136; x_wconf 90' lang='lat' dir='ltr'>Pro</span> <span class='ocrx_word' id='word_1_202' title='bbox 523 2098 631 2136; x_wconf 90' lang='lat' dir='ltr'>nobis</span> <span class='ocrx_word' id='word_1_203' title='bbox 662 2109 811 2145; x_wconf 74' lang='lat' dir='ltr'>poscas,</span> <span class='ocrx_word' id='word_1_204' title='bbox 842 2098 1010 2135; x_wconf 86' lang='lat' dir='ltr'>Michael</span> <span class='ocrx_word' id='word_1_205' title='bbox 1042 2098 1302 2147; x_wconf 78' lang='lat' dir='ltr'>archangelus,</span> <span class='ocrx_word' id='word_1_206' title='bbox 1336 2098 1419 2145; x_wconf 87' lang='lat' dir='ltr'>ipse</span> 
     </span>
     <span class='ocr_line' id='line_1_31' title="bbox 469 2154 1339 2202; baseline -0.001 -9"><span class='ocrx_word' id='word_1_207' title='bbox 469 2156 521 2193; x_wconf 86' lang='lat' dir='ltr'>Et</span> <span class='ocrx_word' id='word_1_208' title='bbox 552 2155 709 2193; x_wconf 86' lang='lat' dir='ltr'>Gabriel</span> <span class='ocrx_word' id='word_1_209' title='bbox 747 2154 856 2192; x_wconf 85' lang='lat' dir='ltr'>fortis</span> <span class='ocrx_word' id='word_1_210' title='bbox 887 2160 923 2191; x_wconf 92' lang='lat' dir='ltr'>et</span> <span class='ocrx_word' id='word_1_211' title='bbox 954 2155 1125 2202; x_wconf 88' lang='lat' dir='ltr'>Raphael</span> <span class='ocrx_word' id='word_1_212' title='bbox 1157 2155 1339 2192; x_wconf 85' lang='lat' dir='ltr'>medicus.</span> 
     </span>
     <span class='ocr_line' id='line_1_32' title="bbox 315 2212 1494 2258; baseline -0.001 -7"><span class='ocrx_word' id='word_1_213' title='bbox 315 2215 364 2251; x_wconf 88' lang='lat'>15</span> <span class='ocrx_word' id='word_1_214' title='bbox 411 2212 503 2250; x_wconf 91' lang='lat' dir='ltr'>Cum</span> <span class='ocrx_word' id='word_1_215' title='bbox 535 2212 721 2249; x_wconf 87' lang='lat' dir='ltr'>aethereis</span> <span class='ocrx_word' id='word_1_216' title='bbox 753 2212 887 2248; x_wconf 89' lang='lat' dir='ltr'>turmis</span> <span class='ocrx_word' id='word_1_217' title='bbox 919 2212 1115 2258; x_wconf 83' lang='lat' dir='ltr'>placantes</span> <span class='ocrx_word' id='word_1_218' title='bbox 1147 2217 1298 2258; x_wconf 86' lang='lat' dir='ltr'>sceptra</span> <span class='ocrx_word' id='word_1_219' title='bbox 1329 2222 1494 2258; x_wconf 85' lang='lat' dir='ltr'>superna</span> 
     </span>
     <span class='ocr_line' id='line_1_33' title="bbox 471 2268 1284 2316; baseline -0.004 -9"><span class='ocrx_word' id='word_1_220' title='bbox 471 2269 683 2316; x_wconf 89' lang='lat' dir='ltr'>Propitium</span> <span class='ocrx_word' id='word_1_221' title='bbox 715 2268 823 2305; x_wconf 90' lang='lat' dir='ltr'>nobis</span> <span class='ocrx_word' id='word_1_222' title='bbox 856 2269 1126 2306; x_wconf 85' lang='lat' dir='ltr'>celsithronum</span> <span class='ocrx_word' id='word_1_223' title='bbox 1158 2268 1284 2305; x_wconf 85' lang='lat' dir='ltr'>facite.</span> 
     </span>
     <span class='ocr_line' id='line_1_34' title="bbox 412 2325 1406 2372; baseline -0.002 -9"><span class='ocrx_word' id='word_1_224' title='bbox 412 2326 620 2364; x_wconf 83' lang='lat' dir='ltr'>Zachariae</span> <span class='ocrx_word' id='word_1_225' title='bbox 652 2330 762 2362; x_wconf 88' lang='lat' dir='ltr'>natus</span> <span class='ocrx_word' id='word_1_226' title='bbox 793 2336 932 2371; x_wconf 86' lang='lat' dir='ltr'>praeco</span> <span class='ocrx_word' id='word_1_227' title='bbox 965 2325 1164 2372; x_wconf 89' lang='lat' dir='ltr'>cunctique</span> <span class='ocrx_word' id='word_1_228' title='bbox 1196 2325 1406 2371; x_wconf 86' lang='lat' dir='ltr'>prophetae</span> 
     </span>
     <span class='ocr_line' id='line_1_35' title="bbox 469 2382 1240 2429; baseline -0.001 -9"><span class='ocrx_word' id='word_1_229' title='bbox 469 2383 520 2420; x_wconf 87' lang='lat' dir='ltr'>Et</span> <span class='ocrx_word' id='word_1_230' title='bbox 551 2383 670 2419; x_wconf 86' lang='lat' dir='ltr'>sancti</span> <span class='ocrx_word' id='word_1_231' title='bbox 702 2386 842 2429; x_wconf 86' lang='lat' dir='ltr'>patres,</span> <span class='ocrx_word' id='word_1_232' title='bbox 877 2382 1075 2418; x_wconf 89' lang='lat' dir='ltr'>conciliate</span> <span class='ocrx_word' id='word_1_233' title='bbox 1106 2383 1240 2419; x_wconf 90' lang='lat' dir='ltr'>Deum.</span> 
     </span>
     <span class='ocr_line' id='line_1_36' title="bbox 415 2439 1465 2486; baseline -0.002 -9"><span class='ocrx_word' id='word_1_234' title='bbox 415 2441 552 2478; x_wconf 88' lang='lat' dir='ltr'>Coetus</span> <span class='ocrx_word' id='word_1_235' title='bbox 585 2439 829 2486; x_wconf 75' lang='lat' dir='ltr'>apostolicus,</span> <span class='ocrx_word' id='word_1_236' title='bbox 863 2439 1005 2476; x_wconf 90' lang='lat' dir='ltr'>Christi</span> <span class='ocrx_word' id='word_1_237' title='bbox 1038 2440 1236 2475; x_wconf 88' lang='lat' dir='ltr'>comitatus</span> <span class='ocrx_word' id='word_1_238' title='bbox 1268 2439 1465 2486; x_wconf 87' lang='lat' dir='ltr'>honestus,</span> 
     </span>
     <span class='ocr_line' id='line_1_37' title="bbox 314 2495 1314 2543; baseline 0 -9"><span class='ocrx_word' id='word_1_239' title='bbox 314 2498 366 2534; x_wconf 79' lang='lat'>20</span> <span class='ocrx_word' id='word_1_240' title='bbox 468 2497 525 2533; x_wconf 93' lang='lat' dir='ltr'>Tu</span> <span class='ocrx_word' id='word_1_241' title='bbox 556 2495 733 2543; x_wconf 89' lang='lat' dir='ltr'>precibus</span> <span class='ocrx_word' id='word_1_242' title='bbox 765 2495 874 2532; x_wconf 88' lang='lat' dir='ltr'>nobis</span> <span class='ocrx_word' id='word_1_243' title='bbox 906 2495 1036 2532; x_wconf 87' lang='lat' dir='ltr'>limina</span> <span class='ocrx_word' id='word_1_244' title='bbox 1067 2496 1193 2542; x_wconf 88' lang='lat' dir='ltr'>pande</span> <span class='ocrx_word' id='word_1_245' title='bbox 1223 2495 1314 2541; x_wconf 90' lang='lat' dir='ltr'>poli.</span> 
     </span>
     <span class='ocr_line' id='line_1_38' title="bbox 415 2551 1456 2600; baseline -0.003 -10"><span class='ocrx_word' id='word_1_246' title='bbox 415 2553 590 2600; x_wconf 84' lang='lat' dir='ltr'>Claviger</span> <span class='ocrx_word' id='word_1_247' title='bbox 620 2553 819 2589; x_wconf 89' lang='lat' dir='ltr'>aethereus</span> <span class='ocrx_word' id='word_1_248' title='bbox 854 2553 988 2589; x_wconf 87' lang='lat' dir='ltr'>Petrus</span> <span class='ocrx_word' id='word_1_249' title='bbox 1022 2552 1232 2598; x_wconf 82' lang='lat' dir='ltr'>Paulusque</span> <span class='ocrx_word' id='word_1_250' title='bbox 1263 2551 1456 2598; x_wconf 73' lang='lat' dir='ltr'>magister,</span> 
     </span>
     <span class='ocr_line' id='line_1_39' title="bbox 471 2608 1358 2654; baseline -0.001 -7"><span class='ocrx_word' id='word_1_251' title='bbox 471 2609 660 2648; x_wconf 73' lang='lat' dir='ltr'>Andreas,</span> <span class='ocrx_word' id='word_1_252' title='bbox 694 2608 854 2645; x_wconf 89' lang='lat' dir='ltr'>Iacobus</span> <span class='ocrx_word' id='word_1_253' title='bbox 885 2614 998 2654; x_wconf 89' lang='lat' dir='ltr'>atque</span> <span class='ocrx_word' id='word_1_254' title='bbox 1030 2609 1208 2645; x_wconf 80' lang='lat' dir='ltr'>Iohannis</span> <span class='ocrx_word' id='word_1_255' title='bbox 1241 2619 1358 2646; x_wconf 88' lang='lat' dir='ltr'>amor.</span> 
     </span>
     <span class='ocr_line' id='line_1_40' title="bbox 414 2665 1484 2711; baseline -0.002 -8"><span class='ocrx_word' id='word_1_256' title='bbox 414 2666 578 2703; x_wconf 86' lang='lat' dir='ltr'>Thomas</span> <span class='ocrx_word' id='word_1_257' title='bbox 611 2676 694 2702; x_wconf 90' lang='lat' dir='ltr'>cum</span> <span class='ocrx_word' id='word_1_258' title='bbox 726 2665 877 2710; x_wconf 83' lang='lat' dir='ltr'>Iacobo,</span> <span class='ocrx_word' id='word_1_259' title='bbox 912 2665 1124 2711; x_wconf 79' lang='lat' dir='ltr'>Philippus,</span> <span class='ocrx_word' id='word_1_260' title='bbox 1157 2665 1484 2708; x_wconf 75' lang='lat' dir='ltr'>Bartholomaeus,</span> 
     </span>
     <span class='ocr_line' id='line_1_41' title="bbox 472 2721 1428 2768; baseline 0 -9"><span class='ocrx_word' id='word_1_261' title='bbox 472 2722 665 2760; x_wconf 86' lang='lat' dir='ltr'>Mattheus</span> <span class='ocrx_word' id='word_1_262' title='bbox 698 2727 734 2758; x_wconf 89' lang='lat' dir='ltr'>et</span> <span class='ocrx_word' id='word_1_263' title='bbox 767 2722 911 2768; x_wconf 71' lang='lat' dir='ltr'>Simon,</span> <span class='ocrx_word' id='word_1_264' title='bbox 943 2721 1148 2758; x_wconf 88' lang='lat' dir='ltr'>Thaddeus</span> <span class='ocrx_word' id='word_1_265' title='bbox 1180 2727 1216 2757; x_wconf 88' lang='lat' dir='ltr'>et</span> <span class='ocrx_word' id='word_1_266' title='bbox 1247 2721 1428 2759; x_wconf 86' lang='lat' dir='ltr'>Mathias.</span> 
     </span>
     <span class='ocr_line' id='line_1_42' title="bbox 314 2778 1454 2825; baseline -0.004 -7"><span class='ocrx_word' id='word_1_267' title='bbox 314 2781 364 2818; x_wconf 78' lang='lat'>25</span> <span class='ocrx_word' id='word_1_268' title='bbox 414 2779 598 2816; x_wconf 83' lang='lat' dir='ltr'>Doctrina</span> <span class='ocrx_word' id='word_1_269' title='bbox 627 2779 822 2825; x_wconf 82' lang='lat' dir='ltr'>gratulans</span> <span class='ocrx_word' id='word_1_270' title='bbox 855 2778 1014 2814; x_wconf 87' lang='lat' dir='ltr'>rutilans</span> <span class='ocrx_word' id='word_1_271' title='bbox 1047 2783 1080 2814; x_wconf 89' lang='lat' dir='ltr'>et</span> <span class='ocrx_word' id='word_1_272' title='bbox 1113 2778 1294 2824; x_wconf 82' lang='lat' dir='ltr'>sanguine</span> <span class='ocrx_word' id='word_1_273' title='bbox 1326 2778 1454 2819; x_wconf 72' lang='lat' dir='ltr'>rubro,</span> 
     </span>
     <span class='ocr_line' id='line_1_43' title="bbox 470 2834 1464 2882; baseline -0.003 -9"><span class='ocrx_word' id='word_1_274' title='bbox 470 2836 660 2873; x_wconf 85' lang='lat' dir='ltr'>Victorum</span> <span class='ocrx_word' id='word_1_275' title='bbox 694 2835 792 2872; x_wconf 86' lang='lat' dir='ltr'>alme</span> <span class='ocrx_word' id='word_1_276' title='bbox 825 2834 976 2882; x_wconf 87' lang='lat' dir='ltr'>chorus,</span> <span class='ocrx_word' id='word_1_277' title='bbox 1010 2846 1076 2871; x_wconf 92' lang='lat' dir='ltr'>nos</span> <span class='ocrx_word' id='word_1_278' title='bbox 1109 2845 1196 2881; x_wconf 83' lang='lat' dir='ltr'>rege</span> <span class='ocrx_word' id='word_1_279' title='bbox 1229 2839 1269 2870; x_wconf 92' lang='lat' dir='ltr'>tu</span> <span class='ocrx_word' id='word_1_280' title='bbox 1298 2835 1464 2874; x_wconf 79' lang='lat' dir='ltr'>monitis,</span> 
     </span>
    </p>
   </div>
  </div>
 </body>
</html>
