1914 3223
173 270 240 308 85.

179 564 243 600 40.

181 863 247 901 45.

185 1455 250 1490 55.

185 1735 252 1771 60.

187 2299 256 2337 70.

189 2583 252 2621 75.

188 2866 254 2905 80.

270 266 454 314 Quidnam
485 264 553 302 tibi

327 323 492 360 dicemus
521 320 662 369 miseri,

271 387 369 433 Quas
398 383 538 431 gratias

330 439 536 478 referemus
568 438 650 484 tibi,

274 505 346 542 Per
376 513 483 550 quam
516 501 595 538 Deo

332 570 458 597 sumus
488 556 652 604 pacifici,

276 622 389 659 Iussis
419 621 497 657 eius

331 677 538 726 gaudentes
569 675 702 722 subici.

278 743 372 787 Ave,
404 740 508 785 virga

337 796 484 834 decoris
515 794 648 840 incliti,

279 860 336 897 Ex
368 857 495 895 radice

333 925 531 962 progressa
563 913 650 959 lsai,

277 978 412 1017 Colore
443 986 603 1013 vernans

334 1031 634 1079 incomparabili,

282 1098 398 1142 Quem
429 1094 589 1131 adorant

340 1155 543 1189 trementes
574 1150 710 1196 angeli.

284 1214 352 1260 Qui
384 1218 440 1250 est
470 1211 623 1249 verbum

338 1271 458 1318 patris
488 1268 658 1315 ingeniti,

281 1333 437 1373 Auctor.
471 1331 580 1367 dator

338 1393 375 1424 et
404 1387 509 1434 origo
540 1386 639 1431 boni,

282 1451 368 1497 Ipse
399 1450 451 1485 tui

340 1505 483 1543 fructus
514 1509 570 1541 est
598 1505 696 1541 uteri

282 1563 522 1609 Angelusque

338 1618 462 1667 magni
495 1617 653 1666 consilii,

282 1675 333 1713 Et
363 1685 476 1722 super
507 1675 604 1711 hunc

341 1732 438 1769 dono
469 1732 706 1778 septemplici

283 1788 500 1835 Requiescit

340 1845 496 1892 spiritus
526 1843 692 1881 Domini.

283 1902 423 1939 Domus
456 1901 532 1937 veri

340 1969 378 1995 es
409 1958 626 2003 sanctuarii,

242 2047 250 2055 .
282 2015 339 2052 De
369 2026 442 2062 qua
472 2019 623 2051 sanctus

337 2075 552 2108 sanctorum
585 2071 744 2121 concipi,

283 2129 396 2168 Cuius
428 2138 540 2165 carne

338 2185 502 2222 humana
533 2185 695 2234 contegi,

284 2241 396 2280 Cuius
427 2242 568 2279 sanctis

343 2298 515 2336 manibus
545 2298 662 2349 ablui,

284 2355 398 2394 Cuius
430 2355 564 2402 pannis

340 2412 459 2449 voluit
488 2412 607 2456 indui,

285 2469 399 2506 Cuius
427 2468 528 2506 lacte

342 2525 516 2573 dignatus
547 2530 605 2563 est
633 2525 696 2576 ali,

285 2583 353 2621 Cui
384 2582 514 2620 allusit

341 2649 444 2676 more
474 2637 651 2677 infantuli

284 2695 365 2732 Nec
396 2698 521 2733 renuit

341 2752 533 2790 subiectus
563 2753 730 2800 obsequi.

286 2809 340 2846 Te
372 2814 560 2847 carentem

341 2867 427 2904 labe
458 2867 619 2914 contagii

1015 498 1081 536 85.

1018 792 1082 829 90.

1022 1093 1089 1130 95.

999 1387 1090 1424 100.

1001 1674 1093 1714 105.

998 1960 1091 1998 110.

999 2243 1092 2281 115.

1003 2527 1094 2565 120.

1005 2811 1097 2848 125.

1110 259 1198 297 Sine
1229 268 1321 306 ruga

1167 311 1456 362 reprehensibili

1113 371 1333 415 Genuerunt

1170 431 1372 471 Israelitici

1117 497 1260 544 Patres,
1294 494 1374 532 Deo

1170 562 1319 598 semper
1348 548 1547 597 increduli,

1115 616 1219 653 Sicut,
1249 624 1371 651 rosam

1170 669 1369 718 proferunt
1399 667 1542 705 tribuli.

1117 735 1209 782 Ave,
1242 731 1333 769 felix

1171 794 1341 836 tempore
1372 786 1532 835 perpeti,

1118 852 1166 889 Et
1198 853 1268 889 hoc
1298 850 1406 888 n-›bis

1176 909 1223 945 da
1254 906 1439 952 beneficii,

1119 971 1176 1008 Ne
1207 982 1273 1008 nos
1305 980 1388 1006 reos

1177 1028 1308 1065 dentes
1340 1025 1484 1074 viperei

1124 1093 1330 1138 Apostatae

1176 1148 1382 1194 decerpant
1412 1144 1548 1191 angeli.

1121 1210 1217 1247 Oves
1249 1209 1346 1246 enim

1177 1265 1340 1314 pastoris
1371 1264 1503 1311 optimi

1120 1330 1193 1367 Ore
1224 1327 1373 1375 quaerit

1179 1383 1385 1422 insatiabili

1125 1447 1250 1494 Lupus
1281 1450 1402 1495 atrox,

1178 1501 1317 1541 furoris
1349 1502 1485 1552 rabidi,

1125 1560 1227 1597 Nulli
1259 1569 1419 1607 parcens

1177 1617 1271 1654 nulli
1305 1616 1418 1661 mitis,
1449 1615 1521 1651 nisi

1124 1675 1239 1721 Quem
1272 1672 1481 1710 subiectum

1179 1730 1233 1767 sic
1265 1729 1398 1767 fecerit
1429 1729 1514 1776 sibi,

1123 1787 1174 1826 Ut
1207 1787 1254 1824 de
1285 1797 1398 1824 caeno

1180 1843 1368 1882 volutabri
1399 1843 1469 1880 luti

1122 1901 1238 1938 Nulla
1268 1911 1359 1938 cura

1179 1957 1327 1995 laboret
1357 1956 1540 1996 abstrahi.

1123 2015 1217 2052 Eius
1248 2025 1336 2061 ergo

1181 2075 1390 2109 commenta
1420 2070 1601 2117 praeveni

1123 2129 1357 2175 Dolososque

1183 2190 1337 2222 conatus
1368 2184 1523 2230 impedi,

1124 2242 1182 2279 Ne
1213 2242 1312 2289 quod
1345 2241 1479 2278 vulnus

1180 2297 1325 2346 infligat
1355 2298 1518 2345 corpori,

1126 2356 1202 2393 Per
1231 2355 1330 2403 quod
1361 2355 1473 2392 morti

1185 2412 1300 2449 simus
1331 2411 1496 2461 obnoxii,

1126 2469 1216 2514 Fac,
1248 2473 1289 2506 ut
1319 2479 1425 2505 muro

1183 2524 1468 2573 inexpugnabili

1128 2583 1207 2620 Nos
1239 2582 1446 2619 circumdet

1187 2639 1305 2676 virtus
1337 2638 1546 2676 altithroni.

1131 2697 1170 2735 Si
1201 2696 1291 2743 quid
1322 2699 1446 2733 tamen

1186 2751 1289 2790 fraus
1317 2752 1527 2790 adversarii

1129 2809 1302 2847 Intulerit

1187 2865 1364 2914 figmento
1394 2863 1534 2913 fragili,
