1914 3223
128 290 194 329 11.

130 810 194 849 12.

129 1330 195 1369 13.

131 1987 197 2026 17.

134 2495 200 2535 18.

758 200 807 206 —-
871 175 1065 218 603.-

240 290 354 337 Ecce,
391 290 651 338 dilectissime,
948 290 1014 330 14.
1060 289 1176 327 Mane
1205 289 1266 326 vel
1299 288 1576 326 diluculum

299 345 467 384 breviter
497 347 639 384 audisti
1117 346 1278 384 hominis
1309 349 1367 382 est
1395 348 1528 389 status,

240 403 400 441 Factum
429 403 538 440 huius
570 403 746 454 volucris,
1059 404 1102 441 ln
1135 413 1207 450 quo
1238 401 1465 438 mirabiliter

297 459 378 507 sed,
410 459 442 496 si
473 459 690 507 meministi,
1117 459 1242 496 Adam
1274 462 1330 495 est
1361 462 1531 504 creatus;

240 515 416 553 Diximus
445 515 520 553 iam
550 516 740 563 primitus,
1063 516 1169 553 Hora
1199 515 1379 562 prima,
1411 514 1561 561 quando
1593 516 1649 550 est

298 572 386 620 quia
417 576 549 610 cantus
577 572 641 609 isti
1120 572 1291 610 Christus
1322 571 1563 618 incarnatus,

241 629 407 676 Mystice
437 629 664 666 conveniunt
1063 628 1285 666 Tertiam
1318 627 1379 664 dic
1409 628 1573 674 spatium

297 685 371 733 legi
410 686 498 722 Iesu
528 685 682 724 Christi.
1118 684 1196 722 eius
1227 684 1434 732 incolatus3

242 809 389 857 Restat,
423 813 464 847 ut
494 810 693 857 intellegas
954 810 1018 848 15.
1066 808 1289 855 Sextam,
1323 818 1405 844 cum
1437 819 1458 845 a
1489 806 1645 854 perfidis

299 876 383 903 esse
414 865 668 913 philomenam
1120 865 1238 902 voluit
1267 865 1391 912 ligari,

240 923 418 960 Animam
449 922 653 959 virtutibus
1063 922 1284 969 Flagellari‚
1318 921 1486 967 conspui,

298 982 335 1016 et
366 989 493 1017 amore
523 979 687 1025 plenam,
1120 978 1203 1015 dire
1234 978 1408 1023 cruciari,

241 1035 357 1085 Quae,
390 1036 478 1073 dum
508 1039 634 1073 mente
664 1035 805 1083 cogitat
1060 1036 1095 1072 A
1127 1034 1277 1072 Iudaeis
1308 1033 1466 1080 perfidis

297 1093 460 1139 patriam
497 1103 704 1139 amoenam,
1117 1090 1291 1138 nequiter
1322 1090 1492 1134 tractari,

242 1148 343 1187 Satis
375 1147 625 1187 favorabilem
1063 1146 1240 1195 Crucifigi
1274 1147 1445 1194 denique,

297 1206 393 1243 texit
424 1206 664 1243 cantilenam.
1118 1204 1237 1242 clavis
1268 1203 1466 1240 terebrari.

242 1330 306 1368 Ad
337 1333 576 1376 augmentum
609 1330 747 1366 etenim
950 1328 1018 1368 16.
1065 1327 1252 1366 Nonam
1284 1327 1357 1374 dic,
1390 1337 1473 1363 cum
1502 1326 1673 1375 moritur,

298 1397 387 1424 suae
418 1390 571 1424 sanctae
602 1386 683 1433 spei
1119 1384 1270 1431 quando
1302 1386 1580 1420 consummatus

241 1443 438 1489 Quaedam
470 1443 551 1480 dies
580 1443 740 1489 mystica
1064 1441 1205 1478 Cursus
1237 1444 1294 1476 est
1325 1439 1554 1483 certaminis,

301 1499 586 1537 demonstratur
617 1500 662 1547 ei,
1119 1497 1270 1544 quando
1300 1499 1500 1542 superatus

239 1556 361 1594 Porro
392 1555 588 1604 beneficia,
1061 1554 1133 1591 Est
1162 1553 1313 1590 omnino
1344 1552 1500 1589 zabulus

297 1623 393 1660 quae
425 1613 472 1650 de
502 1623 615 1649 manu
644 1611 717 1648 Dei
1117 1614 1154 1646 et
1185 1610 1272 1646 hinc
1303 1608 1545 1656 exturbatus3

239 1671 364 1709 Homo
395 1673 618 1707 consecutus
649 1672 718 1715 est,
1059 1667 1283 1713 Vesperam,
1318 1675 1401 1703 cum
1433 1664 1607 1702 Christus
1639 1667 1697 1701 est

298 1726 414 1764 horae
444 1730 531 1763 sunt
563 1724 673 1763 diei„
1116 1723 1335 1770 sepulturae
1366 1722 1488 1760 datuS.

565 1883 616 1921 II.
665 1882 856 1920 Cantus
898 1881 948 1919 in
988 1880 1245 1919 Diluculo.

241 1985 352 2024 Diem
382 1986 494 2023 istam
525 1984 650 2022 anima
950 1983 1015 2023 19.
1061 1982 1142 2031 Pie,
1173 1981 1308 2028 inquit,
1342 1980 1526 2029 conditor,

300 2052 534 2080 commorans
564 2040 603 2077 in
634 2039 754 2077 hortis
948 2042 951 2043 ’
1119 2038 1269 2084 quando
1299 2048 1358 2075 me
1389 2036 1538 2081 creasti,

245 2099 344 2137 Suae
374 2097 468 2136 facit
497 2098 696 2134 terminum
1062 2095 1181 2141 Quam
1211 2094 1261 2130 sit
1291 2098 1355 2131 tua
1385 2093 1507 2140 pietas

301 2154 486 2202 spiritalis
517 2154 664 2199 mortis,
1120 2151 1237 2199 larga,
1276 2149 1490 2192 declarasti,

243 2211 438 2251 Scandens
469 2210 592 2248 crucis
620 2210 807 2258 arborem,
1063 2207 1161 2245 Nam
1198 2210 1407 2244 consortem
1439 2204 1581 2252 gloriae

299 2269 339 2306 in
370 2279 443 2316 qua
474 2267 534 2305 leo
565 2265 676 2304 fortis
1121 2268 1207 2300 tuae
1239 2262 1412 2310 cogitasti

244 2323 352 2365 Vicit
381 2323 644 2362 adversarium
1063 2321 1209 2359 Facere
1239 2319 1416 2366 gratuito,

302 2379 436 2419 fractis
466 2380 599 2417 mortis
630 2379 764 2427 portis,
1120 2376 1238 2423 gratis
1269 2385 1379 2422 quam
1409 2373 1557 2412 amasti.

247 2494 384 2533 Statim
419 2493 545 2530 cordis
575 2504 718 2540 organa
955 2490 1021 2530 20.
1067 2489 1097 2528 Ο
1128 2499 1239 2536 quam
1270 2487 1366 2524 mira
1399 2487 1561 2534 dignitas

303 2561 452 2588 sursum
482 2549 685 2595 elevando,
1122 2545 1215 2582 mihi
1251 2548 1306 2581 est
1338 2553 1528 2590 concessa,

247 2607 363 2647 Suum
393 2618 417 2645 a
447 2606 679 2644 diluculo
1069 2601 1160 2640 Cum
1190 2602 1312 2648 imago
1343 2600 1492 2637 Domini

306 2668 456 2702 cantum
489 2662 702 2700 inchoando
1123 2658 1215 2695 mihi
1246 2661 1303 2694 est
1332 2657 1529 2704 impressa,

247 2720 402 2759 Laudat
433 2723 471 2756 et
501 2717 689 2767 glorificat
1070 2714 1144 2752 Sed
1178 2713 1357 2750 crevisset
1388 2712 1550 2758 amplius

305 2776 428 2814 Deum
459 2774 682 2822 replicando
1128 2770 1292 2817 dignitas
1324 2778 1511 2816 possessa,
1562 2805 1577 2820 ⁸

246 2833 308 2880 Ei,
339 2843 450 2880 quam
482 2830 678 2869 munificus
1069 2826 1154 2864 Nisi
1184 2827 1326 2863 iussum
1357 2824 1509 2862 Domini

307 2888 380 2927 fuit
409 2889 507 2926 hanc
538 2886 715 2925 creando,
1125 2881 1278 2920 fuissem
1310 2886 1558 2928 transgressa.
