1914 3223
732 234 785 239 -
844 212 924 251 405
988 236 1034 241 -

573 382 812 420 Christus
856 382 909 420 de
950 383 1189 423 ecclesia.

116 498 181 536 48.
214 496 348 542 Homo,
379 495 410 532 si
444 496 490 532 de
522 495 682 532 ecclesia
928 497 995 534 49.
1027 496 1196 533 Dextera
1230 502 1352 533 tamen
1386 496 1505 535 illius.

212 552 316 590 Scire
347 552 403 589 vis
435 552 626 598 aliqualia⁷
1026 554 1106 599 Qua
1137 564 1175 589 sc
1208 554 1303 599 regit
1334 554 1565 599 prosperius,

266 609 400 647 Laeva
431 608 514 646 eius
543 609 612 646 sub
642 609 768 655 eapite
1088 609 1129 646 ld
1163 616 1219 645 cst.
1251 620 1319 655 per
1350 610 1553 656 spiritalia,

213 666 315 714 Meo,
349 676 430 702 cuni
461 665 687 712 temporalia
1029 665 1325 712 Amplesabitm·
1357 666 1502 702 dulcius

216 723 322 760 Patri
355 726 441 759 sunt
473 722 721 759 reclamantia
1029 721 1096 759 Me
1128 723 1280 759 turbata
1312 728 1346 758 et
1380 722 1537 765 firmius,

268 779 472 816 Molestata
502 779 682 825 indebite,
1087 779 1178 816 Cum
1211 780 1289 816 eius
1321 791 1400 815 sum
1434 780 1594 827 tiducia3

214 836 272 873 Ita
303 836 431 882 pulsat
461 836 624 872 sollicite
1030 835 1126 874 Nam
1159 836 1263 872 unita
1294 836 1461 882 potentia

214 893 270 930 De
301 893 418 929 allata
448 892 582 929 illicite
1029 893 1063 929 A
1092 903 1159 928 sua
1191 892 1375 939 parifaria

269 949 344 986 Sua
375 949 480 996 gravi
513 949 696 988 molestia.
1085 949 1302 986 Recollecta
1332 949 1491 985 interius

211 1005 316 1052 Quod
346 1010 459 1052 caput
490 1005 617 1042 levare
648 1005 720 1042 rite
1028 1005 1183 1042 Fortior
1214 1007 1263 1042 ad
1294 1006 1484 1042 contraria

212 1063 370 1110 Oportet
402 1073 460 1099 me
490 1062 642 1099 insolite
1027 1062 1133 1099 Sicut
1163 1073 1271 1109 quam
1305 1061 1513 1099 multifaria

271 1121 342 1156 Pro
372 1119 521 1166 agenda
550 1119 707 1156 iustitia.
1084 1120 1132 1157 Se
1165 1119 1379 1157 diffundens
1411 1119 1588 1157 exterius.

491 1290 562 1327 Ad
599 1289 942 1336 impedientes
981 1289 1268 1336 spiritales.

117 1406 180 1444 50.
213 1403 375 1444 Adiuro,
395 1404 512 1450 igitur
546 1404 632 1450 piae
931 1404 997 1442 51.
1029 1403 1161 1449 Neque
1192 1403 1289 1440 lianc
1319 1403 1500 1450 eviqilore

211 1460 424 1498 Ierusalem
454 1472 520 1497 vos
550 1460 668 1507 filiae,
1028 1460 1222 1505 Faciatis‚·
1250 1460 1335 1496 dico
1370 1470 1504 1506 quare:

267 1518 326 1555 Ne
357 1528 402 1554 ex
433 1523 511 1554 toto
541 1510 729 1554 suscitetis
1086 1517 1180 1562 Quia
1212 1517 1325 1563 vigilo
1356 1528 1426 1563 pro
1456 1527 1510 1554 ea.

209 1575 318 1612 Hanc
349 1574 537 1622 dilectam,
573 1585 656 1610 nam
688 1571 786 1610 facie
1028 1575 1072 1612 In
1104 1584 1198 1620 pace
1231 1573 1343 1610 debet
1374 1584 1549 1621 pausare,

211 1632 338 1670 Prima
367 1632 472 1677 quasi
505 1631 651 1667 notorie
1026 1632 1128 1677 Quae
1155 1641 1343 1677 nunquam
1366 1631 1469 1667 novit
1492 1640 1660 1676 pugnare

266 1688 550 1734 Evidenterque
581 1687 730 1736 videtis,
1082 1687 1221 1736 Armis,
1256 1687 1364 1724 hasta
1396 1687 1455 1723 vel
1486 1687 1616 1734 galea3

209 1745 349 1792 Quodsi
380 1755 460 1782 eam
494 1744 725 1790 propulsetis
1025 1745 1165 1781 Preces
1197 1748 1233 1780 et
1264 1755 1336 1781 vox
1367 1750 1575 1790 spontanea

215 1803 258 1839 In
291 1802 447 1838 dextera
480 1812 548 1838 nec
580 1801 718 1837 curetis
1024 1801 1168 1838 Laudis
1199 1804 1286 1837 sunt
1317 1800 1395 1837 eius
1429 1799 1564 1845 ferrea,

266 1858 323 1895 De
353 1869 421 1895 sua
451 1858 489 1895 in
521 1868 580 1894 me
610 1858 753 1904 requie,
1082 1857 1224 1903 Quibus
1255 1858 1350 1894 solet
1381 1867 1421 1893 se
1452 1867 1612 1906 armare,

209 1915 285 1952 Vos
316 1925 399 1952 cum
431 1925 474 1952 ea
504 1914 757 1951 succumbetis
1022 1915 1158 1952 Donec
1189 1914 1289 1964 facta
1321 1914 1579 1951 Maccliabaea

210 1971 253 2008 In
285 1970 444 2020 foveam,
477 1983 586 2018 quam
619 1972 746 2008 scietis
1021 1970 1122 2019 Ipsa
1151 1971 1249 2016 velit,
1283 1971 1354 2007 nisi
1385 1982 1429 2008 ea

266 2028 428 2075 Magnae
458 2039 540 2065 esse
571 2028 760 2066 miseriae.
1081 2028 1167 2065 Non
1197 2028 1286 2066 licet
1317 2027 1390 2065 sibi
1421 2032 1588 2074 portare.

623 2198 778 2246 Virgo
811 2198 864 2235 de
892 2199 1129 2236 ecclesia.

115 2311 178 2350 52.
209 2310 314 2358 Quae
343 2314 395 2348 est
424 2311 512 2358 ista,
545 2322 644 2357 quae
668 2311 842 2348 ascendit
926 2313 992 2350 53.
1023 2311 1171 2348 lomim
1204 2310 1466 2357 potentissime

209 2368 269 2404 De
299 2367 453 2413 deserto,
485 2379 596 2414 quam
629 2367 803 2405 defendit
1024 2368 1194 2405 Fortiter
1225 2371 1260 2404 et
1292 2367 1506 2404 firmissime

265 2424 435 2462 Dilectus
467 2435 570 2461 meus
598 2423 728 2461 filius?
1079 2425 1205 2471 Super
1235 2435 1357 2460 meum
1389 2428 1502 2470 atque
1533 2435 1649 2461 suum

213 2481 300 2527 Ipsa
330 2485 405 2522 est,
438 2492 508 2527 pro
539 2493 611 2526 qua
643 2481 841 2518 descendit
1022 2482 1219 2519 Dilectum
1252 2481 1556 2518 constantissime

211 2537 262 2574 Et
290 2548 359 2584 pro
387 2542 461 2584 'qua
492 2549 598 2574 suum
628 2538 811 2586 expendit
1024 2539 1152 2584 Atque
1182 2537 1482 2574 immobilissime

266 2593 489 2641 Sanguinem
521 2594 581 2631 hie
610 2594 797 2642 inferius3
1078 2594 1251 2632 Manebit
1280 2594 1318 2630 in
1350 2600 1595 2641 perpetuum3

213 2649 406 2697 Synagoga
437 2649 508 2687 fuit
539 2652 657 2698 prius,
1021 2652 1117 2690 Eam
1148 2652 1310 2697 impetus
1342 2650 1534 2695 fluctuum,

213 2707 328 2752 Quam
361 2708 530 2746 relictam
562 2708 749 2755 propitius
1022 2708 1156 2745 Flatus
1187 2708 1289 2744 venti
1320 2708 1357 2744 in
1392 2718 1549 2744 vacuum

269 2764 312 2800 In
344 2765 492 2801 deserto
523 2765 790 2813 apprehendit,
1081 2765 1295 2811 Impingent
1326 2769 1361 2800 et
1390 2764 1605 2810 vanissime,

212 2818 269 2855 Eo
298 2820 397 2866 quod
428 2821 501 2857 iam
532 2821 705 2871 ulterius,
1023 2821 1323 2859 Sustentatorem
1355 2826 1548 2857 strenuum

214 2874 267 2912 Ut
297 2875 440 2914 deliciis
467 2878 629 2924 amplius
1023 2878 1151 2915 Habet
1181 2883 1292 2924 atque
1324 2878 1569 2924 praecipuum

268 2931 354 2969 Fiat
384 2934 563 2981 affluens,
595 2934 772 2973 intendit.
1080 2934 1381 2971 Fundamentum
1415 2934 1621 2980 potissime,
