<?xml version="1.0" encoding="UTF-8"?>
<!DOCTYPE html PUBLIC "-//W3C//DTD XHTML 1.0 Transitional//EN"
    "http://www.w3.org/TR/xhtml1/DTD/xhtml1-transitional.dtd">
<html xmlns="http://www.w3.org/1999/xhtml" xml:lang="en" lang="en">
 <head>
  <title>
</title>
<meta http-equiv="Content-Type" content="text/html;charset=utf-8" />
  <meta name='ocr-system' content='tesseract 3.04.00' />
  <meta name='ocr-capabilities' content='ocr_page ocr_carea ocr_par ocr_line ocrx_word'/>
</head>
<body>
  <div class='ocr_page' id='page_1' title='image "./hymnographilatin01drevuoft_0254.png"; bbox 0 0 2031 3289; ppageno 0'>
   <div class='ocr_carea' id='block_1_1' title="bbox 372 1116 437 1152">
    <p class='ocr_par' dir='ltr' id='par_1_1' title="bbox 372 1116 437 1152">
     <span class='ocr_line' id='line_1_1' title="bbox 372 1116 437 1152; baseline -0.015 0"><span class='ocrx_word' id='word_1_1' title='bbox 372 1116 437 1152; x_wconf 85' lang='lat'>59.</span> 
     </span>
    </p>
   </div>
   <div class='ocr_carea' id='block_1_2' title="bbox 374 1501 438 1538">
    <p class='ocr_par' dir='ltr' id='par_1_2' title="bbox 374 1501 438 1538">
     <span class='ocr_line' id='line_1_2' title="bbox 374 1501 438 1538; baseline 0 0"><span class='ocrx_word' id='word_1_2' title='bbox 374 1501 438 1538; x_wconf 90' lang='lat'>60.</span> 
     </span>
    </p>
   </div>
   <div class='ocr_carea' id='block_1_3' title="bbox 373 1886 435 1923">
    <p class='ocr_par' dir='ltr' id='par_1_3' title="bbox 373 1886 435 1923">
     <span class='ocr_line' id='line_1_3' title="bbox 373 1886 435 1923; baseline -0.016 0"><span class='ocrx_word' id='word_1_3' title='bbox 373 1886 435 1923; x_wconf 85' lang='lat'>61.</span> 
     </span>
    </p>
   </div>
   <div class='ocr_carea' id='block_1_4' title="bbox 374 2274 438 2311">
    <p class='ocr_par' dir='ltr' id='par_1_4' title="bbox 374 2274 438 2311">
     <span class='ocr_line' id='line_1_4' title="bbox 374 2274 438 2311; baseline 0.016 -1"><span class='ocrx_word' id='word_1_4' title='bbox 374 2274 438 2311; x_wconf 87' lang='grc'>62.</span> 
     </span>
    </p>
   </div>
   <div class='ocr_carea' id='block_1_5' title="bbox 375 2659 438 2696">
    <p class='ocr_par' dir='ltr' id='par_1_5' title="bbox 375 2659 438 2696">
     <span class='ocr_line' id='line_1_5' title="bbox 375 2659 438 2696; baseline -0.032 0"><span class='ocrx_word' id='word_1_5' title='bbox 375 2659 438 2696; x_wconf 84' lang='grc'>63.</span> 
     </span>
    </p>
   </div>
   <div class='ocr_carea' id='block_1_6' title="bbox 977 216 1285 258">
    <p class='ocr_par' dir='ltr' id='par_1_6' title="bbox 977 216 1285 258">
     <span class='ocr_line' id='line_1_6' title="bbox 977 216 1285 258; baseline 0 0"><span class='ocrx_word' id='word_1_6' title='bbox 977 216 1285 258; x_wconf 77' lang='lat'>-248—</span> 
     </span>
    </p>
   </div>
   <div class='ocr_carea' id='block_1_7' title="bbox 425 330 783 370">
    <p class='ocr_par' dir='ltr' id='par_1_7' title="bbox 425 330 783 370">
     <span class='ocr_line' id='line_1_7' title="bbox 425 330 783 370; baseline -0.008 -1"><span class='ocrx_word' id='word_1_7' title='bbox 425 362 433 370; x_wconf 95' lang='lat'><strong>.</strong></span> <span class='ocrx_word' id='word_1_8' title='bbox 466 332 573 369; x_wconf 86' lang='lat' dir='ltr'><strong>Istud</strong></span> <span class='ocrx_word' id='word_1_9' title='bbox 603 330 783 368; x_wconf 88' lang='lat' dir='ltr'>iudicium</span> 
     </span>
    </p>
   </div>
   <div class='ocr_carea' id='block_1_8' title="bbox 464 386 939 652">
    <p class='ocr_par' dir='ltr' id='par_1_8' title="bbox 465 386 788 426">
     <span class='ocr_line' id='line_1_8' title="bbox 465 386 788 426; baseline -0.012 0"><span class='ocrx_word' id='word_1_10' title='bbox 465 390 539 426; x_wconf 88' lang='lat' dir='ltr'>Per</span> <span class='ocrx_word' id='word_1_11' title='bbox 570 388 642 426; x_wconf 89' lang='lat' dir='ltr'>Dei</span> <span class='ocrx_word' id='word_1_12' title='bbox 673 386 788 423; x_wconf 88' lang='lat' dir='ltr'>filium</span> 
     </span>
    </p>

    <p class='ocr_par' dir='ltr' id='par_1_9' title="bbox 464 443 939 595">
     <span class='ocr_line' id='line_1_9' title="bbox 523 443 939 490; baseline -0.005 -8"><span class='ocrx_word' id='word_1_13' title='bbox 523 445 628 482; x_wconf 89' lang='lat' dir='ltr'>Tunc</span> <span class='ocrx_word' id='word_1_14' title='bbox 657 443 939 490; x_wconf 69' lang='lat' dir='ltr'>adimplebitur,</span> 
     </span>
     <span class='ocr_line' id='line_1_10' title="bbox 467 499 824 539; baseline -0.006 0"><span class='ocrx_word' id='word_1_15' title='bbox 467 502 559 539; x_wconf 86' lang='lat' dir='ltr'>Cum</span> <span class='ocrx_word' id='word_1_16' title='bbox 597 513 619 538; x_wconf 87' lang='lat' dir='ltr'>a</span> <span class='ocrx_word' id='word_1_17' title='bbox 649 499 824 537; x_wconf 89' lang='lat' dir='ltr'>fidelibus</span> 
     </span>
     <span class='ocr_line' id='line_1_11' title="bbox 464 556 762 595; baseline -0.01 0"><span class='ocrx_word' id='word_1_18' title='bbox 464 558 515 595; x_wconf 89' lang='lat' dir='ltr'>Et</span> <span class='ocrx_word' id='word_1_19' title='bbox 544 556 762 594; x_wconf 86' lang='lat' dir='ltr'>infidelibus</span> 
     </span>
    </p>

    <p class='ocr_par' dir='ltr' id='par_1_10' title="bbox 522 613 875 652">
     <span class='ocr_line' id='line_1_12' title="bbox 522 613 875 652; baseline 0 -1"><span class='ocrx_word' id='word_1_20' title='bbox 522 614 642 652; x_wconf 87' lang='lat' dir='ltr'>Iudex</span> <span class='ocrx_word' id='word_1_21' title='bbox 672 613 875 652; x_wconf 88' lang='lat' dir='ltr'>videbitur.</span> 
     </span>
    </p>
   </div>
   <div class='ocr_carea' id='block_1_9' title="bbox 464 721 916 1051">
    <p class='ocr_par' dir='ltr' id='par_1_11' title="bbox 464 721 916 1051">
     <span class='ocr_line' id='line_1_13' title="bbox 468 721 916 768; baseline -0.004 -10"><span class='ocrx_word' id='word_1_22' title='bbox 468 722 541 758; x_wconf 92' lang='lat' dir='ltr'>Hic</span> <span class='ocrx_word' id='word_1_23' title='bbox 571 722 732 768; x_wconf 89' lang='lat' dir='ltr'>primum</span> <span class='ocrx_word' id='word_1_24' title='bbox 765 721 916 757; x_wconf 89' lang='lat' dir='ltr'>humilis</span> 
     </span>
     <span class='ocr_line' id='line_1_14' title="bbox 464 777 843 825; baseline -0.005 -10"><span class='ocrx_word' id='word_1_25' title='bbox 464 779 515 815; x_wconf 87' lang='lat' dir='ltr'>Et</span> <span class='ocrx_word' id='word_1_26' title='bbox 548 777 843 825; x_wconf 85' lang='lat' dir='ltr'>contemptibilis</span> 
     </span>
     <span class='ocr_line' id='line_1_15' title="bbox 524 834 861 882; baseline -0.003 -11"><span class='ocrx_word' id='word_1_27' title='bbox 524 834 642 872; x_wconf 86' lang='lat' dir='ltr'>Vobis</span> <span class='ocrx_word' id='word_1_28' title='bbox 673 835 861 882; x_wconf 81' lang='lat' dir='ltr'>apparuit,</span> 
     </span>
     <span class='ocr_line' id='line_1_16' title="bbox 468 891 878 930; baseline -0.007 -1"><span class='ocrx_word' id='word_1_29' title='bbox 468 893 561 930; x_wconf 77' lang='lat' dir='ltr'>Cum</span> <span class='ocrx_word' id='word_1_30' title='bbox 592 891 661 928; x_wconf 91' lang='lat' dir='ltr'>sub</span> <span class='ocrx_word' id='word_1_31' title='bbox 695 891 878 928; x_wconf 89' lang='lat' dir='ltr'>velamine</span> 
     </span>
     <span class='ocr_line' id='line_1_17' title="bbox 470 947 858 994; baseline -0.01 -7"><span class='ocrx_word' id='word_1_32' title='bbox 470 948 603 988; x_wconf 90' lang='lat' dir='ltr'>Carnis</span> <span class='ocrx_word' id='word_1_33' title='bbox 637 948 682 984; x_wconf 89' lang='lat' dir='ltr'>de</span> <span class='ocrx_word' id='word_1_34' title='bbox 715 947 858 994; x_wconf 84' lang='lat' dir='ltr'>virgine</span> 
     </span>
     <span class='ocr_line' id='line_1_18' title="bbox 524 1004 861 1051; baseline 0 -9"><span class='ocrx_word' id='word_1_35' title='bbox 524 1005 707 1051; x_wconf 84' lang='lat' dir='ltr'>Suscepto</span> <span class='ocrx_word' id='word_1_36' title='bbox 738 1004 861 1042; x_wconf 85' lang='lat' dir='ltr'>latuit.</span> 
     </span>
    </p>
   </div>
   <div class='ocr_carea' id='block_1_10' title="bbox 469 1110 933 1434">
    <p class='ocr_par' dir='ltr' id='par_1_12' title="bbox 469 1110 933 1434">
     <span class='ocr_line' id='line_1_19' title="bbox 469 1110 933 1158; baseline -0.004 -8"><span class='ocrx_word' id='word_1_37' title='bbox 469 1113 544 1150; x_wconf 90' lang='lat' dir='ltr'>Sed</span> <span class='ocrx_word' id='word_1_38' title='bbox 575 1117 664 1149; x_wconf 87' lang='lat' dir='ltr'>tunc</span> <span class='ocrx_word' id='word_1_39' title='bbox 695 1122 790 1158; x_wconf 90' lang='lat' dir='ltr'>quae</span> <span class='ocrx_word' id='word_1_40' title='bbox 822 1110 933 1148; x_wconf 88' lang='lat' dir='ltr'>fuerit</span> 
     </span>
     <span class='ocr_line' id='line_1_20' title="bbox 469 1169 829 1216; baseline -0.003 -10"><span class='ocrx_word' id='word_1_41' title='bbox 469 1170 520 1206; x_wconf 86' lang='lat' dir='ltr'>Et</span> <span class='ocrx_word' id='word_1_42' title='bbox 550 1180 644 1216; x_wconf 88' lang='lat' dir='ltr'>quae</span> <span class='ocrx_word' id='word_1_43' title='bbox 675 1169 829 1206; x_wconf 89' lang='lat' dir='ltr'>latuerit</span> 
     </span>
     <span class='ocr_line' id='line_1_21' title="bbox 527 1225 821 1272; baseline -0.01 -8"><span class='ocrx_word' id='word_1_44' title='bbox 527 1225 821 1272; x_wconf 86' lang='lat' dir='ltr'>Omnipotentia,</span> 
     </span>
     <span class='ocr_line' id='line_1_22' title="bbox 472 1282 908 1321; baseline -0.007 0"><span class='ocrx_word' id='word_1_45' title='bbox 472 1282 741 1321; x_wconf 82' lang='lat' dir='ltr'>Monstrabunt</span> <span class='ocrx_word' id='word_1_46' title='bbox 771 1282 908 1319; x_wconf 90' lang='lat' dir='ltr'>iudicis</span> 
     </span>
     <span class='ocr_line' id='line_1_23' title="bbox 470 1339 880 1377; baseline -0.002 -1"><span class='ocrx_word' id='word_1_47' title='bbox 470 1340 611 1377; x_wconf 87' lang='lat' dir='ltr'>Nutum</span> <span class='ocrx_word' id='word_1_48' title='bbox 643 1349 688 1376; x_wconf 88' lang='lat' dir='ltr'>ac</span> <span class='ocrx_word' id='word_1_49' title='bbox 718 1339 880 1376; x_wconf 84' lang='lat' dir='ltr'>vindicis</span> 
     </span>
     <span class='ocr_line' id='line_1_24' title="bbox 528 1396 912 1434; baseline 0 0"><span class='ocrx_word' id='word_1_50' title='bbox 528 1397 672 1434; x_wconf 88' lang='lat' dir='ltr'>Cuncta</span> <span class='ocrx_word' id='word_1_51' title='bbox 700 1396 912 1434; x_wconf 85' lang='lat' dir='ltr'>trementia.</span> 
     </span>
    </p>
   </div>
   <div class='ocr_carea' id='block_1_11' title="bbox 468 1498 979 1830">
    <p class='ocr_par' dir='ltr' id='par_1_13' title="bbox 468 1498 979 1830">
     <span class='ocr_line' id='line_1_25' title="bbox 472 1498 947 1544; baseline -0.004 -8"><span class='ocrx_word' id='word_1_52' title='bbox 472 1500 578 1536; x_wconf 89' lang='lat' dir='ltr'>Tunc</span> <span class='ocrx_word' id='word_1_53' title='bbox 608 1502 732 1535; x_wconf 87' lang='lat' dir='ltr'>terror</span> <span class='ocrx_word' id='word_1_54' title='bbox 762 1498 947 1544; x_wconf 88' lang='lat' dir='ltr'>pessimus</span> 
     </span>
     <span class='ocr_line' id='line_1_26' title="bbox 470 1554 902 1593; baseline -0.005 0"><span class='ocrx_word' id='word_1_55' title='bbox 470 1556 521 1593; x_wconf 90' lang='lat' dir='ltr'>Et</span> <span class='ocrx_word' id='word_1_56' title='bbox 552 1556 688 1592; x_wconf 88' lang='lat' dir='ltr'>horror</span> <span class='ocrx_word' id='word_1_57' title='bbox 717 1554 902 1592; x_wconf 83' lang='lat' dir='ltr'>maximus</span> 
     </span>
     <span class='ocr_line' id='line_1_27' title="bbox 526 1611 897 1652; baseline -0.005 -3"><span class='ocrx_word' id='word_1_58' title='bbox 526 1612 665 1650; x_wconf 82' lang='lat' dir='ltr'>Orbem</span> <span class='ocrx_word' id='word_1_59' title='bbox 698 1611 897 1652; x_wconf 72' lang='lat' dir='ltr'>concutiet,</span> 
     </span>
     <span class='ocr_line' id='line_1_28' title="bbox 470 1667 979 1716; baseline -0.006 -10"><span class='ocrx_word' id='word_1_60' title='bbox 470 1670 588 1716; x_wconf 83' lang='lat' dir='ltr'>Tunc,</span> <span class='ocrx_word' id='word_1_61' title='bbox 621 1668 805 1715; x_wconf 88' lang='lat' dir='ltr'>quidquid</span> <span class='ocrx_word' id='word_1_62' title='bbox 836 1667 979 1704; x_wconf 88' lang='lat' dir='ltr'>firmius</span> 
     </span>
     <span class='ocr_line' id='line_1_29' title="bbox 468 1725 798 1772; baseline -0.009 -9"><span class='ocrx_word' id='word_1_63' title='bbox 468 1728 597 1772; x_wconf 85' lang='lat' dir='ltr'>Atque</span> <span class='ocrx_word' id='word_1_64' title='bbox 625 1725 798 1762; x_wconf 84' lang='lat' dir='ltr'>stabilius</span> 
     </span>
     <span class='ocr_line' id='line_1_30' title="bbox 525 1781 838 1830; baseline 0.003 -11"><span class='ocrx_word' id='word_1_65' title='bbox 525 1782 624 1830; x_wconf 82' lang='lat' dir='ltr'>Erit,</span> <span class='ocrx_word' id='word_1_66' title='bbox 658 1781 838 1828; x_wconf 85' lang='lat' dir='ltr'>diffugiet.</span> 
     </span>
    </p>
   </div>
   <div class='ocr_carea' id='block_1_12' title="bbox 469 1883 871 2215">
    <p class='ocr_par' dir='ltr' id='par_1_14' title="bbox 469 1883 871 2215">
     <span class='ocr_line' id='line_1_31' title="bbox 469 1883 871 1931; baseline -0.01 -8"><span class='ocrx_word' id='word_1_67' title='bbox 469 1885 621 1923; x_wconf 82' lang='lat' dir='ltr'>Caelum</span> <span class='ocrx_word' id='word_1_68' title='bbox 654 1883 871 1931; x_wconf 64' lang='lat' dir='ltr'>plicabitur„</span> 
     </span>
     <span class='ocr_line' id='line_1_32' title="bbox 470 1940 829 1985; baseline -0.006 -7"><span class='ocrx_word' id='word_1_69' title='bbox 470 1942 578 1979; x_wconf 86' lang='lat' dir='ltr'>Mare</span> <span class='ocrx_word' id='word_1_70' title='bbox 610 1940 829 1985; x_wconf 88' lang='lat' dir='ltr'>siccabitur,</span> 
     </span>
     <span class='ocr_line' id='line_1_33' title="bbox 526 1996 838 2044; baseline -0.01 -9"><span class='ocrx_word' id='word_1_71' title='bbox 526 1998 645 2035; x_wconf 86' lang='lat' dir='ltr'>Terra</span> <span class='ocrx_word' id='word_1_72' title='bbox 677 1996 838 2044; x_wconf 82' lang='lat' dir='ltr'>deficiet⁷</span> 
     </span>
     <span class='ocr_line' id='line_1_34' title="bbox 472 2053 861 2092; baseline -0.008 0"><span class='ocrx_word' id='word_1_73' title='bbox 472 2055 551 2092; x_wconf 86' lang='lat' dir='ltr'>Iam</span> <span class='ocrx_word' id='word_1_74' title='bbox 582 2054 677 2092; x_wconf 85' lang='lat' dir='ltr'>nihil</span> <span class='ocrx_word' id='word_1_75' title='bbox 708 2053 861 2091; x_wconf 87' lang='lat' dir='ltr'>seminis</span> 
     </span>
     <span class='ocr_line' id='line_1_35' title="bbox 473 2111 865 2158; baseline -0.005 -10"><span class='ocrx_word' id='word_1_76' title='bbox 473 2112 654 2158; x_wconf 76' lang='lat' dir='ltr'>Nihilque</span> <span class='ocrx_word' id='word_1_77' title='bbox 686 2111 865 2158; x_wconf 84' lang='lat' dir='ltr'>germinis</span> 
     </span>
     <span class='ocr_line' id='line_1_36' title="bbox 526 2168 868 2215; baseline -0.003 -9"><span class='ocrx_word' id='word_1_78' title='bbox 526 2169 635 2207; x_wconf 90' lang='lat' dir='ltr'>Ultra</span> <span class='ocrx_word' id='word_1_79' title='bbox 667 2168 868 2215; x_wconf 81' lang='lat' dir='ltr'>parturiet.</span> 
     </span>
    </p>
   </div>
   <div class='ocr_carea' id='block_1_13' title="bbox 470 2270 932 2592">
    <p class='ocr_par' dir='ltr' id='par_1_15' title="bbox 470 2270 932 2592">
     <span class='ocr_line' id='line_1_37' title="bbox 472 2270 814 2311; baseline -0.012 -1"><span class='ocrx_word' id='word_1_80' title='bbox 472 2273 525 2311; x_wconf 86' lang='lat' dir='ltr'>Ut</span> <span class='ocrx_word' id='word_1_81' title='bbox 554 2271 657 2308; x_wconf 85' lang='lat' dir='ltr'>unda</span> <span class='ocrx_word' id='word_1_82' title='bbox 686 2270 814 2308; x_wconf 89' lang='lat' dir='ltr'>labilis</span> 
     </span>
     <span class='ocr_line' id='line_1_38' title="bbox 471 2327 809 2365; baseline -0.003 -1"><span class='ocrx_word' id='word_1_83' title='bbox 471 2329 589 2365; x_wconf 87' lang='lat' dir='ltr'>Nutat</span> <span class='ocrx_word' id='word_1_84' title='bbox 618 2327 809 2365; x_wconf 88' lang='lat' dir='ltr'>instabilis</span> 
     </span>
     <span class='ocr_line' id='line_1_39' title="bbox 528 2383 932 2431; baseline -0.005 -10"><span class='ocrx_word' id='word_1_85' title='bbox 528 2384 730 2431; x_wconf 79' lang='lat' dir='ltr'>Longaeva</span> <span class='ocrx_word' id='word_1_86' title='bbox 760 2383 932 2430; x_wconf 86' lang='lat' dir='ltr'>firmitas,</span> 
     </span>
     <span class='ocr_line' id='line_1_40' title="bbox 471 2441 832 2480; baseline -0.006 -1"><span class='ocrx_word' id='word_1_87' title='bbox 471 2442 522 2480; x_wconf 92' lang='lat' dir='ltr'>Ut</span> <span class='ocrx_word' id='word_1_88' title='bbox 555 2451 641 2478; x_wconf 88' lang='lat' dir='ltr'>cera</span> <span class='ocrx_word' id='word_1_89' title='bbox 671 2441 832 2478; x_wconf 88' lang='lat' dir='ltr'>solvitur</span> 
     </span>
     <span class='ocr_line' id='line_1_41' title="bbox 470 2497 833 2547; baseline -0.008 -11"><span class='ocrx_word' id='word_1_90' title='bbox 470 2499 572 2547; x_wconf 80' lang='lat' dir='ltr'>Igne,</span> <span class='ocrx_word' id='word_1_91' title='bbox 611 2497 833 2535; x_wconf 85' lang='lat' dir='ltr'>dissolvitur</span> 
     </span>
     <span class='ocr_line' id='line_1_42' title="bbox 528 2554 886 2592; baseline -0.006 0"><span class='ocrx_word' id='word_1_92' title='bbox 528 2555 669 2592; x_wconf 87' lang='lat' dir='ltr'>Terrae</span> <span class='ocrx_word' id='word_1_93' title='bbox 700 2554 886 2591; x_wconf 83' lang='lat' dir='ltr'>soliditas.</span> 
     </span>
    </p>
   </div>
   <div class='ocr_carea' id='block_1_14' title="bbox 472 2654 944 2987">
    <p class='ocr_par' dir='ltr' id='par_1_16' title="bbox 472 2654 944 2987">
     <span class='ocr_line' id='line_1_43' title="bbox 473 2654 924 2702; baseline -0.007 -8"><span class='ocrx_word' id='word_1_94' title='bbox 473 2657 578 2694; x_wconf 85' lang='lat' dir='ltr'>Tunc</span> <span class='ocrx_word' id='word_1_95' title='bbox 608 2657 711 2693; x_wconf 84' lang='lat' dir='ltr'>latex</span> <span class='ocrx_word' id='word_1_96' title='bbox 744 2654 924 2702; x_wconf 86' lang='lat' dir='ltr'>fontibus,</span> 
     </span>
     <span class='ocr_line' id='line_1_44' title="bbox 472 2712 859 2751; baseline -0.008 0"><span class='ocrx_word' id='word_1_97' title='bbox 472 2714 610 2751; x_wconf 89' lang='lat' dir='ltr'>Cursus</span> <span class='ocrx_word' id='word_1_98' title='bbox 642 2712 859 2750; x_wconf 88' lang='lat' dir='ltr'>fluminibus</span> 
     </span>
     <span class='ocr_line' id='line_1_45' title="bbox 531 2768 918 2816; baseline -0.005 -9"><span class='ocrx_word' id='word_1_99' title='bbox 531 2771 688 2807; x_wconf 88' lang='lat' dir='ltr'>Prorsus</span> <span class='ocrx_word' id='word_1_100' title='bbox 719 2768 918 2816; x_wconf 80' lang='lat' dir='ltr'>negabitur</span> 
     </span>
     <span class='ocr_line' id='line_1_46' title="bbox 473 2826 812 2871; baseline -0.006 -7"><span class='ocrx_word' id='word_1_101' title='bbox 473 2827 523 2864; x_wconf 85' lang='lat' dir='ltr'>Et</span> <span class='ocrx_word' id='word_1_102' title='bbox 555 2827 614 2863; x_wconf 78' lang='lat' dir='ltr'>via</span> <span class='ocrx_word' id='word_1_103' title='bbox 643 2826 812 2871; x_wconf 82' lang='lat' dir='ltr'>navibus,</span> 
     </span>
     <span class='ocr_line' id='line_1_47' title="bbox 475 2882 792 2921; baseline 0 -2"><span class='ocrx_word' id='word_1_104' title='bbox 475 2883 628 2919; x_wconf 68' lang='lat' dir='ltr'>Volatus</span> <span class='ocrx_word' id='word_1_105' title='bbox 660 2882 792 2921; x_wconf 86' lang='lat' dir='ltr'>avibus</span> 
     </span>
     <span class='ocr_line' id='line_1_48' title="bbox 535 2938 944 2987; baseline -0.005 -11"><span class='ocrx_word' id='word_1_106' title='bbox 535 2940 639 2976; x_wconf 81' lang='lat' dir='ltr'>Tunc</span> <span class='ocrx_word' id='word_1_107' title='bbox 669 2938 944 2987; x_wconf 85' lang='lat' dir='ltr'>prohibebitur.</span> 
     </span>
    </p>
   </div>
   <div class='ocr_carea' id='block_1_15' title="bbox 1180 333 1244 370">
    <p class='ocr_par' dir='ltr' id='par_1_17' title="bbox 1180 333 1244 370">
     <span class='ocr_line' id='line_1_49' title="bbox 1180 333 1244 370; baseline -0.047 0"><span class='ocrx_word' id='word_1_108' title='bbox 1180 333 1244 370; x_wconf 86' lang='lat'>64.</span> 
     </span>
    </p>
   </div>
   <div class='ocr_carea' id='block_1_16' title="bbox 1184 722 1250 759">
    <p class='ocr_par' dir='ltr' id='par_1_18' title="bbox 1184 722 1250 759">
     <span class='ocr_line' id='line_1_50' title="bbox 1184 722 1250 759; baseline 0.015 -1"><span class='ocrx_word' id='word_1_109' title='bbox 1184 722 1250 759; x_wconf 85' lang='lat'>65.</span> 
     </span>
    </p>
   </div>
   <div class='ocr_carea' id='block_1_17' title="bbox 1185 1113 1250 1151">
    <p class='ocr_par' dir='ltr' id='par_1_19' title="bbox 1185 1113 1250 1151">
     <span class='ocr_line' id='line_1_51' title="bbox 1185 1113 1250 1151; baseline 0.031 -2"><span class='ocrx_word' id='word_1_110' title='bbox 1185 1113 1250 1151; x_wconf 79' lang='lat'>66.</span> 
     </span>
    </p>
   </div>
   <div class='ocr_carea' id='block_1_18' title="bbox 1189 1498 1254 1536">
    <p class='ocr_par' dir='ltr' id='par_1_20' title="bbox 1189 1498 1254 1536">
     <span class='ocr_line' id='line_1_52' title="bbox 1189 1498 1254 1536; baseline 0.015 -1"><span class='ocrx_word' id='word_1_111' title='bbox 1189 1498 1254 1536; x_wconf 83' lang='lat'>67.</span> 
     </span>
    </p>
   </div>
   <div class='ocr_carea' id='block_1_19' title="bbox 1188 1882 1252 1920">
    <p class='ocr_par' dir='ltr' id='par_1_21' title="bbox 1188 1882 1252 1920">
     <span class='ocr_line' id='line_1_53' title="bbox 1188 1882 1252 1920; baseline -0.016 0"><span class='ocrx_word' id='word_1_112' title='bbox 1188 1882 1252 1920; x_wconf 88' lang='grc'>68.</span> 
     </span>
    </p>
   </div>
   <div class='ocr_carea' id='block_1_20' title="bbox 1187 2269 1254 2307">
    <p class='ocr_par' dir='ltr' id='par_1_22' title="bbox 1187 2269 1254 2307">
     <span class='ocr_line' id='line_1_54' title="bbox 1187 2269 1254 2307; baseline -0.015 0"><span class='ocrx_word' id='word_1_113' title='bbox 1187 2269 1254 2307; x_wconf 82' lang='grc'>69.</span> 
     </span>
    </p>
   </div>
   <div class='ocr_carea' id='block_1_21' title="bbox 1191 2654 1255 2691">
    <p class='ocr_par' dir='ltr' id='par_1_23' title="bbox 1191 2654 1255 2691">
     <span class='ocr_line' id='line_1_55' title="bbox 1191 2654 1255 2691; baseline -0.016 0"><span class='ocrx_word' id='word_1_114' title='bbox 1191 2654 1255 2691; x_wconf 87' lang='grc'>70.</span> 
     </span>
    </p>
   </div>
   <div class='ocr_carea' id='block_1_22' title="bbox 1277 330 1777 651">
    <p class='ocr_par' dir='ltr' id='par_1_24' title="bbox 1277 330 1777 490">
     <span class='ocr_line' id='line_1_56' title="bbox 1277 330 1763 379; baseline 0.002 -11"><span class='ocrx_word' id='word_1_115' title='bbox 1277 331 1383 368; x_wconf 92' lang='lat' dir='ltr'>Tunc</span> <span class='ocrx_word' id='word_1_116' title='bbox 1415 330 1529 367; x_wconf 87' lang='lat' dir='ltr'>decus</span> <span class='ocrx_word' id='word_1_117' title='bbox 1559 341 1763 379; x_wconf 89' lang='lat' dir='ltr'>nemorum,</span> 
     </span>
     <span class='ocr_line' id='line_1_57' title="bbox 1278 385 1777 436; baseline 0.006 -14"><span class='ocrx_word' id='word_1_118' title='bbox 1278 387 1381 423; x_wconf 80' lang='lat' dir='ltr'>Tunc</span> <span class='ocrx_word' id='word_1_119' title='bbox 1411 385 1556 424; x_wconf 86' lang='lat' dir='ltr'>fructus</span> <span class='ocrx_word' id='word_1_120' title='bbox 1588 387 1777 436; x_wconf 79' lang='lat' dir='ltr'>arborum,</span> 
     </span>
     <span class='ocr_line' id='line_1_58' title="bbox 1335 444 1701 490; baseline 0.003 -10"><span class='ocrx_word' id='word_1_121' title='bbox 1335 444 1509 490; x_wconf 85' lang='lat' dir='ltr'>Quaeque</span> <span class='ocrx_word' id='word_1_122' title='bbox 1539 444 1701 481; x_wconf 73' lang='lat' dir='ltr'>virentia</span> 
     </span>
    </p>

    <p class='ocr_par' dir='ltr' id='par_1_25' title="bbox 1277 498 1700 651">
     <span class='ocr_line' id='line_1_59' title="bbox 1277 498 1624 537; baseline 0.003 -1"><span class='ocrx_word' id='word_1_123' title='bbox 1277 500 1437 536; x_wconf 89' lang='lat' dir='ltr'>Adustis</span> <span class='ocrx_word' id='word_1_124' title='bbox 1467 498 1624 537; x_wconf 87' lang='lat' dir='ltr'>floribus</span> 
     </span>
     <span class='ocr_line' id='line_1_60' title="bbox 1280 555 1642 594; baseline -0.003 0"><span class='ocrx_word' id='word_1_125' title='bbox 1280 555 1580 594; x_wconf 85' lang='lat' dir='ltr'>Delectabilibus</span> <span class='ocrx_word' id='word_1_126' title='bbox 1637 564 1642 568; x_wconf 89' lang='lat'>&#39;</span> 
     </span>
     <span class='ocr_line' id='line_1_61' title="bbox 1338 613 1700 651; baseline 0.006 -2"><span class='ocrx_word' id='word_1_127' title='bbox 1338 613 1513 649; x_wconf 86' lang='lat' dir='ltr'>Marcent</span> <span class='ocrx_word' id='word_1_128' title='bbox 1542 613 1700 651; x_wconf 87' lang='lat' dir='ltr'>arentia.</span> 
     </span>
    </p>
   </div>
   <div class='ocr_carea' id='block_1_23' title="bbox 1283 719 1733 1049">
    <p class='ocr_par' dir='ltr' id='par_1_26' title="bbox 1283 719 1733 1049">
     <span class='ocr_line' id='line_1_62' title="bbox 1284 719 1706 767; baseline 0 -11"><span class='ocrx_word' id='word_1_129' title='bbox 1284 720 1368 757; x_wconf 90' lang='lat' dir='ltr'>Non</span> <span class='ocrx_word' id='word_1_130' title='bbox 1399 731 1495 766; x_wconf 90' lang='lat' dir='ltr'>aqua</span> <span class='ocrx_word' id='word_1_131' title='bbox 1527 719 1706 767; x_wconf 87' lang='lat' dir='ltr'>piscibus,</span> 
     </span>
     <span class='ocr_line' id='line_1_63' title="bbox 1284 776 1626 813; baseline -0.006 0"><span class='ocrx_word' id='word_1_132' title='bbox 1284 776 1367 813; x_wconf 87' lang='lat' dir='ltr'>Non</span> <span class='ocrx_word' id='word_1_133' title='bbox 1399 787 1464 813; x_wconf 90' lang='lat' dir='ltr'>aer</span> <span class='ocrx_word' id='word_1_134' title='bbox 1494 776 1626 813; x_wconf 84' lang='lat' dir='ltr'>avibus</span> 
     </span>
     <span class='ocr_line' id='line_1_64' title="bbox 1339 831 1733 878; baseline 0 -8"><span class='ocrx_word' id='word_1_135' title='bbox 1339 833 1445 870; x_wconf 89' lang='lat' dir='ltr'>Tunc</span> <span class='ocrx_word' id='word_1_136' title='bbox 1476 831 1733 878; x_wconf 77' lang='lat' dir='ltr'>famulabitur,</span> 
     </span>
     <span class='ocr_line' id='line_1_65' title="bbox 1283 889 1710 927; baseline -0.002 0"><span class='ocrx_word' id='word_1_137' title='bbox 1283 890 1358 927; x_wconf 90' lang='lat' dir='ltr'>Sed</span> <span class='ocrx_word' id='word_1_138' title='bbox 1388 899 1458 926; x_wconf 90' lang='lat' dir='ltr'>nec</span> <span class='ocrx_word' id='word_1_139' title='bbox 1487 889 1710 926; x_wconf 83' lang='lat' dir='ltr'>mortalibus</span> 
     </span>
     <span class='ocr_line' id='line_1_66' title="bbox 1283 945 1623 992; baseline -0.003 -9"><span class='ocrx_word' id='word_1_140' title='bbox 1283 946 1430 983; x_wconf 86' lang='lat' dir='ltr'>Calcari</span> <span class='ocrx_word' id='word_1_141' title='bbox 1463 945 1623 992; x_wconf 88' lang='lat' dir='ltr'>pedibus</span> 
     </span>
     <span class='ocr_line' id='line_1_67' title="bbox 1340 1002 1729 1049; baseline 0.005 -11"><span class='ocrx_word' id='word_1_142' title='bbox 1340 1003 1468 1039; x_wconf 89' lang='lat' dir='ltr'>Tellus</span> <span class='ocrx_word' id='word_1_143' title='bbox 1500 1002 1729 1049; x_wconf 82' lang='lat' dir='ltr'>dignabitur.</span> 
     </span>
    </p>
   </div>
   <div class='ocr_carea' id='block_1_24' title="bbox 1279 1110 1720 1441">
    <p class='ocr_par' dir='ltr' id='par_1_27' title="bbox 1279 1110 1720 1441">
     <span class='ocr_line' id='line_1_68' title="bbox 1279 1110 1710 1160; baseline -0.002 -13"><span class='ocrx_word' id='word_1_144' title='bbox 1279 1110 1513 1157; x_wconf 84' lang='lat' dir='ltr'>Flagrabunt</span> <span class='ocrx_word' id='word_1_145' title='bbox 1544 1110 1710 1160; x_wconf 84' lang='lat' dir='ltr'>aethera,</span> 
     </span>
     <span class='ocr_line' id='line_1_69' title="bbox 1284 1167 1669 1214; baseline 0 -11"><span class='ocrx_word' id='word_1_146' title='bbox 1284 1167 1509 1214; x_wconf 85' lang='lat' dir='ltr'>Nigrescent</span> <span class='ocrx_word' id='word_1_147' title='bbox 1539 1168 1669 1204; x_wconf 87' lang='lat' dir='ltr'>sidera</span> 
     </span>
     <span class='ocr_line' id='line_1_70' title="bbox 1339 1224 1668 1269; baseline -0.006 -8"><span class='ocrx_word' id='word_1_148' title='bbox 1339 1224 1486 1269; x_wconf 84' lang='lat' dir='ltr'>Fugato</span> <span class='ocrx_word' id='word_1_149' title='bbox 1516 1224 1668 1269; x_wconf 86' lang='lat' dir='ltr'>lumine,</span> 
     </span>
     <span class='ocr_line' id='line_1_71' title="bbox 1283 1281 1720 1327; baseline 0.002 -10"><span class='ocrx_word' id='word_1_150' title='bbox 1283 1281 1389 1318; x_wconf 87' lang='lat' dir='ltr'>Tunc</span> <span class='ocrx_word' id='word_1_151' title='bbox 1419 1291 1492 1317; x_wconf 85' lang='lat' dir='ltr'>nox</span> <span class='ocrx_word' id='word_1_152' title='bbox 1524 1284 1720 1327; x_wconf 86' lang='lat' dir='ltr'>perpetua,</span> 
     </span>
     <span class='ocr_line' id='line_1_72' title="bbox 1284 1337 1655 1382; baseline -0.003 -8"><span class='ocrx_word' id='word_1_153' title='bbox 1284 1337 1369 1375; x_wconf 86' lang='lat' dir='ltr'>Nox</span> <span class='ocrx_word' id='word_1_154' title='bbox 1400 1337 1494 1374; x_wconf 89' lang='lat' dir='ltr'>lucis</span> <span class='ocrx_word' id='word_1_155' title='bbox 1524 1348 1655 1382; x_wconf 83' lang='lat' dir='ltr'>vacua,</span> 
     </span>
     <span class='ocr_line' id='line_1_73' title="bbox 1340 1394 1642 1441; baseline -0.003 -10"><span class='ocrx_word' id='word_1_156' title='bbox 1340 1394 1434 1431; x_wconf 86' lang='lat' dir='ltr'>Dira</span> <span class='ocrx_word' id='word_1_157' title='bbox 1470 1394 1642 1441; x_wconf 85' lang='lat' dir='ltr'>caligine,</span> 
     </span>
    </p>
   </div>
   <div class='ocr_carea' id='block_1_25' title="bbox 1284 1495 1713 1826">
    <p class='ocr_par' dir='ltr' id='par_1_28' title="bbox 1284 1495 1713 1826">
     <span class='ocr_line' id='line_1_74' title="bbox 1287 1495 1668 1532; baseline 0 0"><span class='ocrx_word' id='word_1_158' title='bbox 1287 1496 1418 1532; x_wconf 86' lang='lat' dir='ltr'>Ventis</span> <span class='ocrx_word' id='word_1_159' title='bbox 1450 1499 1487 1532; x_wconf 87' lang='lat' dir='ltr'>et</span> <span class='ocrx_word' id='word_1_160' title='bbox 1517 1495 1668 1532; x_wconf 87' lang='lat' dir='ltr'>turbine</span> 
     </span>
     <span class='ocr_line' id='line_1_75' title="bbox 1286 1552 1669 1590; baseline -0.003 -1"><span class='ocrx_word' id='word_1_161' title='bbox 1286 1553 1400 1589; x_wconf 84' lang='lat' dir='ltr'>Nullo</span> <span class='ocrx_word' id='word_1_162' title='bbox 1430 1553 1503 1590; x_wconf 90' lang='lat' dir='ltr'>iam</span> <span class='ocrx_word' id='word_1_163' title='bbox 1536 1552 1669 1589; x_wconf 88' lang='lat' dir='ltr'>ordine</span> 
     </span>
     <span class='ocr_line' id='line_1_76' title="bbox 1340 1609 1713 1655; baseline -0.005 -9"><span class='ocrx_word' id='word_1_164' title='bbox 1340 1609 1524 1647; x_wconf 87' lang='lat' dir='ltr'>Mundum</span> <span class='ocrx_word' id='word_1_165' title='bbox 1555 1609 1713 1655; x_wconf 77' lang='lat' dir='ltr'>operiet,</span> 
     </span>
     <span class='ocr_line' id='line_1_77' title="bbox 1284 1666 1692 1712; baseline -0.002 -10"><span class='ocrx_word' id='word_1_166' title='bbox 1284 1666 1388 1702; x_wconf 87' lang='lat' dir='ltr'>Tunc</span> <span class='ocrx_word' id='word_1_167' title='bbox 1417 1666 1524 1702; x_wconf 86' lang='lat' dir='ltr'>hians</span> <span class='ocrx_word' id='word_1_168' title='bbox 1556 1669 1692 1712; x_wconf 87' lang='lat' dir='ltr'>puteus</span> 
     </span>
     <span class='ocr_line' id='line_1_78' title="bbox 1286 1722 1613 1769; baseline 0 -11"><span class='ocrx_word' id='word_1_169' title='bbox 1286 1723 1355 1759; x_wconf 86' lang='lat' dir='ltr'>Ille</span> <span class='ocrx_word' id='word_1_170' title='bbox 1387 1722 1613 1769; x_wconf 88' lang='lat' dir='ltr'>sulphureus</span> 
     </span>
     <span class='ocr_line' id='line_1_79' title="bbox 1343 1779 1622 1826; baseline -0.004 -10"><span class='ocrx_word' id='word_1_171' title='bbox 1343 1779 1393 1817; x_wconf 84' lang='lat' dir='ltr'>Os</span> <span class='ocrx_word' id='word_1_172' title='bbox 1425 1779 1622 1826; x_wconf 87' lang='lat' dir='ltr'>adaperiet</span> 
     </span>
    </p>
   </div>
   <div class='ocr_carea' id='block_1_26' title="bbox 1285 1879 1746 2211">
    <p class='ocr_par' dir='ltr' id='par_1_29' title="bbox 1285 1879 1746 2211">
     <span class='ocr_line' id='line_1_80' title="bbox 1287 1879 1674 1927; baseline -0.005 -9"><span class='ocrx_word' id='word_1_173' title='bbox 1287 1881 1334 1918; x_wconf 89' lang='lat' dir='ltr'>Et</span> <span class='ocrx_word' id='word_1_174' title='bbox 1368 1881 1414 1917; x_wconf 90' lang='lat' dir='ltr'>de</span> <span class='ocrx_word' id='word_1_175' title='bbox 1444 1879 1674 1927; x_wconf 85' lang='lat' dir='ltr'>flammigero</span> 
     </span>
     <span class='ocr_line' id='line_1_81' title="bbox 1287 1936 1664 1974; baseline 0 0"><span class='ocrx_word' id='word_1_176' title='bbox 1287 1936 1525 1974; x_wconf 88' lang='lat' dir='ltr'>Profundens</span> <span class='ocrx_word' id='word_1_177' title='bbox 1556 1941 1664 1974; x_wconf 85' lang='lat' dir='ltr'>utero</span> 
     </span>
     <span class='ocr_line' id='line_1_82' title="bbox 1343 1993 1746 2031; baseline -0.002 0"><span class='ocrx_word' id='word_1_178' title='bbox 1343 1995 1596 2031; x_wconf 87' lang='lat' dir='ltr'>Flammarum</span> <span class='ocrx_word' id='word_1_179' title='bbox 1628 1993 1746 2030; x_wconf 88' lang='lat' dir='ltr'>maria</span> 
     </span>
     <span class='ocr_line' id='line_1_83' title="bbox 1285 2051 1668 2098; baseline -0.003 -11"><span class='ocrx_word' id='word_1_180' title='bbox 1285 2052 1364 2088; x_wconf 90' lang='lat' dir='ltr'>Ima</span> <span class='ocrx_word' id='word_1_181' title='bbox 1396 2062 1476 2088; x_wconf 88' lang='lat' dir='ltr'>cum</span> <span class='ocrx_word' id='word_1_182' title='bbox 1508 2051 1668 2098; x_wconf 83' lang='lat' dir='ltr'>superis,</span> 
     </span>
     <span class='ocr_line' id='line_1_84' title="bbox 1286 2105 1714 2145; baseline -0.005 0"><span class='ocrx_word' id='word_1_183' title='bbox 1286 2107 1436 2145; x_wconf 87' lang='lat' dir='ltr'>Summa</span> <span class='ocrx_word' id='word_1_184' title='bbox 1468 2118 1550 2144; x_wconf 87' lang='lat' dir='ltr'>cum</span> <span class='ocrx_word' id='word_1_185' title='bbox 1580 2105 1714 2144; x_wconf 89' lang='lat' dir='ltr'>inferis</span> 
     </span>
     <span class='ocr_line' id='line_1_85' title="bbox 1342 2164 1652 2211; baseline 0 -9"><span class='ocrx_word' id='word_1_186' title='bbox 1342 2165 1485 2202; x_wconf 87' lang='lat' dir='ltr'>Exuret</span> <span class='ocrx_word' id='word_1_187' title='bbox 1516 2164 1652 2211; x_wconf 88' lang='lat' dir='ltr'>spatia.</span> 
     </span>
    </p>
   </div>
   <div class='ocr_carea' id='block_1_27' title="bbox 1284 2266 1742 2588">
    <p class='ocr_par' dir='ltr' id='par_1_30' title="bbox 1284 2266 1742 2588">
     <span class='ocr_line' id='line_1_86' title="bbox 1287 2266 1634 2305; baseline -0.009 0"><span class='ocrx_word' id='word_1_188' title='bbox 1287 2267 1387 2305; x_wconf 85' lang='lat' dir='ltr'>Illud</span> <span class='ocrx_word' id='word_1_189' title='bbox 1418 2266 1634 2303; x_wconf 86' lang='lat' dir='ltr'>incendium</span> 
     </span>
     <span class='ocr_line' id='line_1_87' title="bbox 1288 2323 1605 2362; baseline -0.006 -1"><span class='ocrx_word' id='word_1_190' title='bbox 1288 2324 1392 2362; x_wconf 85' lang='lat' dir='ltr'>Sicut</span> <span class='ocrx_word' id='word_1_191' title='bbox 1422 2323 1605 2361; x_wconf 87' lang='lat' dir='ltr'>diluvium</span> 
     </span>
     <span class='ocr_line' id='line_1_88' title="bbox 1341 2379 1685 2427; baseline -0.006 -9"><span class='ocrx_word' id='word_1_192' title='bbox 1341 2380 1519 2427; x_wconf 87' lang='lat' dir='ltr'>Replebit</span> <span class='ocrx_word' id='word_1_193' title='bbox 1549 2379 1685 2426; x_wconf 83' lang='lat' dir='ltr'>omnia,</span> 
     </span>
     <span class='ocr_line' id='line_1_89' title="bbox 1284 2436 1742 2481; baseline -0.009 -5"><span class='ocrx_word' id='word_1_194' title='bbox 1284 2437 1451 2476; x_wconf 86' lang='lat' dir='ltr'>Mundus</span> <span class='ocrx_word' id='word_1_195' title='bbox 1486 2436 1742 2481; x_wconf 86' lang='lat' dir='ltr'>damnabitur,</span> 
     </span>
     <span class='ocr_line' id='line_1_90' title="bbox 1286 2493 1607 2532; baseline -0.009 0"><span class='ocrx_word' id='word_1_196' title='bbox 1286 2495 1366 2532; x_wconf 88' lang='lat' dir='ltr'>Noe</span> <span class='ocrx_word' id='word_1_197' title='bbox 1397 2493 1607 2530; x_wconf 89' lang='lat' dir='ltr'>salvabitur</span> 
     </span>
     <span class='ocr_line' id='line_1_91' title="bbox 1342 2549 1625 2588; baseline -0.004 0"><span class='ocrx_word' id='word_1_198' title='bbox 1342 2551 1437 2588; x_wconf 86' lang='lat' dir='ltr'>Tota</span> <span class='ocrx_word' id='word_1_199' title='bbox 1469 2549 1625 2587; x_wconf 86' lang='lat' dir='ltr'>familia.</span> 
     </span>
    </p>
   </div>
   <div class='ocr_carea' id='block_1_28' title="bbox 1283 2650 1837 2982">
    <p class='ocr_par' dir='ltr' id='par_1_31' title="bbox 1287 2650 1698 2699">
     <span class='ocr_line' id='line_1_92' title="bbox 1287 2650 1698 2699; baseline -0.012 -8"><span class='ocrx_word' id='word_1_200' title='bbox 1287 2654 1393 2691; x_wconf 90' lang='lat' dir='ltr'>Tunc</span> <span class='ocrx_word' id='word_1_201' title='bbox 1424 2651 1515 2688; x_wconf 84' lang='lat' dir='ltr'>tuba</span> <span class='ocrx_word' id='word_1_202' title='bbox 1547 2650 1698 2699; x_wconf 88' lang='lat' dir='ltr'>caelica,</span> 
     </span>
    </p>

    <p class='ocr_par' dir='ltr' id='par_1_32' title="bbox 1288 2707 1726 2812">
     <span class='ocr_line' id='line_1_93' title="bbox 1288 2707 1666 2755; baseline -0.005 -10"><span class='ocrx_word' id='word_1_203' title='bbox 1288 2710 1369 2745; x_wconf 84' lang='lat' dir='ltr'>Vox</span> <span class='ocrx_word' id='word_1_204' title='bbox 1401 2707 1666 2755; x_wconf 83' lang='lat' dir='ltr'>archangelica</span> 
     </span>
     <span class='ocr_line' id='line_1_94' title="bbox 1343 2766 1726 2812; baseline -0.008 -10"><span class='ocrx_word' id='word_1_205' title='bbox 1343 2766 1512 2812; x_wconf 89' lang='lat' dir='ltr'>Superne</span> <span class='ocrx_word' id='word_1_206' title='bbox 1543 2774 1726 2801; x_wconf 88' lang='lat' dir='ltr'>resonans</span> 
     </span>
    </p>

    <p class='ocr_par' dir='ltr' id='par_1_33' title="bbox 1283 2820 1716 2866">
     <span class='ocr_line' id='line_1_95' title="bbox 1283 2820 1716 2866; baseline -0.005 -7"><span class='ocrx_word' id='word_1_207' title='bbox 1283 2823 1331 2860; x_wconf 83' lang='lat' dir='ltr'>Et</span> <span class='ocrx_word' id='word_1_208' title='bbox 1365 2833 1444 2858; x_wconf 82' lang='lat' dir='ltr'>cuin</span> <span class='ocrx_word' id='word_1_209' title='bbox 1479 2820 1716 2866; x_wconf 86' lang='lat' dir='ltr'>clamoribus,</span> 
     </span>
    </p>

    <p class='ocr_par' dir='ltr' id='par_1_34' title="bbox 1292 2877 1837 2982">
     <span class='ocr_line' id='line_1_96' title="bbox 1292 2877 1642 2925; baseline -0.009 -9"><span class='ocrx_word' id='word_1_210' title='bbox 1292 2879 1395 2916; x_wconf 85' lang='lat' dir='ltr'>Diris</span> <span class='ocrx_word' id='word_1_211' title='bbox 1427 2877 1642 2925; x_wconf 75' lang='lat' dir='ltr'>fragoribus</span> 
     </span>
     <span class='ocr_line' id='line_1_97' title="bbox 1348 2935 1837 2982; baseline -0.008 -10"><span class='ocrx_word' id='word_1_212' title='bbox 1348 2935 1587 2972; x_wconf 84' lang='lat' dir='ltr'>llorrondum</span> <span class='ocrx_word' id='word_1_213' title='bbox 1620 2939 1837 2982; x_wconf 87' lang='lat' dir='ltr'>pertonans,</span> 
     </span>
    </p>
   </div>
   <div class='ocr_carea' id='block_1_29' title="bbox 2007 0 2031 3289">
    <p class='ocr_par' dir='ltr' id='par_1_35' title="bbox 2007 0 2031 3289">
     <span class='ocr_line' id='line_1_98' title="bbox 2007 0 2031 3289; baseline 0 0"><span class='ocrx_word' id='word_1_214' title='bbox 2007 0 2031 3289; x_wconf 95' lang='lat' dir='ltr'> </span> 
     </span>
    </p>
   </div>
  </div>
 </body>
</html>
