<?xml version="1.0" encoding="UTF-8"?>
<!DOCTYPE html PUBLIC "-//W3C//DTD XHTML 1.0 Transitional//EN"
    "http://www.w3.org/TR/xhtml1/DTD/xhtml1-transitional.dtd">
<html xmlns="http://www.w3.org/1999/xhtml" xml:lang="en" lang="en">
 <head>
  <title>
</title>
<meta http-equiv="Content-Type" content="text/html;charset=utf-8" />
  <meta name='ocr-system' content='tesseract 3.04.00' />
  <meta name='ocr-capabilities' content='ocr_page ocr_carea ocr_par ocr_line ocrx_word'/>
</head>
<body>
  <div class='ocr_page' id='page_1' title='image "./hymnographilatin01drevuoft_0224.png"; bbox 0 0 2031 3289; ppageno 0'>
   <div class='ocr_carea' id='block_1_1' title="bbox 0 0 20 1353">
    <p class='ocr_par' dir='ltr' id='par_1_1' title="bbox 0 0 20 1353">
     <span class='ocr_line' id='line_1_1' title="bbox 0 0 20 1353; textangle 90"><span class='ocrx_word' id='word_1_1' title='bbox 0 1347 1 1353; x_wconf 34' lang='lat'><em>⁴</em></span> <span class='ocrx_word' id='word_1_2' title='bbox 0 295 15 1338; x_wconf 37' lang='grc' dir='ltr'>ᾼᾼὟ--ᾰ-ῂ--μ--ὕ-ῡήωπῦεῗϋζῑὲ</span> <span class='ocrx_word' id='word_1_3' title='bbox 5 262 14 281; x_wconf 65' lang='lat'>3-</span> <span class='ocrx_word' id='word_1_4' title='bbox 5 128 17 252; x_wconf 40' lang='lat' dir='ltr'>-w-*i-iss</span> <span class='ocrx_word' id='word_1_5' title='bbox 6 0 20 118; x_wconf 50' lang='grc' dir='ltr'><strong>Μ</strong></span> 
     </span>
    </p>
   </div>
   <div class='ocr_carea' id='block_1_2' title="bbox 971 199 1274 241">
    <p class='ocr_par' dir='ltr' id='par_1_2' title="bbox 971 199 1274 241">
     <span class='ocr_line' id='line_1_2' title="bbox 971 199 1274 241; baseline 0.003 -1"><span class='ocrx_word' id='word_1_6' title='bbox 971 199 1274 241; x_wconf 74' lang='lat'>-218-</span> 
     </span>
    </p>
   </div>
   <div class='ocr_carea' id='block_1_3' title="bbox 722 345 1529 447">
    <p class='ocr_par' dir='ltr' id='par_1_3' title="bbox 722 345 1529 447">
     <span class='ocr_line' id='line_1_3' title="bbox 722 345 1529 387; baseline 0.002 -7"><span class='ocrx_word' id='word_1_7' title='bbox 722 345 802 382; x_wconf 67' lang='lat'>234.</span> <span class='ocrx_word' id='word_1_8' title='bbox 839 345 942 387; x_wconf 87' lang='grc'>(124.)</span> <span class='ocrx_word' id='word_1_9' title='bbox 979 346 1024 380; x_wconf 89' lang='lat' dir='ltr'>In</span> <span class='ocrx_word' id='word_1_10' title='bbox 1048 345 1180 381; x_wconf 86' lang='lat' dir='ltr'>Festis</span> <span class='ocrx_word' id='word_1_11' title='bbox 1205 345 1275 382; x_wconf 89' lang='lat' dir='ltr'>SS.</span> <span class='ocrx_word' id='word_1_12' title='bbox 1303 345 1529 382; x_wconf 81' lang='lat' dir='ltr'><strong>Mulierum.</strong></span> 
     </span>
     <span class='ocr_line' id='line_1_4' title="bbox 973 414 1283 447; baseline -0.003 0"><span class='ocrx_word' id='word_1_13' title='bbox 973 416 1015 447; x_wconf 91' lang='lat' dir='ltr'>In</span> <span class='ocrx_word' id='word_1_14' title='bbox 1041 414 1069 446; x_wconf 91' lang='grc'>1.</span> <span class='ocrx_word' id='word_1_15' title='bbox 1096 417 1283 447; x_wconf 85' lang='lat' dir='ltr'>Nocturno.</span> 
     </span>
    </p>
   </div>
   <div class='ocr_carea' id='block_1_4' title="bbox 363 518 1902 2029">
    <p class='ocr_par' dir='ltr' id='par_1_4' title="bbox 363 518 1902 2029">
     <span class='ocr_line' id='line_1_5' title="bbox 366 518 1632 566; baseline -0.003 -8"><span class='ocrx_word' id='word_1_16' title='bbox 366 522 398 558; x_wconf 92' lang='lat'>1.</span> <span class='ocrx_word' id='word_1_17' title='bbox 431 519 493 556; x_wconf 84' lang='lat' dir='ltr'>Ab</span> <span class='ocrx_word' id='word_1_18' title='bbox 524 524 682 566; x_wconf 87' lang='lat' dir='ltr'>utroque</span> <span class='ocrx_word' id='word_1_19' title='bbox 1175 520 1211 556; x_wconf 85' lang='lat'>3.</span> <span class='ocrx_word' id='word_1_20' title='bbox 1243 518 1332 564; x_wconf 82' lang='lat' dir='ltr'>Quis</span> <span class='ocrx_word' id='word_1_21' title='bbox 1363 521 1576 555; x_wconf 81' lang='lat' dir='ltr'>sanctarum</span> <span class='ocrx_word' id='word_1_22' title='bbox 1627 556 1632 560; x_wconf 77' lang='grc'><em>,</em></span> 
     </span>
     <span class='ocr_line' id='line_1_6' title="bbox 488 575 1681 623; baseline 0 -11"><span class='ocrx_word' id='word_1_23' title='bbox 488 587 579 612; x_wconf 84' lang='lat' dir='ltr'>sexu</span> <span class='ocrx_word' id='word_1_24' title='bbox 610 576 757 622; x_wconf 82' lang='lat' dir='ltr'>plagam</span> <span class='ocrx_word' id='word_1_25' title='bbox 790 576 986 623; x_wconf 82' lang='lat' dir='ltr'>traximus,</span> <span class='ocrx_word' id='word_1_26' title='bbox 1301 585 1382 611; x_wconf 87' lang='lat' dir='ltr'>eam</span> <span class='ocrx_word' id='word_1_27' title='bbox 1412 575 1681 612; x_wconf 82' lang='lat' dir='ltr'>aemulantium</span> 
     </span>
     <span class='ocr_line' id='line_1_7' title="bbox 429 631 1455 678; baseline -0.002 -9"><span class='ocrx_word' id='word_1_28' title='bbox 429 632 490 669; x_wconf 87' lang='lat' dir='ltr'>Ab</span> <span class='ocrx_word' id='word_1_29' title='bbox 521 637 680 678; x_wconf 88' lang='lat' dir='ltr'>utroque</span> <span class='ocrx_word' id='word_1_30' title='bbox 1247 631 1455 668; x_wconf 84' lang='lat' dir='ltr'>Numerare</span> 
     </span>
     <span class='ocr_line' id='line_1_8' title="bbox 487 687 1830 737; baseline -0.001 -12"><span class='ocrx_word' id='word_1_31' title='bbox 487 689 672 726; x_wconf 80' lang='lat' dir='ltr'>medelam</span> <span class='ocrx_word' id='word_1_32' title='bbox 704 688 948 737; x_wconf 84' lang='lat' dir='ltr'>suscepimus,</span> <span class='ocrx_word' id='word_1_33' title='bbox 1300 687 1420 733; x_wconf 79' lang='lat' dir='ltr'>possit</span> <span class='ocrx_word' id='word_1_34' title='bbox 1451 687 1584 724; x_wconf 88' lang='lat' dir='ltr'>choros</span> <span class='ocrx_word' id='word_1_35' title='bbox 1616 687 1830 736; x_wconf 81' lang='lat' dir='ltr'>virginum?</span> 
     </span>
     <span class='ocr_line' id='line_1_9' title="bbox 433 744 1545 782; baseline 0 -2"><span class='ocrx_word' id='word_1_36' title='bbox 433 745 561 782; x_wconf 91' lang='lat' dir='ltr'>Virum</span> <span class='ocrx_word' id='word_1_37' title='bbox 594 745 695 782; x_wconf 75' lang='lat' dir='ltr'>Deus</span> <span class='ocrx_word' id='word_1_38' title='bbox 1245 745 1335 781; x_wconf 83' lang='lat' dir='ltr'>Post</span> <span class='ocrx_word' id='word_1_39' title='bbox 1364 744 1432 780; x_wconf 86' lang='lat' dir='ltr'>has</span> <span class='ocrx_word' id='word_1_40' title='bbox 1464 754 1545 780; x_wconf 89' lang='lat' dir='ltr'>esse</span> 
     </span>
     <span class='ocr_line' id='line_1_10' title="bbox 489 800 1776 847; baseline -0.001 -9"><span class='ocrx_word' id='word_1_41' title='bbox 489 803 611 838; x_wconf 88' lang='lat' dir='ltr'>induit</span> <span class='ocrx_word' id='word_1_42' title='bbox 641 801 678 837; x_wconf 88' lang='lat' dir='ltr'>in</span> <span class='ocrx_word' id='word_1_43' title='bbox 711 800 867 847; x_wconf 81' lang='lat' dir='ltr'>virgine,</span> <span class='ocrx_word' id='word_1_44' title='bbox 1301 801 1383 847; x_wconf 86' lang='lat' dir='ltr'>quis</span> <span class='ocrx_word' id='word_1_45' title='bbox 1413 800 1534 837; x_wconf 83' lang='lat' dir='ltr'>nescit</span> <span class='ocrx_word' id='word_1_46' title='bbox 1562 801 1776 838; x_wconf 83' lang='lat' dir='ltr'>innumeras</span> 
     </span>
     <span class='ocr_line' id='line_1_11' title="bbox 433 857 1558 904; baseline -0.001 -10"><span class='ocrx_word' id='word_1_47' title='bbox 433 860 512 904; x_wconf 76' lang='lat' dir='ltr'>Quo</span> <span class='ocrx_word' id='word_1_48' title='bbox 545 859 738 895; x_wconf 83' lang='lat' dir='ltr'>salventur</span> <span class='ocrx_word' id='word_1_49' title='bbox 1245 857 1400 894; x_wconf 87' lang='lat' dir='ltr'>Sacrum</span> <span class='ocrx_word' id='word_1_50' title='bbox 1431 860 1558 894; x_wconf 88' lang='lat' dir='ltr'>votum</span> 
     </span>
     <span class='ocr_line' id='line_1_12' title="bbox 486 913 1752 962; baseline 0.001 -12"><span class='ocrx_word' id='word_1_51' title='bbox 486 921 563 952; x_wconf 84' lang='lat' dir='ltr'>tam</span> <span class='ocrx_word' id='word_1_52' title='bbox 593 914 665 951; x_wconf 87' lang='lat' dir='ltr'>viri</span> <span class='ocrx_word' id='word_1_53' title='bbox 696 925 806 961; x_wconf 87' lang='lat' dir='ltr'>quam</span> <span class='ocrx_word' id='word_1_54' title='bbox 839 913 1022 962; x_wconf 82' lang='lat' dir='ltr'>feminae3</span> <span class='ocrx_word' id='word_1_55' title='bbox 1303 914 1575 960; x_wconf 81' lang='lat' dir='ltr'>amplectentes</span> <span class='ocrx_word' id='word_1_56' title='bbox 1606 914 1752 959; x_wconf 56' lang='lat' dir='ltr'>viduas3</span> 
     </span>
     <span class='ocr_line' id='line_1_13' title="bbox 543 970 1601 1010; baseline -0.003 -1"><span class='ocrx_word' id='word_1_57' title='bbox 543 972 635 1010; x_wconf 90' lang='lat' dir='ltr'>Orta</span> <span class='ocrx_word' id='word_1_58' title='bbox 665 971 766 1007; x_wconf 90' lang='lat' dir='ltr'>salus</span> <span class='ocrx_word' id='word_1_59' title='bbox 1359 970 1439 1007; x_wconf 87' lang='lat' dir='ltr'>Nec</span> <span class='ocrx_word' id='word_1_60' title='bbox 1471 970 1601 1007; x_wconf 85' lang='lat' dir='ltr'>deesse</span> 
     </span>
     <span class='ocr_line' id='line_1_14' title="bbox 600 1026 1669 1076; baseline 0 -13"><span class='ocrx_word' id='word_1_61' title='bbox 600 1031 655 1064; x_wconf 89' lang='lat' dir='ltr'>est</span> <span class='ocrx_word' id='word_1_62' title='bbox 688 1038 733 1064; x_wconf 82' lang='lat' dir='ltr'>ex</span> <span class='ocrx_word' id='word_1_63' title='bbox 765 1026 919 1076; x_wconf 86' lang='lat' dir='ltr'>femina,</span> <span class='ocrx_word' id='word_1_64' title='bbox 1417 1027 1669 1076; x_wconf 83' lang='lat' dir='ltr'>matrimonio,</span> 
     </span>
     <span class='ocr_line' id='line_1_15' title="bbox 543 1081 1750 1130; baseline -0.002 -9"><span class='ocrx_word' id='word_1_65' title='bbox 543 1085 655 1123; x_wconf 85' lang='lat' dir='ltr'>Unde</span> <span class='ocrx_word' id='word_1_66' title='bbox 687 1084 808 1130; x_wconf 86' lang='lat' dir='ltr'>culpa,</span> <span class='ocrx_word' id='word_1_67' title='bbox 1358 1084 1461 1130; x_wconf 80' lang='lat' dir='ltr'>Quae</span> <span class='ocrx_word' id='word_1_68' title='bbox 1489 1081 1649 1130; x_wconf 81' lang='lat' dir='ltr'>flagrent</span> <span class='ocrx_word' id='word_1_69' title='bbox 1678 1083 1750 1120; x_wconf 91' lang='lat' dir='ltr'>hoc</span> 
     </span>
     <span class='ocr_line' id='line_1_16' title="bbox 599 1139 1634 1188; baseline -0.001 -11"><span class='ocrx_word' id='word_1_70' title='bbox 599 1141 725 1188; x_wconf 89' lang='lat' dir='ltr'>coepit</span> <span class='ocrx_word' id='word_1_71' title='bbox 755 1140 890 1188; x_wconf 83' lang='lat' dir='ltr'>gratia.</span> <span class='ocrx_word' id='word_1_72' title='bbox 1416 1139 1634 1177; x_wconf 75' lang='lat' dir='ltr'>desiderio?</span> 
     </span>
     <span class='ocr_line' id='line_1_17' title="bbox 363 1253 1593 1301; baseline -0.002 -9"><span class='ocrx_word' id='word_1_73' title='bbox 363 1256 400 1294; x_wconf 86' lang='lat'>2.</span> <span class='ocrx_word' id='word_1_74' title='bbox 431 1255 511 1301; x_wconf 82' lang='lat' dir='ltr'>Quo</span> <span class='ocrx_word' id='word_1_75' title='bbox 542 1258 628 1301; x_wconf 89' lang='lat' dir='ltr'>post</span> <span class='ocrx_word' id='word_1_76' title='bbox 659 1253 807 1300; x_wconf 85' lang='lat' dir='ltr'>culpam</span> <span class='ocrx_word' id='word_1_77' title='bbox 1178 1255 1214 1291; x_wconf 81' lang='lat'>4.</span> <span class='ocrx_word' id='word_1_78' title='bbox 1249 1254 1339 1290; x_wconf 86' lang='lat' dir='ltr'>Post</span> <span class='ocrx_word' id='word_1_79' title='bbox 1367 1253 1434 1289; x_wconf 90' lang='lat' dir='ltr'>has</span> <span class='ocrx_word' id='word_1_80' title='bbox 1466 1263 1593 1289; x_wconf 90' lang='lat' dir='ltr'>omnes</span> 
     </span>
     <span class='ocr_line' id='line_1_18' title="bbox 489 1310 1722 1358; baseline -0.001 -11"><span class='ocrx_word' id='word_1_81' title='bbox 489 1322 600 1348; x_wconf 86' lang='lat' dir='ltr'>sexus</span> <span class='ocrx_word' id='word_1_82' title='bbox 632 1311 693 1347; x_wconf 90' lang='lat' dir='ltr'>hic</span> <span class='ocrx_word' id='word_1_83' title='bbox 723 1310 921 1358; x_wconf 84' lang='lat' dir='ltr'>abjectior,</span> <span class='ocrx_word' id='word_1_84' title='bbox 1303 1310 1334 1346; x_wconf 93' lang='lat' dir='ltr'>si</span> <span class='ocrx_word' id='word_1_85' title='bbox 1365 1314 1489 1346; x_wconf 87' lang='lat' dir='ltr'>scorta</span> <span class='ocrx_word' id='word_1_86' title='bbox 1521 1310 1722 1356; x_wconf 84' lang='lat' dir='ltr'>respiciam</span> 
     </span>
     <span class='ocr_line' id='line_1_19' title="bbox 434 1367 1498 1412; baseline -0.003 -7"><span class='ocrx_word' id='word_1_87' title='bbox 434 1369 507 1405; x_wconf 88' lang='lat' dir='ltr'>Per</span> <span class='ocrx_word' id='word_1_88' title='bbox 538 1372 710 1404; x_wconf 83' lang='lat' dir='ltr'>naturam</span> <span class='ocrx_word' id='word_1_89' title='bbox 1247 1367 1498 1412; x_wconf 83' lang='lat' dir='ltr'>Magdalenae</span> 
     </span>
     <span class='ocr_line' id='line_1_20' title="bbox 489 1423 1778 1472; baseline -0.002 -11"><span class='ocrx_word' id='word_1_90' title='bbox 489 1423 612 1461; x_wconf 87' lang='lat' dir='ltr'>fuerat</span> <span class='ocrx_word' id='word_1_91' title='bbox 642 1423 812 1470; x_wconf 75' lang='lat' dir='ltr'>inferior,</span> <span class='ocrx_word' id='word_1_92' title='bbox 1305 1423 1462 1469; x_wconf 84' lang='lat' dir='ltr'>iungens</span> <span class='ocrx_word' id='word_1_93' title='bbox 1493 1423 1778 1472; x_wconf 78' lang='lat' dir='ltr'>Aegyptiacam,</span> 
     </span>
     <span class='ocr_line' id='line_1_21' title="bbox 433 1479 1465 1526; baseline -0.001 -9"><span class='ocrx_word' id='word_1_94' title='bbox 433 1481 516 1517; x_wconf 92' lang='lat' dir='ltr'>Hoc</span> <span class='ocrx_word' id='word_1_95' title='bbox 546 1481 721 1518; x_wconf 86' lang='lat' dir='ltr'>nimirum</span> <span class='ocrx_word' id='word_1_96' title='bbox 1250 1479 1321 1518; x_wconf 90' lang='lat' dir='ltr'>Ubi</span> <span class='ocrx_word' id='word_1_97' title='bbox 1354 1479 1465 1526; x_wconf 80' lang='lat' dir='ltr'>eulpa</span> 
     </span>
     <span class='ocr_line' id='line_1_22' title="bbox 491 1535 1711 1586; baseline -0.002 -12"><span class='ocrx_word' id='word_1_98' title='bbox 491 1538 618 1574; x_wconf 78' lang='lat' dir='ltr'>divina</span> <span class='ocrx_word' id='word_1_99' title='bbox 649 1537 846 1574; x_wconf 86' lang='lat' dir='ltr'>clementia</span> <span class='ocrx_word' id='word_1_100' title='bbox 1305 1536 1410 1582; x_wconf 88' lang='lat' dir='ltr'>prius</span> <span class='ocrx_word' id='word_1_101' title='bbox 1441 1535 1711 1586; x_wconf 84' lang='lat' dir='ltr'>abundaverat,</span> 
     </span>
     <span class='ocr_line' id='line_1_23' title="bbox 434 1593 1501 1641; baseline -0.001 -10"><span class='ocrx_word' id='word_1_102' title='bbox 434 1594 544 1631; x_wconf 87' lang='lat' dir='ltr'>Hunc</span> <span class='ocrx_word' id='word_1_103' title='bbox 575 1595 706 1631; x_wconf 78' lang='lat' dir='ltr'>maiori</span> <span class='ocrx_word' id='word_1_104' title='bbox 1247 1593 1380 1641; x_wconf 81' lang='lat' dir='ltr'>Cerno,</span> <span class='ocrx_word' id='word_1_105' title='bbox 1414 1593 1501 1638; x_wconf 86' lang='lat' dir='ltr'>quia</span> 
     </span>
     <span class='ocr_line' id='line_1_24' title="bbox 489 1648 1769 1699; baseline -0.001 -12"><span class='ocrx_word' id='word_1_106' title='bbox 489 1651 705 1688; x_wconf 85' lang='lat' dir='ltr'>sublimavit</span> <span class='ocrx_word' id='word_1_107' title='bbox 735 1650 878 1699; x_wconf 77' lang='lat' dir='ltr'>gratia3</span> <span class='ocrx_word' id='word_1_108' title='bbox 1306 1649 1424 1686; x_wconf 89' lang='lat' dir='ltr'>virtus</span> <span class='ocrx_word' id='word_1_109' title='bbox 1456 1655 1541 1696; x_wconf 86' lang='lat' dir='ltr'>post</span> <span class='ocrx_word' id='word_1_110' title='bbox 1573 1648 1769 1687; x_wconf 77' lang='lat' dir='ltr'>exuberat.</span> 
     </span>
     <span class='ocr_line' id='line_1_25' title="bbox 546 1706 1601 1753; baseline 0.001 -9"><span class='ocrx_word' id='word_1_111' title='bbox 546 1708 652 1753; x_wconf 76' lang='lat' dir='ltr'>Quod</span> <span class='ocrx_word' id='word_1_112' title='bbox 684 1707 731 1744; x_wconf 87' lang='lat' dir='ltr'>ab</span> <span class='ocrx_word' id='word_1_113' title='bbox 763 1708 842 1744; x_wconf 89' lang='lat' dir='ltr'>eius</span> <span class='ocrx_word' id='word_1_114' title='bbox 1362 1706 1443 1752; x_wconf 88' lang='lat' dir='ltr'>Ipsi</span> <span class='ocrx_word' id='word_1_115' title='bbox 1476 1706 1601 1745; x_wconf 74' lang='lat' dir='ltr'>decus,</span> 
     </span>
     <span class='ocr_line' id='line_1_26' title="bbox 601 1761 1652 1810; baseline -0.003 -9"><span class='ocrx_word' id='word_1_116' title='bbox 601 1768 722 1801; x_wconf 86' lang='lat' dir='ltr'>matre</span> <span class='ocrx_word' id='word_1_117' title='bbox 754 1764 898 1810; x_wconf 85' lang='lat' dir='ltr'>virgine</span> <span class='ocrx_word' id='word_1_118' title='bbox 1416 1761 1489 1808; x_wconf 88' lang='lat' dir='ltr'>ipsi</span> <span class='ocrx_word' id='word_1_119' title='bbox 1520 1762 1652 1809; x_wconf 78' lang='lat' dir='ltr'>gloria,</span> 
     </span>
     <span class='ocr_line' id='line_1_27' title="bbox 548 1817 1639 1867; baseline -0.003 -9"><span class='ocrx_word' id='word_1_120' title='bbox 548 1822 619 1858; x_wconf 88' lang='lat' dir='ltr'>Per</span> <span class='ocrx_word' id='word_1_121' title='bbox 650 1821 815 1867; x_wconf 85' lang='lat' dir='ltr'>singulos</span> <span class='ocrx_word' id='word_1_122' title='bbox 1360 1819 1430 1864; x_wconf 87' lang='lat' dir='ltr'>Qui</span> <span class='ocrx_word' id='word_1_123' title='bbox 1461 1823 1516 1856; x_wconf 92' lang='lat' dir='ltr'>tot</span> <span class='ocrx_word' id='word_1_124' title='bbox 1547 1817 1639 1856; x_wconf 88' lang='lat' dir='ltr'>facit</span> 
     </span>
     <span class='ocr_line' id='line_1_28' title="bbox 603 1875 1618 1928; baseline 0 -14"><span class='ocrx_word' id='word_1_125' title='bbox 603 1877 743 1924; x_wconf 85' lang='lat' dir='ltr'>gradus</span> <span class='ocrx_word' id='word_1_126' title='bbox 773 1877 931 1923; x_wconf 87' lang='lat' dir='ltr'>inspice.</span> <span class='ocrx_word' id='word_1_127' title='bbox 1416 1875 1618 1928; x_wconf 76' lang='lat' dir='ltr'>mirabilia.</span> 
     </span>
     <span class='ocr_line' id='line_1_29' title="bbox 446 1985 1902 2029; baseline -0.002 -8"><span class='ocrx_word' id='word_1_128' title='bbox 446 1992 471 2021; x_wconf 86' lang='lat' dir='ltr'>B</span> <span class='ocrx_word' id='word_1_129' title='bbox 497 1990 556 2021; x_wconf 87' lang='lat' dir='ltr'>fol.</span> <span class='ocrx_word' id='word_1_130' title='bbox 581 1989 665 2021; x_wconf 64' lang='lat'>9521.</span> <span class='ocrx_word' id='word_1_131' title='bbox 692 2007 734 2011; x_wconf 90' lang='lat'>——</span> <span class='ocrx_word' id='word_1_132' title='bbox 763 1987 791 2027; x_wconf 87' lang='lat'>1,</span> <span class='ocrx_word' id='word_1_133' title='bbox 819 1988 839 2021; x_wconf 74' lang='grc'>8</span> <span class='ocrx_word' id='word_1_134' title='bbox 865 1993 934 2020; x_wconf 85' lang='lat' dir='ltr'>tam</span> <span class='ocrx_word' id='word_1_135' title='bbox 952 1990 1047 2021; x_wconf 81' lang='lat' dir='ltr'>vitae</span> <span class='ocrx_word' id='word_1_136' title='bbox 1065 1999 1176 2029; x_wconf 78' lang='lat' dir='ltr'>quam.</span> <span class='ocrx_word' id='word_1_137' title='bbox 1206 2008 1243 2011; x_wconf 85' lang='lat'>—</span> <span class='ocrx_word' id='word_1_138' title='bbox 1273 1985 1303 2026; x_wconf 80' lang='grc'>2,</span> <span class='ocrx_word' id='word_1_139' title='bbox 1330 1986 1349 2018; x_wconf 83' lang='lat'><strong>7</strong></span> <span class='ocrx_word' id='word_1_140' title='bbox 1367 1989 1510 2020; x_wconf 85' lang='lat' dir='ltr'>maiora.</span> <span class='ocrx_word' id='word_1_141' title='bbox 1536 2005 1578 2009; x_wconf 94' lang='lat'><strong>—</strong></span> <span class='ocrx_word' id='word_1_142' title='bbox 1603 1987 1634 2025; x_wconf 88' lang='lat'>4,</span> <span class='ocrx_word' id='word_1_143' title='bbox 1659 1986 1681 2019; x_wconf 88' lang='grc'>4</span> <span class='ocrx_word' id='word_1_144' title='bbox 1698 1998 1840 2028; x_wconf 83' lang='lat' dir='ltr'>ungens.</span> <span class='ocrx_word' id='word_1_145' title='bbox 1864 2005 1902 2009; x_wconf 93' lang='lat'>—</span> 
     </span>
    </p>
   </div>
   <div class='ocr_carea' id='block_1_5' title="bbox 345 2035 648 2076">
    <p class='ocr_par' dir='ltr' id='par_1_5' title="bbox 345 2035 648 2076">
     <span class='ocr_line' id='line_1_30' title="bbox 345 2035 648 2076; baseline -0.003 -9"><span class='ocrx_word' id='word_1_146' title='bbox 345 2035 381 2076; x_wconf 87' lang='lat'>4,</span> <span class='ocrx_word' id='word_1_147' title='bbox 412 2035 432 2068; x_wconf 82' lang='grc'>8</span> <span class='ocrx_word' id='word_1_148' title='bbox 459 2036 648 2068; x_wconf 75' lang='lat' dir='ltr'>exhiberat.</span> 
     </span>
    </p>
   </div>
   <div class='ocr_carea' id='block_1_6' title="bbox 823 2190 1430 2233">
    <p class='ocr_par' dir='ltr' id='par_1_6' title="bbox 823 2190 1430 2233">
     <span class='ocr_line' id='line_1_31' title="bbox 823 2190 1430 2233; baseline 0.003 -9"><span class='ocrx_word' id='word_1_149' title='bbox 823 2191 904 2226; x_wconf 73' lang='lat'><strong>2:35.</strong></span> <span class='ocrx_word' id='word_1_150' title='bbox 940 2190 1042 2233; x_wconf 84' lang='lat'>(125.)</span> <span class='ocrx_word' id='word_1_151' title='bbox 1077 2190 1181 2226; x_wconf 73' lang='lat'>1112.</span> <span class='ocrx_word' id='word_1_152' title='bbox 1209 2190 1430 2226; x_wconf 79' lang='lat' dir='ltr'>Nocturno.</span> 
     </span>
    </p>
   </div>
   <div class='ocr_carea' id='block_1_7' title="bbox 366 2295 1422 2336">
    <p class='ocr_par' dir='ltr' id='par_1_7' title="bbox 366 2295 1422 2336">
     <span class='ocr_line' id='line_1_32' title="bbox 366 2295 1422 2336; baseline -0.004 0"><span class='ocrx_word' id='word_1_153' title='bbox 366 2300 401 2336; x_wconf 94' lang='lat'>1.</span> <span class='ocrx_word' id='word_1_154' title='bbox 435 2299 525 2336; x_wconf 89' lang='lat' dir='ltr'>Post</span> <span class='ocrx_word' id='word_1_155' title='bbox 555 2297 732 2334; x_wconf 88' lang='lat' dir='ltr'>honorem</span> <span class='ocrx_word' id='word_1_156' title='bbox 1179 2299 1215 2334; x_wconf 85' lang='grc'>2.</span> <span class='ocrx_word' id='word_1_157' title='bbox 1250 2295 1422 2333; x_wconf 85' lang='lat' dir='ltr'>Paradisi</span> 
     </span>
    </p>
   </div>
   <div class='ocr_carea' id='block_1_8' title="bbox 433 2351 1758 2900">
    <p class='ocr_par' dir='ltr' id='par_1_8' title="bbox 433 2351 1758 2900">
     <span class='ocr_line' id='line_1_33' title="bbox 492 2351 1758 2402; baseline -0.002 -12"><span class='ocrx_word' id='word_1_158' title='bbox 492 2354 718 2401; x_wconf 79' lang='lat' dir='ltr'>singularem</span> <span class='ocrx_word' id='word_1_159' title='bbox 751 2353 919 2402; x_wconf 86' lang='lat' dir='ltr'>virginis,</span> <span class='ocrx_word' id='word_1_160' title='bbox 1305 2352 1448 2398; x_wconf 87' lang='lat' dir='ltr'>primus</span> <span class='ocrx_word' id='word_1_161' title='bbox 1480 2352 1603 2389; x_wconf 89' lang='lat' dir='ltr'>Adam</span> <span class='ocrx_word' id='word_1_162' title='bbox 1634 2351 1758 2390; x_wconf 89' lang='lat' dir='ltr'>incola</span> 
     </span>
     <span class='ocr_line' id='line_1_34' title="bbox 435 2407 1526 2459; baseline -0.003 -11"><span class='ocrx_word' id='word_1_163' title='bbox 435 2412 537 2458; x_wconf 81' lang='lat' dir='ltr'>Quae</span> <span class='ocrx_word' id='word_1_164' title='bbox 568 2411 621 2448; x_wconf 88' lang='lat' dir='ltr'>sic</span> <span class='ocrx_word' id='word_1_165' title='bbox 652 2411 782 2459; x_wconf 81' lang='lat' dir='ltr'>pollet,</span> <span class='ocrx_word' id='word_1_166' title='bbox 1248 2410 1373 2446; x_wconf 85' lang='lat' dir='ltr'>Extra</span> <span class='ocrx_word' id='word_1_167' title='bbox 1403 2407 1526 2445; x_wconf 85' lang='lat' dir='ltr'>factus</span> 
     </span>
     <span class='ocr_line' id='line_1_35' title="bbox 494 2463 1694 2514; baseline -0.003 -10"><span class='ocrx_word' id='word_1_168' title='bbox 494 2471 534 2504; x_wconf 94' lang='lat' dir='ltr'>ut</span> <span class='ocrx_word' id='word_1_169' title='bbox 566 2468 613 2504; x_wconf 90' lang='lat' dir='ltr'>sit</span> <span class='ocrx_word' id='word_1_170' title='bbox 645 2467 717 2504; x_wconf 90' lang='lat' dir='ltr'>Dei</span> <span class='ocrx_word' id='word_1_171' title='bbox 747 2466 933 2514; x_wconf 82' lang='lat' dir='ltr'>genetrix,</span> <span class='ocrx_word' id='word_1_172' title='bbox 1307 2465 1378 2502; x_wconf 85' lang='lat' dir='ltr'>fuit</span> <span class='ocrx_word' id='word_1_173' title='bbox 1407 2465 1507 2502; x_wconf 84' lang='lat' dir='ltr'>intus</span> <span class='ocrx_word' id='word_1_174' title='bbox 1540 2463 1694 2511; x_wconf 85' lang='lat' dir='ltr'>femina,</span> 
     </span>
     <span class='ocr_line' id='line_1_36' title="bbox 433 2522 1502 2571; baseline -0.002 -11"><span class='ocrx_word' id='word_1_175' title='bbox 433 2525 513 2571; x_wconf 81' lang='lat' dir='ltr'>Qua</span> <span class='ocrx_word' id='word_1_176' title='bbox 543 2525 682 2560; x_wconf 86' lang='lat' dir='ltr'>virtute</span> <span class='ocrx_word' id='word_1_177' title='bbox 1251 2522 1300 2560; x_wconf 89' lang='lat' dir='ltr'>Ut</span> <span class='ocrx_word' id='word_1_178' title='bbox 1332 2526 1369 2559; x_wconf 90' lang='lat' dir='ltr'>et</span> <span class='ocrx_word' id='word_1_179' title='bbox 1399 2523 1502 2559; x_wconf 91' lang='lat' dir='ltr'>locus</span> 
     </span>
     <span class='ocr_line' id='line_1_37' title="bbox 491 2577 1648 2627; baseline -0.003 -10"><span class='ocrx_word' id='word_1_180' title='bbox 491 2581 550 2617; x_wconf 81' lang='lat' dir='ltr'>vel</span> <span class='ocrx_word' id='word_1_181' title='bbox 582 2581 723 2617; x_wconf 87' lang='lat' dir='ltr'>honore</span> <span class='ocrx_word' id='word_1_182' title='bbox 753 2579 916 2627; x_wconf 88' lang='lat' dir='ltr'>praediti</span> <span class='ocrx_word' id='word_1_183' title='bbox 1304 2579 1385 2625; x_wconf 80' lang='lat' dir='ltr'>ipse</span> <span class='ocrx_word' id='word_1_184' title='bbox 1415 2579 1465 2615; x_wconf 89' lang='lat' dir='ltr'>sit</span> <span class='ocrx_word' id='word_1_185' title='bbox 1495 2577 1648 2626; x_wconf 90' lang='lat' dir='ltr'>indicio,</span> 
     </span>
     <span class='ocr_line' id='line_1_38' title="bbox 436 2635 1588 2681; baseline -0.002 -8"><span class='ocrx_word' id='word_1_186' title='bbox 436 2638 519 2674; x_wconf 85' lang='lat' dir='ltr'>Sint</span> <span class='ocrx_word' id='word_1_187' title='bbox 548 2637 655 2673; x_wconf 90' lang='lat' dir='ltr'>istius</span> <span class='ocrx_word' id='word_1_188' title='bbox 1251 2636 1365 2681; x_wconf 74' lang='lat' dir='ltr'>Quam</span> <span class='ocrx_word' id='word_1_189' title='bbox 1399 2635 1588 2672; x_wconf 89' lang='lat' dir='ltr'>excellens</span> 
     </span>
     <span class='ocr_line' id='line_1_39' title="bbox 491 2690 1702 2740; baseline -0.002 -10"><span class='ocrx_word' id='word_1_190' title='bbox 491 2694 630 2740; x_wconf 83' lang='lat' dir='ltr'>gradus</span> <span class='ocrx_word' id='word_1_191' title='bbox 662 2703 774 2730; x_wconf 90' lang='lat' dir='ltr'>sexus</span> <span class='ocrx_word' id='word_1_192' title='bbox 805 2693 954 2740; x_wconf 76' lang='lat' dir='ltr'>singuli,</span> <span class='ocrx_word' id='word_1_193' title='bbox 1306 2692 1435 2728; x_wconf 77' lang='lat' dir='ltr'>harum</span> <span class='ocrx_word' id='word_1_194' title='bbox 1467 2692 1515 2728; x_wconf 91' lang='lat' dir='ltr'>sit</span> <span class='ocrx_word' id='word_1_195' title='bbox 1548 2690 1702 2737; x_wconf 85' lang='lat' dir='ltr'>creatio,</span> 
     </span>
     <span class='ocr_line' id='line_1_40' title="bbox 546 2748 1682 2796; baseline -0.002 -10"><span class='ocrx_word' id='word_1_196' title='bbox 546 2750 753 2796; x_wconf 87' lang='lat' dir='ltr'>Multiplici</span> <span class='ocrx_word' id='word_1_197' title='bbox 1363 2750 1468 2789; x_wconf 75' lang='lat' dir='ltr'>Quae</span> <span class='ocrx_word' id='word_1_198' title='bbox 1501 2748 1547 2785; x_wconf 91' lang='lat' dir='ltr'>de</span> <span class='ocrx_word' id='word_1_199' title='bbox 1579 2751 1682 2784; x_wconf 80' lang='lat' dir='ltr'>costa</span> 
     </span>
     <span class='ocr_line' id='line_1_41' title="bbox 604 2803 1709 2852; baseline -0.002 -10"><span class='ocrx_word' id='word_1_200' title='bbox 604 2817 728 2842; x_wconf 65' lang='lat' dir='ltr'>rerum</span> <span class='ocrx_word' id='word_1_201' title='bbox 765 2806 891 2852; x_wconf 89' lang='lat' dir='ltr'>specie</span> <span class='ocrx_word' id='word_1_202' title='bbox 1420 2805 1490 2841; x_wconf 79' lang='lat' dir='ltr'>viri</span> <span class='ocrx_word' id='word_1_203' title='bbox 1523 2803 1709 2851; x_wconf 84' lang='lat' dir='ltr'>conditae,</span> 
     </span>
     <span class='ocr_line' id='line_1_42' title="bbox 549 2861 1654 2900; baseline -0.003 0"><span class='ocrx_word' id='word_1_204' title='bbox 549 2864 686 2900; x_wconf 66' lang='lat' dir='ltr'>Sacrae</span> <span class='ocrx_word' id='word_1_205' title='bbox 719 2863 851 2899; x_wconf 74' lang='lat' dir='ltr'>docent</span> <span class='ocrx_word' id='word_1_206' title='bbox 1362 2861 1497 2898; x_wconf 87' lang='lat' dir='ltr'>Fortes</span> <span class='ocrx_word' id='word_1_207' title='bbox 1529 2864 1654 2898; x_wconf 84' lang='lat' dir='ltr'>essent</span> 
     </span>
    </p>
   </div>
   <div class='ocr_carea' id='block_1_9' title="bbox 606 2919 1692 2957">
    <p class='ocr_par' dir='ltr' id='par_1_9' title="bbox 606 2919 1692 2957">
     <span class='ocr_line' id='line_1_43' title="bbox 606 2919 1692 2957; baseline 0 -2"><span class='ocrx_word' id='word_1_208' title='bbox 606 2931 672 2955; x_wconf 84' lang='lat' dir='ltr'>nos</span> <span class='ocrx_word' id='word_1_209' title='bbox 704 2920 894 2957; x_wconf 80' lang='lat' dir='ltr'>historiae.</span> <span class='ocrx_word' id='word_1_210' title='bbox 1419 2919 1521 2956; x_wconf 85' lang='lat' dir='ltr'>velut</span> <span class='ocrx_word' id='word_1_211' title='bbox 1551 2926 1692 2955; x_wconf 86' lang='lat' dir='ltr'>osseae.</span> 
     </span>
    </p>
   </div>
   <div class='ocr_carea' id='block_1_10' title="bbox 1903 0 2031 3289">
    <p class='ocr_par' dir='ltr' id='par_1_10' title="bbox 1903 0 2031 3289">
     <span class='ocr_line' id='line_1_44' title="bbox 1903 0 2031 3289; baseline 0 0"><span class='ocrx_word' id='word_1_212' title='bbox 1903 0 2031 3289; x_wconf 95' lang='lat' dir='ltr'> </span> 
     </span>
    </p>
   </div>
  </div>
 </body>
</html>
