1914 3223
665 179 720 183 --
782 156 860 196 145
920 179 975 183 —

242 274 279 312 2.
326 271 410 309 Sint
440 280 590 316 semper
620 269 731 307 istam
762 281 878 317 supra
913 270 1076 318 domum,
1111 270 1286 315 Domine,

325 328 396 365 Tui
426 327 564 374 aperti,
598 326 860 373 deprecamur,
894 328 1008 376 oculi,

328 385 527 430 Auresque
555 388 643 420 tuae
673 383 750 420 sint
779 383 948 420 intentae
979 384 1118 430 iugiter

326 441 435 478 Diem
467 450 537 487 per
565 450 713 476 omnem
744 439 866 476 noctis
888 444 935 476 'et
967 441 1004 476 in
1037 445 1224 487 tempore,

326 498 482 544 Tuoque
512 506 663 543 semper
693 507 759 533 ore
790 495 1018 535 benedicito.

244 612 281 650 3.
328 610 386 647 Sit
416 609 635 658 angelorum
667 609 728 646 hic
759 609 838 646 alta
869 607 1096 656 frequentia,

329 666 547 704 Descendat
578 666 698 702 omnis
730 666 803 702 huc
835 665 1010 702 caelestis
1041 666 1176 713 gratia,

330 723 475 760 Diffusa
507 728 637 759 sancto
669 723 853 769 largiente
884 722 1036 771 spiritu,

330 780 446 818 Vultu
477 789 612 816 sereno
644 785 772 816 sancta
807 790 957 825 semper
987 779 1140 816 trinitas

331 837 399 874 Pio
431 834 564 873 favore
597 836 774 884 dignetur
805 836 1009 883 inspicere,

247 954 284 988 4.
333 949 463 986 Nubes
493 953 656 996 sacrata,
688 959 784 996 quae
815 951 987 995 pendens
1018 948 1188 986 incubuit

332 1006 414 1043 Deo
445 1005 600 1042 iubente
631 1016 748 1052 supra
779 1006 1018 1043 tabernaculi

333 1063 504 1107 Tectum,
538 1062 670 1099 beatus
702 1063 803 1109 quod
835 1063 989 1109 Moyses
1020 1062 1059 1099 in
1091 1072 1217 1099 eremo

333 1119 450 1164 Fixit,
485 1130 697 1168 precamur,
729 1119 839 1156 huius
871 1121 981 1157 aulae
1011 1118 1161 1156 moenia

334 1175 489 1214 Adflata
520 1181 652 1213 sancto
682 1175 891 1223 perfundat
920 1176 1139 1223 spiramine.

253 1294 290 1329 5.
336 1291 512 1339 Famosa,
544 1288 686 1325 dudum
718 1299 814 1335 quae
846 1289 1009 1335 replevit
1040 1289 1140 1326 atria

338 1346 489 1392 Templi
522 1345 652 1393 dicati,
684 1345 825 1382 nebula
857 1346 1060 1392 perlucida

338 1404 481 1442 Orante
511 1413 607 1449 puro
639 1402 841 1439 Salomone
872 1408 1042 1450 pectore,

338 1461 450 1497 Hanc
480 1460 607 1506 missa,
641 1459 804 1503 Christe,
839 1460 934 1496 caeli
967 1459 1014 1496 de
1046 1459 1241 1496 cacumine

338 1517 500 1554 Domum
531 1514 711 1553 fecundet
742 1516 975 1562 sempiterno
1007 1526 1174 1554 munere.

253 1633 289 1670 6.
334 1630 554 1676 Quicunque
583 1632 689 1666 tuum
720 1632 894 1666 sanctum
925 1639 1062 1665 nomen
1095 1629 1261 1676 supplici

338 1687 529 1733 Plenoque
561 1686 676 1723 corde
707 1690 960 1732 precatusque
992 1684 1110 1722 fuerit

338 1744 460 1781 Huius
487 1743 526 1780 in
557 1743 664 1780 aedis
695 1747 827 1779 sancto
860 1742 1066 1787 domicilio,

338 1801 392 1837 Te
423 1800 609 1847 largiente
641 1800 691 1836 sit
721 1799 820 1836 liber
850 1810 872 1836 a
903 1799 1084 1846 crimine3

341 1857 517 1894 Exclude
548 1861 707 1906 pestem,
740 1855 892 1894 morbos
923 1866 1053 1893 omnes
1087 1857 1201 1897 dilue.

260 1972 280 2008 x]

288 2001 296 2009 .
343 1970 424 2007 Tuo
455 1974 606 2007 sacrato
637 1969 698 2006 hic
731 1969 881 2017 depasti
914 1979 1073 2016 corpore

343 2028 500 2073 Tuoque
532 2030 664 2064 sancto
695 2027 824 2063 satiati
855 2026 1051 2077 sanguine,

347 2083 405 2121 Ab
437 2084 546 2121 hoste
575 2088 640 2121 tuo
674 2082 822 2121 defensi
855 2083 1062 2120 munimine

344 2141 454 2177 Laeti
483 2139 617 2178 fideles
648 2140 857 2178 sortiantur
887 2140 1029 2177 servuli

347 2198 457 2235 Vitae
488 2197 667 2244 perennis
698 2197 779 2234 sine
810 2196 884 2234 fine
914 2197 1067 2244 gaudia.

262 2311 300 2348 8.
347 2310 488 2347 Rerum
519 2313 680 2357 creator,
711 2311 810 2360 Iesu,
844 2310 964 2357 patris
995 2310 1118 2356 unice,

346 2367 533 2414 Mundum
566 2377 699 2403 cruore
729 2367 854 2404 salvas
886 2367 950 2414 qui
981 2375 1187 2413 purpureo,

348 2425 512 2461 Peccata
543 2423 646 2461 tollis
678 2424 781 2460 solus
812 2424 876 2470 qui
905 2422 1104 2470 pestifera,

350 2480 518 2527 Dignare
549 2485 633 2517 tuos
664 2491 821 2517 munere
851 2480 1018 2527 gratuito

348 2537 410 2574 Ad
440 2541 546 2574 astra
577 2537 674 2574 caeli
703 2537 856 2574 mittere
888 2537 1084 2575 ruricolaS.

265 2653 302 2689 Ω.
350 2650 407 2688 Sit
438 2660 589 2697 semper
617 2650 696 2687 alta
726 2650 808 2687 Deo
839 2649 941 2696 patri
973 2649 1107 2696 gloria,

349 2707 480 2745 Omnis
509 2711 680 2753 potestas
712 2707 762 2742 sit
794 2706 934 2743 dilecto
965 2705 1043 2742 filio

352 2765 567 2810 sanctoque
598 2773 749 2809 semper
781 2763 903 2809 gloria
935 2762 1136 2808 paraclito,

350 2820 484 2857 Honor
515 2825 550 2856 et
584 2820 716 2869 virtus,
748 2819 845 2867 laus,
879 2819 1007 2864 decus,
1040 2819 1242 2865 imperium

351 2877 401 2914 Et
433 2887 533 2913 nunc
564 2880 601 2912 et
630 2876 732 2913 ultra
763 2876 813 2912 sit
844 2886 913 2922 per
940 2879 1075 2912 cuncta
1105 2875 1269 2914 saecula.

99 2976 103 2979 Ι
133 2945 295 2976 Dreves,
317 2945 522 2972 Lateinische
543 2943 836 2978 Hymnendichter.
878 2943 921 2970 11.

1386 2939 1427 2974 10
