1914 3223
745 200 798 205 —
856 178 935 219 :371
997 202 1053 209 -—

282 289 321 328 2.
368 289 605 336 Principium
638 300 783 334 verum,
817 292 875 328 cui
906 291 1058 330 subdita
1088 294 1261 331 machina
1293 305 1416 333 rerum

373 345 475 383 Vivit
507 350 543 383 et
578 346 735 393 incedit,
769 348 989 394 respondet,
1022 351 1154 399 servit,
1186 351 1352 398 oboedit‚

372 401 452 439 Fac
483 402 552 439 tibi
586 413 655 440 nos
687 403 821 453 subici,
853 404 1002 442 calcare
1031 406 1138 443 dolos
1169 407 1324 447 inimici.

282 500 320 537 3.
369 499 439 545 Qui
471 498 662 541 Satanam‚
696 499 810 536 caelis
844 499 1029 537 deiectum
1064 502 1098 537 vi
1129 503 1342 553 Michaelis,

372 556 415 592 ln
449 555 671 592 barathrum
704 555 841 604 trudis,
875 557 1061 594 hominem
1094 569 1162 604 pro
1196 560 1376 597 daemone
1408 561 1514 598 cudis

368 612 458 661 Fac,
490 611 585 648 bene
619 612 800 662 vivamus,
834 623 880 649 ne
912 624 993 650 cum
1027 614 1195 652 Sathana
1226 627 1436 663 pereamus,

1519 591 1527 609 7

284 709 323 746 4.
371 708 441 754 Qui
473 713 559 756 post
591 707 766 745 fallacem
801 708 1004 746 Sathanam
1038 712 1184 748 ratione
1215 722 1392 759 capacem

244 1971 310 2009 10.

248 2175 312 2214 11.

244 2379 312 2417 12.

239 2583 306 2621 13.

241 2787 306 2827 14.

363 765 489 802 Adam
521 765 736 814 plasmasti,
767 766 834 802 sed
869 776 949 802 eum
982 767 1094 814 culpa
1124 768 1351 816 reprobasti,

367 821 526 859 Casibus
557 822 769 858 innumeris
803 822 963 859 hominis
989 824 1115 861 miseri
1148 825 1351 865 misereris

309 948 317 956 .
365 917 436 964 Qui
467 928 537 964 per
565 918 680 966 Abel,
716 916 838 955 frater
868 929 976 965 quem
1010 919 1102 957 Cain
1133 921 1303 967 perdidit
1333 925 1428 972 ater,

365 976 444 1012 lam
477 974 622 1012 Christi
657 974 814 1012 rubeum
847 976 1024 1022 signabas
1055 982 1177 1014 morte
1208 982 1418 1025 tropaeum,

363 1032 440 1069 Per
472 1031 614 1069 Christi
646 1039 804 1068 mortem
837 1032 978 1071 Christi
1011 1032 1177 1070 defende
1209 1035 1414 1074 cohortem.

364 1128 435 1174 Qui
466 1138 536 1175 per
565 1128 699 1166 Enoch
733 1134 896 1175 raptum,
929 1129 1100 1176 paradisi
1131 1130 1285 1167 sedibus
1316 1136 1458 1179 aptum,

359 1185 578 1223 Praestruis
612 1185 650 1222 in
682 1184 756 1222 fine
790 1186 920 1222 mundi
951 1187 1142 1223 medicare
1173 1188 1316 1235 ruinae,

362 1241 473 1278 Nunc
504 1242 616 1279 etiam
649 1242 790 1279 morbis
824 1242 946 1289 pietas
973 1247 1039 1280 tua
1070 1244 1240 1281 consulat
1270 1244 1385 1283 orbis.

367 1338 438 1385 Qui
468 1338 551 1375 Noe
583 1338 719 1376 vexisti
751 1349 866 1385 super
895 1349 1037 1386 aequor
1067 1343 1104 1376 et
1135 1339 1320 1391 eripuisti,

360 1395 519 1433 Saecula
550 1395 647 1432 iusta
678 1406 812 1443 parum
842 1407 926 1433 cum
958 1396 1087 1432 mersit
1119 1396 1278 1443 abyssus
1309 1408 1506 1445 aquarum,

364 1452 422 1489 Ne
453 1452 552 1489 male
583 1463 808 1500 mergamur,
841 1456 879 1489 te
910 1463 1147 1499 quaesumus,
1180 1454 1399 1500 eripiamur.

368 1549 438 1594 Qui
470 1559 540 1595 per
569 1548 713 1586 Abram
744 1548 901 1595 perimis
932 1548 1114 1595 spoliatos
1146 1548 1258 1586 rebus
1289 1550 1425 1596 opimis

365 1605 536 1652 Quinque
567 1605 678 1642 simul
710 1616 817 1651 reges
848 1605 950 1642 nisos
982 1609 1155 1642 evertere
1185 1606 1300 1654 leges,

362 1663 699 1709 Quantumcunque
731 1662 847 1712 vales,
880 1662 984 1699 nisus
1015 1672 1146 1710 preme
1177 1663 1445 1702 daemoniales.

353 1759 424 1804 Qui
457 1759 556 1796 Loth
589 1759 635 1795 de
668 1758 842 1796 Sodomis
877 1758 954 1795 dux
983 1758 1032 1795 ad
1065 1759 1293 1805 campestria
1323 1760 1465 1805 promis

362 1816 495 1853 Perdis
525 1820 561 1852 et
592 1815 799 1852 obscaenos
832 1815 1049 1852 Sodomitas
1080 1820 1249 1852 stercore
1279 1816 1425 1862 plenoS,

362 1873 498 1910 Exime
531 1876 749 1909 cunctorum
780 1882 848 1908 nos
880 1871 928 1908 de
957 1875 1071 1918 puteo
1102 1871 1290 1910 vitiorum.

358 1969 431 2015 Qui
463 1969 530 2006 Iob
562 1973 737 2006 vexatum
771 1968 908 2004 totiens
940 1969 1152 2014 totiensque
1181 1968 1383 2015 probatum

360 2025 479 2063 Sanas
512 2026 641 2062 divina
671 2025 770 2062 bona
801 2025 1059 2071 multiplicans
1089 2025 1290 2072 medicina,

355 2083 497 2129 Aspice
527 2082 761 2132 languentes,
794 2080 853 2118 fer
882 2092 990 2128 opem
1023 2092 1190 2128 sanaque
1221 2081 1405 2120 dolentes.

359 2174 504 2220 Quique
534 2173 671 2221 Ioseph
701 2178 848 2220 gratum
880 2172 950 2209 tibi
980 2183 1110 2209 servas
1135 2173 1417 2210 immaculatum

354 2231 407 2268 Et
438 2230 626 2267 dominam
658 2230 738 2267 cari
769 2229 926 2276 proprio
957 2229 1049 2265 sinis
1080 2229 1167 2276 igne
1199 2230 1371 2277 cremari,

353 2285 477 2324 Effice
508 2298 576 2324 nos
607 2291 734 2334 gratos
767 2286 837 2322 tibi
867 2296 1018 2332 semper
1049 2289 1085 2322 et
1115 2285 1390 2325 immaculatos,

358 2378 429 2425 Qui
459 2388 563 2414 mare
594 2377 746 2414 siccasti
777 2377 958 2424 populum
990 2387 1059 2423 per
1088 2376 1190 2413 sicca
1220 2377 1376 2426 vocasti,

355 2435 446 2472 Cum
478 2434 758 2481 superimponis
790 2434 945 2481 pelagus
977 2443 1094 2470 cuneo
1126 2433 1346 2482 Pharaonis,

354 2491 479 2530 Perde
509 2491 762 2537 malignantes
793 2494 831 2526 et
861 2489 970 2527 nobis
1000 2490 1238 2527 insidiantes.

352 2582 422 2629 Qui
456 2581 560 2618 Deus
590 2582 741 2618 Adonai
772 2580 920 2618 tabulas
951 2580 989 2617 in
1021 2584 1147 2617 monte
1178 2580 1283 2617 Sinai

353 2638 492 2675 Sancto
521 2637 709 2684 scripsisti
741 2637 860 2684 digito
891 2637 1090 2683 Moysique
1122 2636 1273 2685 dedisti,

354 2696 426 2731 Per
455 2700 519 2731 tua
549 2694 729 2731 mandata
760 2694 854 2729 vehe
883 2704 951 2730 nos
983 2694 1032 2730 ad
1064 2703 1180 2740 regna
1211 2693 1334 2731 beata.

353 2786 424 2831 Qui
455 2796 563 2831 nuce,
596 2785 657 2831 qui
690 2783 794 2828 flore,
827 2785 888 2831 qui
920 2784 1099 2831 germine,
1133 2783 1280 2830 fronde,
1314 2784 1439 2821 virore

352 2842 556 2879 Gestamen
590 2842 703 2878 vestis
736 2842 862 2878 Aaron
895 2841 1010 2887 signis
1042 2839 1264 2889 manifestis,

352 2899 443 2945 Fac,
476 2905 517 2935 ut
546 2909 651 2936 amor
682 2902 827 2936 crescat
858 2898 895 2934 in
926 2897 1035 2934 nobis
1063 2908 1224 2945 spesque
1256 2897 1431 2936 virescat.

1378 2962 1451 2996 24*
