<?xml version="1.0" encoding="UTF-8"?>
<!DOCTYPE html PUBLIC "-//W3C//DTD XHTML 1.0 Transitional//EN"
    "http://www.w3.org/TR/xhtml1/DTD/xhtml1-transitional.dtd">
<html xmlns="http://www.w3.org/1999/xhtml" xml:lang="en" lang="en">
 <head>
  <title>
</title>
<meta http-equiv="Content-Type" content="text/html;charset=utf-8" />
  <meta name='ocr-system' content='tesseract 3.04.00' />
  <meta name='ocr-capabilities' content='ocr_page ocr_carea ocr_par ocr_line ocrx_word'/>
</head>
<body>
  <div class='ocr_page' id='page_1' title='image "./hymnographilatin01drevuoft_0325.png"; bbox 0 0 1914 3223; ppageno 0'>
   <div class='ocr_carea' id='block_1_1' title="bbox 92 308 162 346">
    <p class='ocr_par' dir='ltr' id='par_1_1' title="bbox 92 308 162 346">
     <span class='ocr_line' id='line_1_1' title="bbox 92 308 162 346; baseline 0.014 -2"><span class='ocrx_word' id='word_1_1' title='bbox 92 308 162 346; x_wconf 71' lang='lat' dir='ltr'>5‘a.</span> 
     </span>
    </p>
   </div>
   <div class='ocr_carea' id='block_1_2' title="bbox 94 654 161 694">
    <p class='ocr_par' dir='ltr' id='par_1_2' title="bbox 94 654 161 694">
     <span class='ocr_line' id='line_1_2' title="bbox 94 654 161 694; baseline 0.03 -3"><span class='ocrx_word' id='word_1_2' title='bbox 94 654 161 694; x_wconf 80' lang='lat' dir='ltr'>la.</span> 
     </span>
    </p>
   </div>
   <div class='ocr_carea' id='block_1_3' title="bbox 92 1047 161 1084">
    <p class='ocr_par' dir='ltr' id='par_1_3' title="bbox 92 1047 161 1084">
     <span class='ocr_line' id='line_1_3' title="bbox 92 1047 161 1084; baseline 0 0"><span class='ocrx_word' id='word_1_3' title='bbox 92 1047 161 1084; x_wconf 83' lang='lat' dir='ltr'>3a.</span> 
     </span>
    </p>
   </div>
   <div class='ocr_carea' id='block_1_4' title="bbox 92 1244 164 1281">
    <p class='ocr_par' dir='ltr' id='par_1_4' title="bbox 92 1244 164 1281">
     <span class='ocr_line' id='line_1_4' title="bbox 92 1244 164 1281; baseline 0 -1"><span class='ocrx_word' id='word_1_4' title='bbox 92 1244 164 1281; x_wconf 81' lang='lat' dir='ltr'>4a.</span> 
     </span>
    </p>
   </div>
   <div class='ocr_carea' id='block_1_5' title="bbox 93 1443 162 1478">
    <p class='ocr_par' dir='ltr' id='par_1_5' title="bbox 93 1443 162 1478">
     <span class='ocr_line' id='line_1_5' title="bbox 93 1443 162 1478; baseline 0.014 -1"><span class='ocrx_word' id='word_1_5' title='bbox 93 1443 114 1477; x_wconf 85' lang='lat'>5</span> <span class='ocrx_word' id='word_1_6' title='bbox 128 1451 162 1478; x_wconf 84' lang='lat' dir='ltr'>a.</span> 
     </span>
    </p>
   </div>
   <div class='ocr_carea' id='block_1_6' title="bbox 92 1638 162 1675">
    <p class='ocr_par' dir='ltr' id='par_1_6' title="bbox 92 1638 162 1675">
     <span class='ocr_line' id='line_1_6' title="bbox 92 1638 162 1675; baseline -0.014 0"><span class='ocrx_word' id='word_1_7' title='bbox 92 1638 162 1675; x_wconf 76' lang='lat' dir='ltr'>ea.</span> 
     </span>
    </p>
   </div>
   <div class='ocr_carea' id='block_1_7' title="bbox 92 1991 159 2030">
    <p class='ocr_par' dir='ltr' id='par_1_7' title="bbox 92 1991 159 2030">
     <span class='ocr_line' id='line_1_7' title="bbox 92 1991 159 2030; baseline 0.015 -2"><span class='ocrx_word' id='word_1_8' title='bbox 92 1991 159 2030; x_wconf 83' lang='lat' dir='ltr'>la.</span> 
     </span>
    </p>
   </div>
   <div class='ocr_carea' id='block_1_8' title="bbox 89 2387 158 2425">
    <p class='ocr_par' dir='ltr' id='par_1_8' title="bbox 89 2387 158 2425">
     <span class='ocr_line' id='line_1_8' title="bbox 89 2387 158 2425; baseline 0.029 -3"><span class='ocrx_word' id='word_1_9' title='bbox 89 2387 158 2425; x_wconf 86' lang='lat' dir='ltr'>3a.</span> 
     </span>
    </p>
   </div>
   <div class='ocr_carea' id='block_1_9' title="bbox 87 2584 156 2620">
    <p class='ocr_par' dir='ltr' id='par_1_9' title="bbox 87 2584 156 2620">
     <span class='ocr_line' id='line_1_9' title="bbox 87 2584 156 2620; baseline -0.014 0"><span class='ocrx_word' id='word_1_10' title='bbox 87 2584 156 2620; x_wconf 66' lang='lat'>422.</span> 
     </span>
    </p>
   </div>
   <div class='ocr_carea' id='block_1_10' title="bbox 707 188 1010 228">
    <p class='ocr_par' dir='ltr' id='par_1_10' title="bbox 707 188 1010 228">
     <span class='ocr_line' id='line_1_10' title="bbox 707 188 1010 228; baseline 0.007 -2"><span class='ocrx_word' id='word_1_11' title='bbox 707 210 762 217; x_wconf 89' lang='lat'>—</span> <span class='ocrx_word' id='word_1_12' title='bbox 819 188 900 228; x_wconf 72' lang='lat'>:310</span> <span class='ocrx_word' id='word_1_13' title='bbox 962 211 1010 216; x_wconf 90' lang='lat'>-—</span> 
     </span>
    </p>
   </div>
   <div class='ocr_carea' id='block_1_11' title="bbox 203 302 744 463">
    <p class='ocr_par' dir='ltr' id='par_1_11' title="bbox 203 302 744 463">
     <span class='ocr_line' id='line_1_11' title="bbox 205 302 744 352; baseline -0.009 -9"><span class='ocrx_word' id='word_1_14' title='bbox 205 306 402 352; x_wconf 78' lang='lat' dir='ltr'>Nunquam</span> <span class='ocrx_word' id='word_1_15' title='bbox 433 304 531 341; x_wconf 87' lang='lat' dir='ltr'>ultra</span> <span class='ocrx_word' id='word_1_16' title='bbox 561 302 744 344; x_wconf 78' lang='lat' dir='ltr'>morituri,</span> 
     </span>
     <span class='ocr_line' id='line_1_12' title="bbox 203 358 644 408; baseline -0.009 -9"><span class='ocrx_word' id='word_1_17' title='bbox 203 363 276 399; x_wconf 84' lang='lat' dir='ltr'>Sed</span> <span class='ocrx_word' id='word_1_18' title='bbox 309 360 462 408; x_wconf 86' lang='lat' dir='ltr'>perenni</span> <span class='ocrx_word' id='word_1_19' title='bbox 495 358 644 397; x_wconf 85' lang='lat' dir='ltr'>fruituri</span> 
     </span>
     <span class='ocr_line' id='line_1_13' title="bbox 258 415 674 463; baseline -0.007 -9"><span class='ocrx_word' id='word_1_20' title='bbox 258 420 349 455; x_wconf 80' lang='lat' dir='ltr'>t&#39;um</span> <span class='ocrx_word' id='word_1_21' title='bbox 378 416 507 454; x_wconf 87' lang='lat' dir='ltr'>electis</span> <span class='ocrx_word' id='word_1_22' title='bbox 537 415 674 463; x_wconf 83' lang='lat' dir='ltr'>gloria;</span> 
     </span>
    </p>
   </div>
   <div class='ocr_carea' id='block_1_12' title="bbox 899 296 1588 450">
    <p class='ocr_par' dir='ltr' id='par_1_12' title="bbox 899 296 1588 450">
     <span class='ocr_line' id='line_1_14' title="bbox 899 296 1588 348; baseline -0.012 -9"><span class='ocrx_word' id='word_1_23' title='bbox 899 301 971 339; x_wconf 73' lang='lat'>51».</span> <span class='ocrx_word' id='word_1_24' title='bbox 1012 301 1083 340; x_wconf 87' lang='lat' dir='ltr'>Ubi</span> <span class='ocrx_word' id='word_1_25' title='bbox 1117 301 1289 348; x_wconf 86' lang='lat' dir='ltr'>planctus</span> <span class='ocrx_word' id='word_1_26' title='bbox 1321 310 1391 337; x_wconf 89' lang='lat' dir='ltr'>non</span> <span class='ocrx_word' id='word_1_27' title='bbox 1423 296 1588 343; x_wconf 80' lang='lat' dir='ltr'>auditur,</span> 
     </span>
     <span class='ocr_line' id='line_1_15' title="bbox 1014 353 1517 396; baseline -0.012 -1"><span class='ocrx_word' id='word_1_28' title='bbox 1014 358 1084 396; x_wconf 72' lang='lat' dir='ltr'>Ubi</span> <span class='ocrx_word' id='word_1_29' title='bbox 1116 357 1223 394; x_wconf 80' lang='lat' dir='ltr'>dolor</span> <span class='ocrx_word' id='word_1_30' title='bbox 1254 368 1325 393; x_wconf 92' lang='lat' dir='ltr'>non</span> <span class='ocrx_word' id='word_1_31' title='bbox 1357 353 1517 392; x_wconf 73' lang='lat' dir='ltr'>sentitur</span> 
     </span>
     <span class='ocr_line' id='line_1_16' title="bbox 1069 412 1467 450; baseline -0.008 0"><span class='ocrx_word' id='word_1_32' title='bbox 1069 414 1146 450; x_wconf 81' lang='lat' dir='ltr'>Nec</span> <span class='ocrx_word' id='word_1_33' title='bbox 1177 414 1254 450; x_wconf 87' lang='lat' dir='ltr'>ulla</span> <span class='ocrx_word' id='word_1_34' title='bbox 1283 412 1467 449; x_wconf 87' lang='lat' dir='ltr'>molestia.</span> 
     </span>
    </p>
   </div>
   <div class='ocr_carea' id='block_1_13' title="bbox 585 556 1137 600">
    <p class='ocr_par' dir='ltr' id='par_1_13' title="bbox 585 556 1137 600">
     <span class='ocr_line' id='line_1_17' title="bbox 585 556 1137 600; baseline 0.004 -11"><span class='ocrx_word' id='word_1_35' title='bbox 585 556 665 593; x_wconf 64' lang='lat' dir='ltr'>ata.</span> <span class='ocrx_word' id='word_1_36' title='bbox 702 557 759 594; x_wconf 71' lang='lat'>(4.)</span> <span class='ocrx_word' id='word_1_37' title='bbox 796 557 851 591; x_wconf 80' lang='lat' dir='ltr'>ne</span> <span class='ocrx_word' id='word_1_38' title='bbox 877 556 1137 600; x_wconf 68' lang='lat' dir='ltr'>Mai-tyrimas.</span> 
     </span>
    </p>
   </div>
   <div class='ocr_carea' id='block_1_14' title="bbox 205 651 789 813">
    <p class='ocr_par' dir='ltr' id='par_1_14' title="bbox 205 651 789 813">
     <span class='ocr_line' id='line_1_18' title="bbox 206 651 789 701; baseline -0.007 -10"><span class='ocrx_word' id='word_1_39' title='bbox 206 653 297 701; x_wconf 80' lang='lat' dir='ltr'>Regi</span> <span class='ocrx_word' id='word_1_40' title='bbox 330 664 454 699; x_wconf 77' lang='lat' dir='ltr'>regum</span> <span class='ocrx_word' id='word_1_41' title='bbox 487 658 608 689; x_wconf 82' lang='lat' dir='ltr'>mente</span> <span class='ocrx_word' id='word_1_42' title='bbox 641 651 789 697; x_wconf 77' lang='lat' dir='ltr'>munda,</span> 
     </span>
     <span class='ocr_line' id='line_1_19' title="bbox 205 707 752 747; baseline -0.005 0"><span class='ocrx_word' id='word_1_43' title='bbox 205 710 298 747; x_wconf 87' lang='lat' dir='ltr'>Dum</span> <span class='ocrx_word' id='word_1_44' title='bbox 330 709 398 746; x_wconf 82' lang='lat' dir='ltr'>hac</span> <span class='ocrx_word' id='word_1_45' title='bbox 429 709 488 746; x_wconf 87' lang='lat' dir='ltr'>die</span> <span class='ocrx_word' id='word_1_46' title='bbox 520 708 557 745; x_wconf 81' lang='lat' dir='ltr'>fit</span> <span class='ocrx_word' id='word_1_47' title='bbox 590 707 752 744; x_wconf 82' lang='lat' dir='ltr'>iucunda</span> 
     </span>
     <span class='ocr_line' id='line_1_20' title="bbox 259 765 688 813; baseline -0.007 -10"><span class='ocrx_word' id='word_1_48' title='bbox 259 766 468 813; x_wconf 77' lang='lat' dir='ltr'><strong>Martyrum</strong></span> <span class='ocrx_word' id='word_1_49' title='bbox 500 765 688 810; x_wconf 79' lang='lat' dir='ltr'>memoria,</span> 
     </span>
    </p>
   </div>
   <div class='ocr_carea' id='block_1_15' title="bbox 153 848 750 893">
    <p class='ocr_par' dir='ltr' id='par_1_15' title="bbox 153 848 750 893">
     <span class='ocr_line' id='line_1_21' title="bbox 153 848 750 893; baseline -0.005 -5"><span class='ocrx_word' id='word_1_50' title='bbox 153 880 161 888; x_wconf 93' lang='lat'><em>.</em></span> <span class='ocrx_word' id='word_1_51' title='bbox 204 849 251 887; x_wconf 87' lang='lat' dir='ltr'>Hi</span> <span class='ocrx_word' id='word_1_52' title='bbox 283 850 446 887; x_wconf 81' lang='lat' dir='ltr'>athletae.</span> <span class='ocrx_word' id='word_1_53' title='bbox 477 849 608 886; x_wconf 83' lang='lat' dir='ltr'>summi</span> <span class='ocrx_word' id='word_1_54' title='bbox 640 848 750 893; x_wconf 63' lang='lat' dir='ltr'>regis,</span> 
     </span>
    </p>
   </div>
   <div class='ocr_carea' id='block_1_16' title="bbox 206 905 793 1010">
    <p class='ocr_par' dir='ltr' id='par_1_16' title="bbox 206 905 793 1010">
     <span class='ocr_line' id='line_1_22' title="bbox 206 905 793 952; baseline -0.005 -9"><span class='ocrx_word' id='word_1_55' title='bbox 206 907 365 952; x_wconf 78' lang='lat' dir='ltr'>Propter</span> <span class='ocrx_word' id='word_1_56' title='bbox 395 906 513 942; x_wconf 76' lang='lat' dir='ltr'>zelum</span> <span class='ocrx_word' id='word_1_57' title='bbox 543 916 670 943; x_wconf 82' lang='lat' dir='ltr'>sacrae</span> <span class='ocrx_word' id='word_1_58' title='bbox 700 905 793 951; x_wconf 79' lang='lat' dir='ltr'>legis</span> 
     </span>
     <span class='ocr_line' id='line_1_23' title="bbox 258 961 653 1010; baseline -0.005 -11"><span class='ocrx_word' id='word_1_59' title='bbox 258 962 347 999; x_wconf 89' lang='lat' dir='ltr'>Dati</span> <span class='ocrx_word' id='word_1_60' title='bbox 378 962 425 999; x_wconf 89' lang='lat' dir='ltr'>ad</span> <span class='ocrx_word' id='word_1_61' title='bbox 456 961 653 1010; x_wconf 88' lang='lat' dir='ltr'>supplicia,</span> 
     </span>
    </p>
   </div>
   <div class='ocr_carea' id='block_1_17' title="bbox 204 1046 673 1205">
    <p class='ocr_par' dir='ltr' id='par_1_17' title="bbox 204 1046 673 1205">
     <span class='ocr_line' id='line_1_24' title="bbox 204 1046 614 1092; baseline -0.002 -10"><span class='ocrx_word' id='word_1_62' title='bbox 204 1046 244 1083; x_wconf 90' lang='lat' dir='ltr'>In</span> <span class='ocrx_word' id='word_1_63' title='bbox 275 1056 393 1092; x_wconf 81' lang='lat' dir='ltr'>agone</span> <span class='ocrx_word' id='word_1_64' title='bbox 423 1046 614 1082; x_wconf 87' lang='lat' dir='ltr'>constituti</span> 
     </span>
     <span class='ocr_line' id='line_1_25' title="bbox 204 1101 671 1139; baseline -0.004 0"><span class='ocrx_word' id='word_1_65' title='bbox 204 1101 287 1139; x_wconf 88' lang='lat' dir='ltr'>Diri</span> <span class='ocrx_word' id='word_1_66' title='bbox 318 1101 435 1139; x_wconf 87' lang='lat' dir='ltr'>hostis</span> <span class='ocrx_word' id='word_1_67' title='bbox 466 1107 501 1138; x_wconf 91' lang='lat' dir='ltr'>et</span> <span class='ocrx_word' id='word_1_68' title='bbox 533 1101 671 1138; x_wconf 85' lang='lat' dir='ltr'>versuti</span> 
     </span>
     <span class='ocr_line' id='line_1_26' title="bbox 261 1158 673 1205; baseline -0.005 -10"><span class='ocrx_word' id='word_1_69' title='bbox 261 1158 484 1205; x_wconf 84' lang='lat' dir='ltr'>Contempta</span> <span class='ocrx_word' id='word_1_70' title='bbox 516 1158 673 1195; x_wconf 85' lang='lat' dir='ltr'>saevitia</span> 
     </span>
    </p>
   </div>
   <div class='ocr_carea' id='block_1_18' title="bbox 203 1241 771 1401">
    <p class='ocr_par' dir='ltr' id='par_1_18' title="bbox 203 1241 771 1401">
     <span class='ocr_line' id='line_1_27' title="bbox 205 1241 771 1289; baseline -0.002 -10"><span class='ocrx_word' id='word_1_71' title='bbox 205 1243 351 1288; x_wconf 81' lang='lat' dir='ltr'>Quanto</span> <span class='ocrx_word' id='word_1_72' title='bbox 382 1253 470 1279; x_wconf 87' lang='lat' dir='ltr'>vero</span> <span class='ocrx_word' id='word_1_73' title='bbox 501 1242 584 1289; x_wconf 78' lang='lat' dir='ltr'>plus</span> <span class='ocrx_word' id='word_1_74' title='bbox 615 1241 771 1289; x_wconf 83' lang='lat' dir='ltr'>urgebat</span> 
     </span>
     <span class='ocr_line' id='line_1_28' title="bbox 203 1298 634 1335; baseline -0.002 0"><span class='ocrx_word' id='word_1_75' title='bbox 203 1298 250 1335; x_wconf 84' lang='lat' dir='ltr'>Et</span> <span class='ocrx_word' id='word_1_76' title='bbox 282 1298 319 1335; x_wconf 90' lang='lat' dir='ltr'>in</span> <span class='ocrx_word' id='word_1_77' title='bbox 352 1309 414 1335; x_wconf 76' lang='lat' dir='ltr'>eos</span> <span class='ocrx_word' id='word_1_78' title='bbox 445 1298 634 1335; x_wconf 78' lang='lat' dir='ltr'>saeviebat</span> 
     </span>
     <span class='ocr_line' id='line_1_29' title="bbox 261 1354 636 1401; baseline 0 -9"><span class='ocrx_word' id='word_1_79' title='bbox 261 1354 398 1392; x_wconf 83' lang='lat' dir='ltr'>Rabies</span> <span class='ocrx_word' id='word_1_80' title='bbox 422 1355 636 1401; x_wconf 64' lang='lat' dir='ltr'>¹tyrannica,</span> 
     </span>
    </p>
   </div>
   <div class='ocr_carea' id='block_1_19' title="bbox 205 1438 810 1599">
    <p class='ocr_par' dir='ltr' id='par_1_19' title="bbox 205 1438 810 1599">
     <span class='ocr_line' id='line_1_30' title="bbox 206 1438 768 1486; baseline 0.002 -11"><span class='ocrx_word' id='word_1_81' title='bbox 206 1438 376 1484; x_wconf 77' lang='lat' dir='ltr'>Ferrum,</span> <span class='ocrx_word' id='word_1_82' title='bbox 409 1439 511 1486; x_wconf 81' lang='lat' dir='ltr'>ignes</span> <span class='ocrx_word' id='word_1_83' title='bbox 543 1445 579 1476; x_wconf 84' lang='lat' dir='ltr'>et</span> <span class='ocrx_word' id='word_1_84' title='bbox 609 1444 768 1476; x_wconf 83' lang='lat' dir='ltr'>tortores</span> 
     </span>
     <span class='ocr_line' id='line_1_31' title="bbox 205 1496 810 1542; baseline -0.002 -10"><span class='ocrx_word' id='word_1_85' title='bbox 205 1496 348 1532; x_wconf 86' lang='lat' dir='ltr'>Poenas</span> <span class='ocrx_word' id='word_1_86' title='bbox 379 1507 543 1542; x_wconf 83' lang='lat' dir='ltr'>quasque</span> <span class='ocrx_word' id='word_1_87' title='bbox 573 1507 616 1532; x_wconf 83' lang='lat' dir='ltr'>ae</span> <span class='ocrx_word' id='word_1_88' title='bbox 647 1502 810 1533; x_wconf 81' lang='lat' dir='ltr'>terrores</span> 
     </span>
     <span class='ocr_line' id='line_1_32' title="bbox 261 1552 636 1599; baseline 0 -10"><span class='ocrx_word' id='word_1_89' title='bbox 261 1552 495 1599; x_wconf 87' lang='lat' dir='ltr'>Reputarunt</span> <span class='ocrx_word' id='word_1_90' title='bbox 528 1553 636 1597; x_wconf 77' lang='lat' dir='ltr'>levia,</span> 
     </span>
    </p>
   </div>
   <div class='ocr_carea' id='block_1_20' title="bbox 202 1637 777 1800">
    <p class='ocr_par' dir='ltr' id='par_1_20' title="bbox 202 1637 777 1800">
     <span class='ocr_line' id='line_1_33' title="bbox 204 1637 777 1683; baseline 0 -10"><span class='ocrx_word' id='word_1_91' title='bbox 204 1638 283 1674; x_wconf 84' lang='lat' dir='ltr'>Rex</span> <span class='ocrx_word' id='word_1_92' title='bbox 315 1641 479 1683; x_wconf 75' lang='lat' dir='ltr'>aeterne,¹</span> <span class='ocrx_word' id='word_1_93' title='bbox 510 1637 572 1683; x_wconf 85' lang='lat' dir='ltr'>qui</span> <span class='ocrx_word' id='word_1_94' title='bbox 605 1637 777 1674; x_wconf 88' lang='lat' dir='ltr'>virtutem</span> 
     </span>
     <span class='ocr_line' id='line_1_34' title="bbox 202 1693 632 1731; baseline -0.002 0"><span class='ocrx_word' id='word_1_95' title='bbox 202 1693 382 1731; x_wconf 89' lang='lat' dir='ltr'>Tribuisti</span> <span class='ocrx_word' id='word_1_96' title='bbox 411 1698 447 1730; x_wconf 78' lang='lat' dir='ltr'>et</span> <span class='ocrx_word' id='word_1_97' title='bbox 477 1693 632 1730; x_wconf 83' lang='lat' dir='ltr'>salutem</span> 
     </span>
     <span class='ocr_line' id='line_1_35' title="bbox 257 1749 763 1800; baseline 0.002 -14"><span class='ocrx_word' id='word_1_98' title='bbox 257 1749 326 1786; x_wconf 83' lang='lat' dir='ltr'>His</span> <span class='ocrx_word' id='word_1_99' title='bbox 356 1749 494 1786; x_wconf 84' lang='lat' dir='ltr'>sanetis</span> <span class='ocrx_word' id='word_1_100' title='bbox 525 1750 763 1800; x_wconf 67' lang='lat' dir='ltr'>martyribus,</span> 
     </span>
    </p>
   </div>
   <div class='ocr_carea' id='block_1_21' title="bbox 903 650 1594 811">
    <p class='ocr_par' dir='ltr' id='par_1_21' title="bbox 903 650 1594 811">
     <span class='ocr_line' id='line_1_36' title="bbox 903 650 1536 696; baseline -0.002 -9"><span class='ocrx_word' id='word_1_101' title='bbox 903 650 969 688; x_wconf 90' lang='lat' dir='ltr'>lb.</span> <span class='ocrx_word' id='word_1_102' title='bbox 1013 650 1121 688; x_wconf 81' lang='lat' dir='ltr'>Plebs</span> <span class='ocrx_word' id='word_1_103' title='bbox 1154 650 1278 687; x_wconf 81' lang='lat' dir='ltr'>tidelis</span> <span class='ocrx_word' id='word_1_104' title='bbox 1308 655 1417 696; x_wconf 85' lang='lat' dir='ltr'>grata</span> <span class='ocrx_word' id='word_1_105' title='bbox 1447 654 1536 687; x_wconf 82' lang='lat' dir='ltr'>vota</span> 
     </span>
     <span class='ocr_line' id='line_1_37' title="bbox 1011 706 1594 753; baseline -0.003 -9"><span class='ocrx_word' id='word_1_106' title='bbox 1011 708 1189 753; x_wconf 87' lang='lat' dir='ltr'>Prompte</span> <span class='ocrx_word' id='word_1_107' title='bbox 1221 707 1359 744; x_wconf 86' lang='lat' dir='ltr'>reddat</span> <span class='ocrx_word' id='word_1_108' title='bbox 1389 709 1426 742; x_wconf 86' lang='lat' dir='ltr'>et</span> <span class='ocrx_word' id='word_1_109' title='bbox 1457 706 1594 744; x_wconf 89' lang='lat' dir='ltr'>devota</span> 
     </span>
     <span class='ocr_line' id='line_1_38' title="bbox 1067 762 1492 811; baseline -0.002 -11"><span class='ocrx_word' id='word_1_110' title='bbox 1067 764 1246 800; x_wconf 75' lang='lat' dir='ltr'>concinat</span> <span class='ocrx_word' id='word_1_111' title='bbox 1280 762 1492 811; x_wconf 77' lang='lat' dir='ltr'>praeconia.</span> 
     </span>
    </p>
   </div>
   <div class='ocr_carea' id='block_1_22' title="bbox 897 846 1583 950">
    <p class='ocr_par' dir='ltr' id='par_1_22' title="bbox 897 846 1583 950">
     <span class='ocr_line' id='line_1_39' title="bbox 897 846 1583 895; baseline -0.004 -9"><span class='ocrx_word' id='word_1_112' title='bbox 897 848 968 886; x_wconf 87' lang='lat' dir='ltr'>2b.</span> <span class='ocrx_word' id='word_1_113' title='bbox 1010 848 1205 894; x_wconf 86' lang='lat' dir='ltr'>Nunquam</span> <span class='ocrx_word' id='word_1_114' title='bbox 1239 846 1335 884; x_wconf 65' lang='lat' dir='ltr'>flecti</span> <span class='ocrx_word' id='word_1_115' title='bbox 1369 850 1583 895; x_wconf 83' lang='lat' dir='ltr'>potuerunt,</span> 
     </span>
     <span class='ocr_line' id='line_1_40' title="bbox 1010 903 1583 950; baseline -0.003 -9"><span class='ocrx_word' id='word_1_116' title='bbox 1010 904 1083 942; x_wconf 81' lang='lat' dir='ltr'>Sed</span> <span class='ocrx_word' id='word_1_117' title='bbox 1117 915 1185 950; x_wconf 89' lang='lat' dir='ltr'>pro</span> <span class='ocrx_word' id='word_1_118' title='bbox 1218 903 1291 941; x_wconf 82' lang='lat' dir='ltr'>tide</span> <span class='ocrx_word' id='word_1_119' title='bbox 1322 906 1583 950; x_wconf 86' lang='lat' dir='ltr'>pugnaverunt</span> 
     </span>
    </p>
   </div>
   <div class='ocr_carea' id='block_1_23' title="bbox 1065 960 1536 1000">
    <p class='ocr_par' dir='ltr' id='par_1_23' title="bbox 1065 960 1536 1000">
     <span class='ocr_line' id='line_1_41' title="bbox 1065 960 1536 1000; baseline 0 -4"><span class='ocrx_word' id='word_1_120' title='bbox 1065 962 1156 999; x_wconf 88' lang='lat' dir='ltr'>Cum</span> <span class='ocrx_word' id='word_1_121' title='bbox 1189 961 1282 997; x_wconf 89' lang='lat' dir='ltr'>mira</span> <span class='ocrx_word' id='word_1_122' title='bbox 1314 960 1536 1000; x_wconf 83' lang='lat' dir='ltr'>constantia.</span> 
     </span>
    </p>
   </div>
   <div class='ocr_carea' id='block_1_24' title="bbox 899 1044 1640 1148">
    <p class='ocr_par' dir='ltr' id='par_1_24' title="bbox 899 1044 1640 1148">
     <span class='ocr_line' id='line_1_42' title="bbox 899 1044 1461 1083; baseline -0.005 0"><span class='ocrx_word' id='word_1_123' title='bbox 899 1046 920 1083; x_wconf 86' lang='lat'>3</span> <span class='ocrx_word' id='word_1_124' title='bbox 936 1044 970 1082; x_wconf 92' lang='lat' dir='ltr'>b.</span> <span class='ocrx_word' id='word_1_125' title='bbox 1010 1045 1188 1083; x_wconf 88' lang='lat' dir='ltr'>Virtuose</span> <span class='ocrx_word' id='word_1_126' title='bbox 1221 1044 1461 1081; x_wconf 82' lang='lat' dir='ltr'>decertarunt</span> 
     </span>
     <span class='ocr_line' id='line_1_43' title="bbox 1009 1100 1640 1148; baseline -0.003 -10"><span class='ocrx_word' id='word_1_127' title='bbox 1009 1102 1134 1148; x_wconf 85' lang='lat' dir='ltr'>Atque</span> <span class='ocrx_word' id='word_1_128' title='bbox 1175 1102 1322 1137; x_wconf 85' lang='lat' dir='ltr'>demum</span> <span class='ocrx_word' id='word_1_129' title='bbox 1359 1100 1640 1147; x_wconf 83' lang='lat' dir='ltr'>triumpharunt</span> 
     </span>
    </p>
   </div>
   <div class='ocr_carea' id='block_1_25' title="bbox 1066 1157 1416 1204">
    <p class='ocr_par' dir='ltr' id='par_1_25' title="bbox 1066 1157 1416 1204">
     <span class='ocr_line' id='line_1_44' title="bbox 1066 1157 1416 1204; baseline 0 -10"><span class='ocrx_word' id='word_1_130' title='bbox 1066 1157 1136 1194; x_wconf 88' lang='lat' dir='ltr'>Dei</span> <span class='ocrx_word' id='word_1_131' title='bbox 1169 1157 1253 1194; x_wconf 92' lang='lat' dir='ltr'>fulti</span> <span class='ocrx_word' id='word_1_132' title='bbox 1282 1157 1416 1204; x_wconf 84' lang='lat' dir='ltr'>gratia.</span> 
     </span>
    </p>
   </div>
   <div class='ocr_carea' id='block_1_26' title="bbox 1011 1241 1620 1392">
    <p class='ocr_par' dir='ltr' id='par_1_26' title="bbox 1011 1241 1620 1392">
     <span class='ocr_line' id='line_1_45' title="bbox 1011 1241 1476 1279; baseline -0.004 0"><span class='ocrx_word' id='word_1_133' title='bbox 1011 1242 1132 1279; x_wconf 87' lang='lat' dir='ltr'>Tanto</span> <span class='ocrx_word' id='word_1_134' title='bbox 1163 1245 1270 1279; x_wconf 87' lang='lat' dir='ltr'>erant</span> <span class='ocrx_word' id='word_1_135' title='bbox 1300 1241 1476 1279; x_wconf 83' lang='lat' dir='ltr'>laetiores</span> 
     </span>
     <span class='ocr_line' id='line_1_46' title="bbox 1011 1298 1620 1345; baseline -0.002 -10"><span class='ocrx_word' id='word_1_136' title='bbox 1011 1298 1062 1335; x_wconf 85' lang='lat' dir='ltr'>Et</span> <span class='ocrx_word' id='word_1_137' title='bbox 1091 1298 1140 1335; x_wconf 88' lang='lat' dir='ltr'>ad</span> <span class='ocrx_word' id='word_1_138' title='bbox 1173 1309 1334 1345; x_wconf 87' lang='lat' dir='ltr'>pugnam</span> <span class='ocrx_word' id='word_1_139' title='bbox 1367 1298 1620 1345; x_wconf 84' lang='lat' dir='ltr'>promptiores</span> 
     </span>
     <span class='ocr_line' id='line_1_47' title="bbox 1069 1354 1476 1392; baseline 0 0"><span class='ocrx_word' id='word_1_140' title='bbox 1069 1356 1140 1392; x_wconf 90' lang='lat' dir='ltr'>Pro</span> <span class='ocrx_word' id='word_1_141' title='bbox 1171 1354 1246 1391; x_wconf 88' lang='lat' dir='ltr'>fide</span> <span class='ocrx_word' id='word_1_142' title='bbox 1278 1354 1476 1392; x_wconf 85' lang='lat' dir='ltr'>catholica.</span> 
     </span>
    </p>
   </div>
   <div class='ocr_carea' id='block_1_27' title="bbox 898 1241 971 1280">
    <p class='ocr_par' dir='ltr' id='par_1_27' title="bbox 898 1241 971 1280">
     <span class='ocr_line' id='line_1_48' title="bbox 898 1241 971 1280; baseline -0.027 0"><span class='ocrx_word' id='word_1_143' title='bbox 898 1241 971 1280; x_wconf 86' lang='lat' dir='ltr'>4b.</span> 
     </span>
    </p>
   </div>
   <div class='ocr_carea' id='block_1_28' title="bbox 900 1439 1640 1534">
    <p class='ocr_par' dir='ltr' id='par_1_28' title="bbox 900 1439 1640 1534">
     <span class='ocr_line' id='line_1_49' title="bbox 900 1439 1640 1486; baseline 0 -10"><span class='ocrx_word' id='word_1_144' title='bbox 900 1439 976 1476; x_wconf 85' lang='lat' dir='ltr'>5b.</span> <span class='ocrx_word' id='word_1_145' title='bbox 1017 1441 1069 1478; x_wconf 86' lang='lat' dir='ltr'>Ut</span> <span class='ocrx_word' id='word_1_146' title='bbox 1099 1444 1184 1486; x_wconf 90' lang='lat' dir='ltr'>post</span> <span class='ocrx_word' id='word_1_147' title='bbox 1216 1445 1371 1476; x_wconf 88' lang='lat' dir='ltr'>mortem</span> <span class='ocrx_word' id='word_1_148' title='bbox 1394 1439 1640 1486; x_wconf 85' lang='lat' dir='ltr'>temporalem</span> 
     </span>
     <span class='ocr_line' id='line_1_50' title="bbox 1013 1495 1498 1534; baseline -0.002 0"><span class='ocrx_word' id='word_1_149' title='bbox 1013 1495 1094 1534; x_wconf 87' lang='lat' dir='ltr'>Sibi</span> <span class='ocrx_word' id='word_1_150' title='bbox 1126 1496 1238 1533; x_wconf 81' lang='lat' dir='ltr'>vitam</span> <span class='ocrx_word' id='word_1_151' title='bbox 1269 1496 1498 1534; x_wconf 80' lang='lat' dir='ltr'>aeternalem</span> 
     </span>
    </p>
   </div>
   <div class='ocr_carea' id='block_1_29' title="bbox 1066 1553 1533 1600">
    <p class='ocr_par' dir='ltr' id='par_1_29' title="bbox 1066 1553 1533 1600">
     <span class='ocr_line' id='line_1_51' title="bbox 1066 1553 1533 1600; baseline 0.002 -11"><span class='ocrx_word' id='word_1_152' title='bbox 1066 1554 1298 1598; x_wconf 77' lang='lat' dir='ltr'>Quaererem</span> <span class='ocrx_word' id='word_1_153' title='bbox 1330 1554 1366 1589; x_wconf 90' lang='lat' dir='ltr'>in</span> <span class='ocrx_word' id='word_1_154' title='bbox 1397 1553 1533 1600; x_wconf 83' lang='lat' dir='ltr'>patria.</span> 
     </span>
    </p>
   </div>
   <div class='ocr_carea' id='block_1_30' title="bbox 898 1636 1573 1798">
    <p class='ocr_par' dir='ltr' id='par_1_30' title="bbox 898 1636 1573 1798">
     <span class='ocr_line' id='line_1_52' title="bbox 898 1636 1527 1684; baseline -0.002 -9"><span class='ocrx_word' id='word_1_155' title='bbox 898 1637 970 1676; x_wconf 75' lang='lat' dir='ltr'>fib.</span> <span class='ocrx_word' id='word_1_156' title='bbox 1009 1636 1269 1683; x_wconf 85' lang='lat' dir='ltr'>Sempiternae</span> <span class='ocrx_word' id='word_1_157' title='bbox 1300 1638 1399 1675; x_wconf 84' lang='lat' dir='ltr'>vitae</span> <span class='ocrx_word' id='word_1_158' title='bbox 1425 1638 1527 1684; x_wconf 25' lang='lat' dir='ltr'>‘dona</span> 
     </span>
     <span class='ocr_line' id='line_1_53' title="bbox 1013 1694 1573 1731; baseline 0 0"><span class='ocrx_word' id='word_1_159' title='bbox 1013 1694 1101 1731; x_wconf 84' lang='lat' dir='ltr'>Post</span> <span class='ocrx_word' id='word_1_160' title='bbox 1130 1704 1301 1731; x_wconf 85' lang='lat' dir='ltr'>occasum</span> <span class='ocrx_word' id='word_1_161' title='bbox 1334 1694 1441 1731; x_wconf 88' lang='lat' dir='ltr'>nobis</span> <span class='ocrx_word' id='word_1_162' title='bbox 1474 1694 1573 1731; x_wconf 88' lang='lat' dir='ltr'>dona</span> 
     </span>
     <span class='ocr_line' id='line_1_54' title="bbox 1064 1750 1501 1798; baseline 0.007 -11"><span class='ocrx_word' id='word_1_163' title='bbox 1064 1750 1161 1797; x_wconf 83' lang='lat' dir='ltr'>Ipsis</span> <span class='ocrx_word' id='word_1_164' title='bbox 1197 1750 1501 1798; x_wconf 83' lang='lat' dir='ltr'>suffragantibus,</span> 
     </span>
    </p>
   </div>
   <div class='ocr_carea' id='block_1_31' title="bbox 555 1897 1163 1941">
    <p class='ocr_par' dir='ltr' id='par_1_31' title="bbox 555 1897 1163 1941">
     <span class='ocr_line' id='line_1_55' title="bbox 555 1897 1163 1941; baseline 0.005 -8"><span class='ocrx_word' id='word_1_165' title='bbox 555 1897 636 1934; x_wconf 62' lang='lat' dir='ltr'>au.</span> <span class='ocrx_word' id='word_1_166' title='bbox 668 1899 724 1941; x_wconf 85' lang='lat'>(5.)</span> <span class='ocrx_word' id='word_1_167' title='bbox 758 1899 815 1934; x_wconf 88' lang='lat' dir='ltr'>De</span> <span class='ocrx_word' id='word_1_168' title='bbox 842 1899 1163 1936; x_wconf 80' lang='lat' dir='ltr'>confessoribus.</span> 
     </span>
    </p>
   </div>
   <div class='ocr_carea' id='block_1_32' title="bbox 201 1990 720 2153">
    <p class='ocr_par' dir='ltr' id='par_1_32' title="bbox 201 1990 720 2153">
     <span class='ocr_line' id='line_1_56' title="bbox 202 1990 620 2029; baseline 0.005 -2"><span class='ocrx_word' id='word_1_169' title='bbox 202 1990 365 2028; x_wconf 82' lang='lat' dir='ltr'>Gloriosi</span> <span class='ocrx_word' id='word_1_170' title='bbox 397 1990 620 2029; x_wconf 85' lang='lat' dir='ltr'>confessoris</span> 
     </span>
     <span class='ocr_line' id='line_1_57' title="bbox 201 2047 720 2094; baseline 0.006 -11"><span class='ocrx_word' id='word_1_171' title='bbox 201 2047 322 2094; x_wconf 84' lang='lat' dir='ltr'>Digna</span> <span class='ocrx_word' id='word_1_172' title='bbox 352 2047 474 2085; x_wconf 84' lang='lat' dir='ltr'>laudis</span> <span class='ocrx_word' id='word_1_173' title='bbox 505 2052 541 2084; x_wconf 90' lang='lat' dir='ltr'>et</span> <span class='ocrx_word' id='word_1_174' title='bbox 571 2048 720 2086; x_wconf 85' lang='lat' dir='ltr'>honoris</span> 
     </span>
     <span class='ocr_line' id='line_1_58' title="bbox 255 2103 657 2153; baseline 0.007 -14"><span class='ocrx_word' id='word_1_175' title='bbox 255 2103 412 2150; x_wconf 84' lang='lat' dir='ltr'>Agimus</span> <span class='ocrx_word' id='word_1_176' title='bbox 441 2105 657 2153; x_wconf 72' lang='lat' dir='ltr'>sollemnia3</span> 
     </span>
    </p>
   </div>
   <div class='ocr_carea' id='block_1_33' title="bbox 201 2187 824 2349">
    <p class='ocr_par' dir='ltr' id='par_1_33' title="bbox 201 2187 824 2349">
     <span class='ocr_line' id='line_1_59' title="bbox 201 2187 824 2236; baseline 0.005 -12"><span class='ocrx_word' id='word_1_177' title='bbox 201 2187 389 2235; x_wconf 83' lang='lat' dir='ltr'>Simplex,</span> <span class='ocrx_word' id='word_1_178' title='bbox 430 2189 528 2226; x_wconf 91' lang='lat' dir='ltr'>mitis</span> <span class='ocrx_word' id='word_1_179' title='bbox 559 2194 670 2236; x_wconf 86' lang='lat' dir='ltr'>atque</span> <span class='ocrx_word' id='word_1_180' title='bbox 700 2195 824 2228; x_wconf 84' lang='lat' dir='ltr'>castus</span> 
     </span>
     <span class='ocr_line' id='line_1_60' title="bbox 201 2244 824 2292; baseline 0.005 -12"><span class='ocrx_word' id='word_1_181' title='bbox 201 2244 350 2290; x_wconf 86' lang='lat' dir='ltr'>Sprevit</span> <span class='ocrx_word' id='word_1_182' title='bbox 381 2256 534 2292; x_wconf 84' lang='lat' dir='ltr'>prorsus</span> <span class='ocrx_word' id='word_1_183' title='bbox 555 2247 682 2283; x_wconf 84' lang='lat' dir='ltr'>mundi</span> <span class='ocrx_word' id='word_1_184' title='bbox 706 2245 824 2284; x_wconf 84' lang='lat' dir='ltr'>fastus</span> 
     </span>
     <span class='ocr_line' id='line_1_61' title="bbox 256 2301 639 2349; baseline 0.005 -11"><span class='ocrx_word' id='word_1_185' title='bbox 256 2301 306 2338; x_wconf 85' lang='lat' dir='ltr'>Et</span> <span class='ocrx_word' id='word_1_186' title='bbox 335 2301 456 2338; x_wconf 84' lang='lat' dir='ltr'>inanis</span> <span class='ocrx_word' id='word_1_187' title='bbox 487 2302 639 2349; x_wconf 78' lang='lat' dir='ltr'>gloriae.</span> 
     </span>
    </p>
   </div>
   <div class='ocr_carea' id='block_1_34' title="bbox 200 2385 822 2546">
    <p class='ocr_par' dir='ltr' id='par_1_34' title="bbox 200 2385 822 2546">
     <span class='ocr_line' id='line_1_62' title="bbox 200 2385 747 2432; baseline 0.005 -10"><span class='ocrx_word' id='word_1_188' title='bbox 200 2385 272 2422; x_wconf 88' lang='lat' dir='ltr'>Hic</span> <span class='ocrx_word' id='word_1_189' title='bbox 302 2386 452 2432; x_wconf 82' lang='lat' dir='ltr'>placere</span> <span class='ocrx_word' id='word_1_190' title='bbox 483 2387 563 2425; x_wconf 92' lang='lat' dir='ltr'>Deo</span> <span class='ocrx_word' id='word_1_191' title='bbox 593 2388 747 2425; x_wconf 89' lang='lat' dir='ltr'>studens</span> 
     </span>
     <span class='ocr_line' id='line_1_63' title="bbox 200 2441 822 2490; baseline 0.006 -12"><span class='ocrx_word' id='word_1_192' title='bbox 200 2441 357 2479; x_wconf 89' lang='lat' dir='ltr'>Domum</span> <span class='ocrx_word' id='word_1_193' title='bbox 389 2453 489 2479; x_wconf 85' lang='lat' dir='ltr'>suam</span> <span class='ocrx_word' id='word_1_194' title='bbox 516 2449 553 2480; x_wconf 91' lang='lat' dir='ltr'>ut</span> <span class='ocrx_word' id='word_1_195' title='bbox 578 2444 635 2480; x_wconf 85' lang='lat' dir='ltr'>vir</span> <span class='ocrx_word' id='word_1_196' title='bbox 656 2445 822 2490; x_wconf 86' lang='lat' dir='ltr'>prudens</span> 
     </span>
     <span class='ocr_line' id='line_1_64' title="bbox 255 2497 725 2546; baseline 0.004 -11"><span class='ocrx_word' id='word_1_197' title='bbox 255 2497 377 2545; x_wconf 89' lang='lat' dir='ltr'>Supra</span> <span class='ocrx_word' id='word_1_198' title='bbox 408 2505 551 2545; x_wconf 86' lang='lat' dir='ltr'>petram</span> <span class='ocrx_word' id='word_1_199' title='bbox 582 2501 725 2546; x_wconf 84' lang='lat' dir='ltr'>statuit,</span> 
     </span>
    </p>
   </div>
   <div class='ocr_carea' id='block_1_35' title="bbox 199 2582 682 2734">
    <p class='ocr_par' dir='ltr' id='par_1_35' title="bbox 199 2582 682 2734">
     <span class='ocr_line' id='line_1_65' title="bbox 199 2582 682 2622; baseline 0.008 -4"><span class='ocrx_word' id='word_1_200' title='bbox 199 2582 271 2619; x_wconf 83' lang='lat' dir='ltr'>Hic</span> <span class='ocrx_word' id='word_1_201' title='bbox 301 2583 451 2620; x_wconf 85' lang='lat' dir='ltr'>talentis</span> <span class='ocrx_word' id='word_1_202' title='bbox 482 2584 553 2620; x_wconf 92' lang='lat' dir='ltr'>sibi</span> <span class='ocrx_word' id='word_1_203' title='bbox 586 2585 682 2622; x_wconf 86' lang='lat' dir='ltr'>datis</span> 
     </span>
     <span class='ocr_line' id='line_1_66' title="bbox 199 2638 631 2686; baseline 0.005 -10"><span class='ocrx_word' id='word_1_204' title='bbox 199 2638 397 2685; x_wconf 81' lang='lat' dir='ltr'>Sapienter</span> <span class='ocrx_word' id='word_1_205' title='bbox 429 2640 631 2686; x_wconf 84' lang='lat' dir='ltr'>duplicatis</span> 
     </span>
     <span class='ocr_line' id='line_1_67' title="bbox 256 2694 624 2734; baseline 0.008 -3"><span class='ocrx_word' id='word_1_206' title='bbox 256 2694 372 2732; x_wconf 86' lang='lat' dir='ltr'>Felici</span> <span class='ocrx_word' id='word_1_207' title='bbox 404 2697 624 2734; x_wconf 84' lang='lat' dir='ltr'>commercio</span> 
     </span>
    </p>
   </div>
   <div class='ocr_carea' id='block_1_36' title="bbox 87 2778 739 2833">
    <p class='ocr_par' dir='ltr' id='par_1_36' title="bbox 87 2778 739 2833">
     <span class='ocr_line' id='line_1_68' title="bbox 87 2778 739 2833; baseline 0.006 -17"><span class='ocrx_word' id='word_1_208' title='bbox 87 2781 155 2817; x_wconf 89' lang='lat' dir='ltr'>5a.</span> <span class='ocrx_word' id='word_1_209' title='bbox 188 2779 217 2817; x_wconf 94' lang='lat' dir='ltr'>O</span> <span class='ocrx_word' id='word_1_210' title='bbox 249 2778 442 2817; x_wconf 83' lang='lat' dir='ltr'>confessor</span> <span class='ocrx_word' id='word_1_211' title='bbox 472 2782 556 2818; x_wconf 90' lang='lat' dir='ltr'>lesu</span> <span class='ocrx_word' id='word_1_212' title='bbox 587 2783 739 2833; x_wconf 86' lang='lat' dir='ltr'>Christi,</span> 
     </span>
    </p>
   </div>
   <div class='ocr_carea' id='block_1_37' title="bbox 197 2835 688 2943">
    <p class='ocr_par' dir='ltr' id='par_1_37' title="bbox 197 2835 688 2943">
     <span class='ocr_line' id='line_1_69' title="bbox 197 2835 623 2884; baseline 0.007 -12"><span class='ocrx_word' id='word_1_213' title='bbox 197 2835 267 2882; x_wconf 77' lang='lat' dir='ltr'>Qui</span> <span class='ocrx_word' id='word_1_214' title='bbox 299 2836 418 2874; x_wconf 85' lang='lat' dir='ltr'>eidem</span> <span class='ocrx_word' id='word_1_215' title='bbox 450 2838 623 2884; x_wconf 84' lang='lat' dir='ltr'>placuisti</span> 
     </span>
     <span class='ocr_line' id='line_1_70' title="bbox 255 2892 688 2943; baseline 0.009 -14"><span class='ocrx_word' id='word_1_216' title='bbox 255 2892 325 2930; x_wconf 83' lang='lat' dir='ltr'>Per</span> <span class='ocrx_word' id='word_1_217' title='bbox 355 2893 531 2931; x_wconf 87' lang='lat' dir='ltr'>virtutum</span> <span class='ocrx_word' id='word_1_218' title='bbox 563 2906 688 2943; x_wconf 78' lang='lat' dir='ltr'>opera,</span> 
     </span>
    </p>
   </div>
   <div class='ocr_carea' id='block_1_38' title="bbox 901 1993 1554 2155">
    <p class='ocr_par' dir='ltr' id='par_1_38' title="bbox 901 1993 1554 2155">
     <span class='ocr_line' id='line_1_71' title="bbox 901 1993 1554 2032; baseline 0 0"><span class='ocrx_word' id='word_1_219' title='bbox 901 1993 971 2032; x_wconf 88' lang='lat' dir='ltr'>lb.</span> <span class='ocrx_word' id='word_1_220' title='bbox 1012 1994 1087 2030; x_wconf 87' lang='lat' dir='ltr'>Hie</span> <span class='ocrx_word' id='word_1_221' title='bbox 1117 1995 1154 2031; x_wconf 91' lang='lat' dir='ltr'>in</span> <span class='ocrx_word' id='word_1_222' title='bbox 1187 1994 1299 2031; x_wconf 85' lang='lat' dir='ltr'>terris</span> <span class='ocrx_word' id='word_1_223' title='bbox 1331 1995 1554 2032; x_wconf 86' lang='lat' dir='ltr'>constitutus</span> 
     </span>
     <span class='ocr_line' id='line_1_72' title="bbox 1010 2050 1547 2098; baseline 0.002 -11"><span class='ocrx_word' id='word_1_224' title='bbox 1010 2050 1150 2088; x_wconf 86' lang='lat' dir='ltr'>Summi</span> <span class='ocrx_word' id='word_1_225' title='bbox 1183 2051 1280 2098; x_wconf 86' lang='lat' dir='ltr'>regis</span> <span class='ocrx_word' id='word_1_226' title='bbox 1311 2056 1367 2087; x_wconf 90' lang='lat' dir='ltr'>est</span> <span class='ocrx_word' id='word_1_227' title='bbox 1397 2056 1547 2088; x_wconf 86' lang='lat' dir='ltr'>secutus</span> 
     </span>
     <span class='ocr_line' id='line_1_73' title="bbox 1065 2107 1382 2155; baseline 0.009 -12"><span class='ocrx_word' id='word_1_228' title='bbox 1065 2108 1182 2144; x_wconf 85' lang='lat' dir='ltr'>Beata</span> <span class='ocrx_word' id='word_1_229' title='bbox 1213 2107 1382 2155; x_wconf 78' lang='lat' dir='ltr'>vestigia.</span> 
     </span>
    </p>
   </div>
   <div class='ocr_carea' id='block_1_39' title="bbox 896 2191 1575 2296">
    <p class='ocr_par' dir='ltr' id='par_1_39' title="bbox 896 2191 1575 2296">
     <span class='ocr_line' id='line_1_74' title="bbox 896 2191 1575 2229; baseline 0 0"><span class='ocrx_word' id='word_1_230' title='bbox 896 2191 968 2229; x_wconf 87' lang='lat' dir='ltr'>2b.</span> <span class='ocrx_word' id='word_1_231' title='bbox 1009 2191 1143 2229; x_wconf 86' lang='lat' dir='ltr'>Nullus</span> <span class='ocrx_word' id='word_1_232' title='bbox 1176 2193 1284 2229; x_wconf 87' lang='lat' dir='ltr'>dolus</span> <span class='ocrx_word' id='word_1_233' title='bbox 1315 2196 1370 2229; x_wconf 85' lang='lat' dir='ltr'>est</span> <span class='ocrx_word' id='word_1_234' title='bbox 1401 2193 1575 2229; x_wconf 85' lang='lat' dir='ltr'>inventus</span> 
     </span>
     <span class='ocr_line' id='line_1_75' title="bbox 1010 2249 1528 2296; baseline 0.002 -12"><span class='ocrx_word' id='word_1_235' title='bbox 1010 2249 1051 2285; x_wconf 92' lang='lat' dir='ltr'>ln</span> <span class='ocrx_word' id='word_1_236' title='bbox 1083 2249 1214 2286; x_wconf 85' lang='lat' dir='ltr'>eodem</span> <span class='ocrx_word' id='word_1_237' title='bbox 1246 2259 1365 2296; x_wconf 87' lang='lat' dir='ltr'>neque</span> <span class='ocrx_word' id='word_1_238' title='bbox 1396 2254 1528 2286; x_wconf 87' lang='lat' dir='ltr'>ventus</span> 
     </span>
    </p>
   </div>
   <div class='ocr_carea' id='block_1_40' title="bbox 1070 2305 1557 2353">
    <p class='ocr_par' dir='ltr' id='par_1_40' title="bbox 1070 2305 1557 2353">
     <span class='ocr_line' id='line_1_76' title="bbox 1070 2305 1557 2353; baseline 0.002 -11"><span class='ocrx_word' id='word_1_239' title='bbox 1070 2305 1313 2343; x_wconf 85' lang='lat' dir='ltr'>Damnandae</span> <span class='ocrx_word' id='word_1_240' title='bbox 1343 2305 1557 2353; x_wconf 88' lang='lat' dir='ltr'>superbiae.</span> 
     </span>
    </p>
   </div>
   <div class='ocr_carea' id='block_1_41' title="bbox 893 2389 1510 2493">
    <p class='ocr_par' dir='ltr' id='par_1_41' title="bbox 893 2389 1510 2493">
     <span class='ocr_line' id='line_1_77' title="bbox 893 2389 1476 2437; baseline -0.002 -9"><span class='ocrx_word' id='word_1_241' title='bbox 893 2389 966 2429; x_wconf 86' lang='lat' dir='ltr'>3b.</span> <span class='ocrx_word' id='word_1_242' title='bbox 1006 2390 1081 2427; x_wconf 84' lang='lat' dir='ltr'>Sua</span> <span class='ocrx_word' id='word_1_243' title='bbox 1111 2391 1262 2436; x_wconf 87' lang='lat' dir='ltr'>quidem</span> <span class='ocrx_word' id='word_1_244' title='bbox 1293 2390 1476 2437; x_wconf 84' lang='lat' dir='ltr'>indigenti</span> 
     </span>
     <span class='ocr_line' id='line_1_78' title="bbox 1006 2446 1510 2493; baseline 0.004 -11"><span class='ocrx_word' id='word_1_245' title='bbox 1006 2446 1114 2483; x_wconf 78' lang='lat' dir='ltr'>Vitae</span> <span class='ocrx_word' id='word_1_246' title='bbox 1147 2447 1283 2484; x_wconf 84' lang='lat' dir='ltr'>victum</span> <span class='ocrx_word' id='word_1_247' title='bbox 1317 2447 1510 2493; x_wconf 77' lang='lat' dir='ltr'>expetenti</span> 
     </span>
    </p>
   </div>
   <div class='ocr_carea' id='block_1_42' title="bbox 1062 2503 1501 2550">
    <p class='ocr_par' dir='ltr' id='par_1_42' title="bbox 1062 2503 1501 2550">
     <span class='ocr_line' id='line_1_79' title="bbox 1062 2503 1501 2550; baseline 0.005 -10"><span class='ocrx_word' id='word_1_248' title='bbox 1062 2503 1185 2550; x_wconf 83' lang='lat' dir='ltr'>Larga</span> <span class='ocrx_word' id='word_1_249' title='bbox 1216 2515 1326 2541; x_wconf 83' lang='lat' dir='ltr'>manu</span> <span class='ocrx_word' id='word_1_250' title='bbox 1357 2503 1501 2542; x_wconf 86' lang='lat' dir='ltr'>tribuit.</span> 
     </span>
    </p>
   </div>
   <div class='ocr_carea' id='block_1_43' title="bbox 892 2586 1603 2692">
    <p class='ocr_par' dir='ltr' id='par_1_43' title="bbox 892 2586 1603 2692">
     <span class='ocr_line' id='line_1_80' title="bbox 892 2586 1524 2635; baseline 0 -10"><span class='ocrx_word' id='word_1_251' title='bbox 892 2586 967 2625; x_wconf 92' lang='lat' dir='ltr'>4b.</span> <span class='ocrx_word' id='word_1_252' title='bbox 1007 2588 1086 2625; x_wconf 87' lang='lat' dir='ltr'>Deo</span> <span class='ocrx_word' id='word_1_253' title='bbox 1118 2592 1246 2635; x_wconf 84' lang='lat' dir='ltr'>gratus</span> <span class='ocrx_word' id='word_1_254' title='bbox 1278 2592 1315 2625; x_wconf 84' lang='lat' dir='ltr'>et</span> <span class='ocrx_word' id='word_1_255' title='bbox 1345 2593 1524 2635; x_wconf 83' lang='lat' dir='ltr'>acceptus</span> 
     </span>
     <span class='ocr_line' id='line_1_81' title="bbox 1008 2645 1603 2692; baseline 0.003 -12"><span class='ocrx_word' id='word_1_256' title='bbox 1008 2645 1126 2691; x_wconf 78' lang='lat' dir='ltr'>Digne</span> <span class='ocrx_word' id='word_1_257' title='bbox 1157 2646 1309 2682; x_wconf 79' lang='lat' dir='ltr'>tandein</span> <span class='ocrx_word' id='word_1_258' title='bbox 1341 2650 1399 2682; x_wconf 87' lang='lat' dir='ltr'>est</span> <span class='ocrx_word' id='word_1_259' title='bbox 1429 2650 1603 2692; x_wconf 88' lang='lat' dir='ltr'>receptus</span> 
     </span>
    </p>
   </div>
   <div class='ocr_carea' id='block_1_44' title="bbox 1062 2701 1415 2748">
    <p class='ocr_par' dir='ltr' id='par_1_44' title="bbox 1062 2701 1415 2748">
     <span class='ocr_line' id='line_1_82' title="bbox 1062 2701 1415 2748; baseline 0.006 -11"><span class='ocrx_word' id='word_1_260' title='bbox 1062 2703 1103 2738; x_wconf 88' lang='lat' dir='ltr'>ln</span> <span class='ocrx_word' id='word_1_261' title='bbox 1135 2701 1230 2738; x_wconf 87' lang='lat' dir='ltr'>caeli</span> <span class='ocrx_word' id='word_1_262' title='bbox 1262 2702 1415 2748; x_wconf 84' lang='lat' dir='ltr'>palatio.</span> 
     </span>
    </p>
   </div>
   <div class='ocr_carea' id='block_1_45' title="bbox 893 2785 1551 2890">
    <p class='ocr_par' dir='ltr' id='par_1_45' title="bbox 893 2785 1551 2890">
     <span class='ocr_line' id='line_1_83' title="bbox 893 2785 1551 2826; baseline 0.003 -4"><span class='ocrx_word' id='word_1_263' title='bbox 893 2785 965 2826; x_wconf 85' lang='lat' dir='ltr'>5b.</span> <span class='ocrx_word' id='word_1_264' title='bbox 1003 2786 1064 2823; x_wconf 89' lang='lat' dir='ltr'>Ab</span> <span class='ocrx_word' id='word_1_265' title='bbox 1095 2790 1247 2824; x_wconf 87' lang='lat' dir='ltr'>aeterna</span> <span class='ocrx_word' id='word_1_266' title='bbox 1281 2787 1428 2824; x_wconf 86' lang='lat' dir='ltr'>demum</span> <span class='ocrx_word' id='word_1_267' title='bbox 1460 2797 1551 2824; x_wconf 89' lang='lat' dir='ltr'>nece</span> 
     </span>
     <span class='ocr_line' id='line_1_84' title="bbox 1007 2842 1412 2890; baseline 0.005 -11"><span class='ocrx_word' id='word_1_268' title='bbox 1007 2842 1175 2880; x_wconf 76' lang='lat' dir='ltr'>Liberali</span> <span class='ocrx_word' id='word_1_269' title='bbox 1206 2847 1270 2880; x_wconf 83' lang='lat' dir='ltr'>tua</span> <span class='ocrx_word' id='word_1_270' title='bbox 1300 2854 1412 2890; x_wconf 82' lang='lat' dir='ltr'>prece</span> 
     </span>
    </p>
   </div>
   <div class='ocr_carea' id='block_1_46' title="bbox 1059 2899 1520 2942">
    <p class='ocr_par' dir='ltr' id='par_1_46' title="bbox 1059 2899 1520 2942">
     <span class='ocr_line' id='line_1_85' title="bbox 1059 2899 1520 2942; baseline 0.004 -6"><span class='ocrx_word' id='word_1_271' title='bbox 1059 2899 1243 2937; x_wconf 82' lang='lat' dir='ltr'>Feramur</span> <span class='ocrx_word' id='word_1_272' title='bbox 1274 2900 1322 2938; x_wconf 85' lang='lat' dir='ltr'>ad</span> <span class='ocrx_word' id='word_1_273' title='bbox 1353 2900 1520 2942; x_wconf 85' lang='lat' dir='ltr'>aethera.</span> 
     </span>
    </p>
   </div>
  </div>
 </body>
</html>
