2031 3289
953 219 1006 223 —
1065 196 1118 236 :32
1181 221 1231 224 —
2005 184 2031 318 ἶ

403 308 532 348 Hymn.
566 318 628 339 ms.
663 308 858 340 Bobbiense
891 319 979 340 saec.
1012 307 1062 339 11.
1112 309 1194 340 cod.
1227 310 1386 342 Vatican.
1417 310 1516 344 5776.
1549 314 1589 344 Α.
1614 331 1658 336 -
1682 315 1782 347 Brev.
1808 326 1872 348 ms.
1992 318 2031 359 ⁷}

317 353 519 384 Strumense
551 363 640 385 saec.
677 352 728 384 11.
778 354 860 385 Cod.
887 354 1049 385 Laui-ent.
1075 354 1182 386 Conv.
1217 365 1291 395 sup.
1321 354 1396 387 524.
1421 358 1461 388 Β.
1486 377 1527 380 -
1553 359 1660 391 Psalt.
1686 364 1720 391 et
1743 360 1870 401 Hymn.

313 407 375 428 ms.
399 398 601 430 Veronense
633 408 720 430 saec.
754 396 841 429 ¹2'‘'13.
896 398 977 430 Cod.
1012 400 1124 440 Capit.
1150 400 1320 431 Veronen.
1356 399 1419 433 103
1450 400 1550 441 (96*).
1576 403 1612 435 C.
1637 423 1675 428 —
1705 406 1810 437 Psalt..
1836 409 1872 438 et

312 444 440 484 Hymn.
472 453 534 474 ms,
568 443 768 475 Veronense
800 453 888 474 saec.
922 442 1006 474 ¹²53.
1063 444 1146 475 eod.
1177 444 1289 486 Capit.
1321 446 1491 478 Veronen.
1526 446 1588 480 108
1617 448 1717 491 (101).
1751 452 1792 482 D.
1826 468 1871 472 —-
2020 467 2022 473 ·

312 489 436 520 Diurn.
480 499 541 519 ms.
583 488 851 520 Valumbrosan.
886 488 927 527 ('?)
967 498 1056 520 saec.
1098 486 1150 520 13.
1213 490 1295 521 Cod.
1338 491 1506 524 Oxonien.
1547 495 1694 526 Miscell.
1736 497 1861 538 Liturg

315 530 389 565 137.
418 533 460 564 E.
493 551 538 556 —-
571 533 665 565 Orat.
699 544 762 564 ms.
788 534 981 574 Campense
1014 535 1097 565 anni
1125 532 1221 565 1462.
1271 535 1352 567 Cod.
1377 537 1635 570 Darmstadien.
1663 537 1738 571 521.
1764 541 1802 572 F.
1827 558 1871 563 —

312 579 431 620 Migne
456 578 478 609 1.
503 589 530 609 c.
557 575 624 610 930
649 589 698 620 sq.
726 578 764 610 G.

405 622 440 661 l,
476 621 497 654 3
521 623 656 655 baiulat
681 624 719 655 C.
744 640 788 644 -
814 620 848 660 2,
881 622 896 654 1
923 624 962 654 In
989 627 1021 655 te
1046 623 1168 655 litatur
1193 625 1296 657 CDE.
1322 642 1365 647 —
1391 624 1428 665 2,
1454 625 1474 658 2
1499 628 1551 659 Ad
1577 639 1680 671 seque
1707 631 1779 671 AC,
1815 631 1870 663 Ad

309 679 345 700 se
370 669 429 710 qui
455 669 522 699 BF.
549 686 591 690 —
617 666 646 708 2,
674 666 695 700 3
720 669 797 707 Qua
822 670 860 699 A.
889 687 929 690 —
955 666 986 708 3,
1014 667 1028 699 1
1057 669 1126 711 legi
1143 669 1184 700 E.
1213 688 1249 690 —
1278 668 1309 709 3,
1335 668 1356 702 3
1381 674 1468 713 petit
1484 673 1521 704 F.
1545 690 1589 696 —
1612 674 1644 713 4,
1670 673 1691 706 3
1715 678 1867 708 necturis

308 713 348 744 A.
374 731 416 735 -
442 712 474 751 5,
496 711 516 744 2
540 713 592 744 Ad
618 723 735 744 veram
759 713 908 745 transfer
922 714 960 745 A.
986 732 1028 736 ——
1056 713 1087 753 5,
1113 712 1133 743 3
1160 715 1290 757 lignum
1316 717 1355 747 A.
1381 734 1424 737 —
1449 716 1480 756 6,
1503 716 1707 752 4Maiestas
1733 732 1866 753 summo
1983 742 1986 743 ν
2019 712 2031 792 i

308 759 458 800 principi
482 758 523 789 E.
549 775 593 779 —
618 759 682 789 Am
707 758 827 790 Raude
854 757 1021 800 „Idem“,
1047 759 1078 790 d.
1106 759 1138 791 h.
1165 761 1286 792 Petrus
1312 762 1486 794 Damiani.
1535 763 1572 795 F.
2024 798 2031 826 1

772 912 819 949 19.
857 915 914 957 (4.)
948 913 987 949 In
1015 915 1273 962 Assumptione
1299 916 1414 952 BMV.·

960 985 1013 1016 Ad
1038 986 1222 1027 Vesperas.

599 1087 634 1126 1.
667 1086 855 1124 Gaudium
888 1089 1030 1136 mundi,
1064 1099 1161 1126 nova
1190 1090 1301 1127 stella
1336 1091 1443 1138 caeli,

666 1144 872 1181 Procreans
904 1145 1033 1189 solem.
1066 1146 1217 1191 pariens
1247 1151 1456 1193 parentem,

664 1200 723 1237 Da
753 1211 903 1238 manum
934 1202 1064 1247 lapsis,
1096 1200 1155 1239 fer
1184 1213 1293 1249 opem
1326 1203 1491 1252 caducis,

784 1258 897 1304 Virgo
929 1258 1065 1296 Maria.

596 1366 632 1404 2.
665 1365 718 1402 Te
749 1365 830 1402 Deo
861 1364 999 1402 factam
1031 1366 1149 1412 liquet
1181 1377 1262 1403 esse
1294 1367 1446 1410 scalam,

664 1422 745 1467 Qua
775 1429 905 1458 tenens
938 1433 1082 1458 summa
1114 1423 1210 1469 petit
1237 1423 1336 1459 altus
1367 1424 1454 1470 ima,

666 1478 744 1515 Nos
775 1479 823 1515 ad
856 1479 998 1515 excelsi
1032 1489 1199 1516 remeare
1232 1480 1327 1516 caeli

784 1535 958 1572 Culmina
990 1536 1099 1573 dona.

600 1643 622 1679 QZ>

630 1673 637 1681 .
671 1642 725 1678 Te
756 1642 950 1679 beatorum
986 1643 1122 1680 chorus
1154 1644 1386 1692 angelorum,

669 1698 723 1735 Te
753 1699 1023 1745 prophetarum
1055 1705 1090 1735 et
1123 1700 1377 1746 apostolorum

667 1755 770 1792 Ordo
800 1755 1010 1801 praelatam
1043 1755 1114 1792 sibi
1147 1757 1267 1793 cernit
1297 1768 1408 1795 unam

785 1812 874 1848 Post
906 1812 1099 1851 deitatem.

595 1921 632 1956 4.
664 1919 765 1956 Aula
798 1919 969 1956 caelestis
996 1919 1168 1965 speciosa
1198 1921 1309 1969 regis,

666 1975 779 2013 Fulta
810 1976 976 2022 septenis
1009 1976 1164 2022 sophiae
1197 1977 1392 2027 columnis,

665 2032 779 2077 Quem
813 2033 941 2078 nequit
968 2036 1068 2069 totus
1102 2032 1277 2069 cohibere
1308 2028 1479 2084 mundus,

783 2088 937 2126 Claudis
968 2089 1005 2125 in
1037 2089 1135 2128 alvo.

596 2199 632 2235 5.
667 2198 781 2243 Quem
813 2201 978 2233 tremunt
1007 2197 1114 2243 caeli,
1146 2202 1317 2234 metuunt
1347 2197 1486 2245 abyssi,

667 2253 879 2290 Fluminum
910 2258 1037 2300 guttae
1067 2254 1181 2290 maris
1212 2260 1248 2290 et
1276 2254 1479 2301 procellae,

667 2310 814 2347 Laudat
845 2321 1012 2357 occasus,
1045 2317 1246 2348 veneratur
1277 2316 1394 2357 ortus,

783 2366 945 2412 Stringis
976 2366 1014 2402 in
1044 2367 1156 2405 ulnis.

595 2470 634 2510 6,
667 2469 782 2506 Lacte
814 2469 979 2505 nutritur
1009 2469 1114 2505 cibus
1145 2470 1377 2516 angelorum,

661 2526 799 2562 Fertur
830 2525 1011 2571 innuptae
1042 2526 1183 2572 gremio
1215 2526 1376 2572 puellae,

662 2583 731 2629 Qui
763 2593 830 2618 sua
862 2582 937 2618 late
971 2582 1113 2618 ditione
1144 2589 1268 2619 terrae

781 2639 954 2676 Pondcra
984 2638 1109 2675 librat.

593 2742 627 2779 7.
662 2741 717 2778 Sit
751 2741 864 2777 decus
896 2751 1038 2777 summo
1071 2741 1150 2776 sine
1181 2740 1253 2777 fine
1286 2741 1452 2788 Christo,

661 2798 775 2845 Virgo
806 2809 915 2844 quam
947 2802 1078 2834 sancta
1107 2797 1233 2843 genuit
1265 2798 1400 2845 Maria,

658 2854 727 2900 Qui
759 2855 858 2901 patri
891 2865 1044 2901 compar
1075 2852 1290 2900 flaminique
1321 2859 1452 2891 sancto

780 2911 923 2957 Regnat
957 2911 994 2947 in
1029 2921 1136 2948 aevo.
