1914 3223
761 206 815 212 —
874 184 956 224 363
1015 207 1065 213 —

153 298 218 337 10.
249 299 517 346 Memoresque
545 298 600 334 sic
629 297 787 334 uberum

146 1167 213 1206 12.

142 1895 208 1934 13.

142 2617 206 2656 14.

250 356 376 401 Super
404 355 538 392 vinum
567 354 606 390 in
637 358 831 400 posterum

307 412 479 449 Tuoru‘m
507 421 658 457 semper
687 411 839 454 erimus.

250 467 372 516 Nam,
413 479 496 504 cum
525 468 696 505 videmus
725 477 884 514 puerum

252 524 306 561 Te
337 525 552 570 lactantem,
585 524 638 561 nil
669 534 846 571 asperum

309 581 350 617 ln
381 585 419 617 te
450 581 508 618 vei
540 581 624 628 ipso
655 581 854 628 cernimus,

251 637 326 675 Sed
360 638 512 674 nimium
546 638 744 674 metuimus

250 694 400 743 Vinum,
433 695 533 741 quod
565 705 647 730 esse
678 694 868 741 novimus;

307 751 358 789 Ut
390 751 529 787 dictum
560 755 628 799 est,
660 749 882 796 signiferum

249 806 464 853 Sanguinis,
496 818 604 853 quem
639 807 840 844 didicimus

249 863 391 901 Fusum
424 862 614 911 fuisseque
644 863 782 900 scimus

306 920 429 958 Causa
450 926 663 957 nostrorum
680 921 879 960 scelerum.

970 298 1036 336 11.

1069 298 1177 336 Recta?
1208 299 1375 347 diliymvt
1404 303 1438 336 te
1466 298 1572 345 satis,

1068 355 1164 393 Dum
1200 359 1236 392 te
1267 361 1424 392 matrem
1457 355 1609 400 pietatis

1125 412 1324 458 Nunquam
1349 413 1479 449 volunt
1494 410 1699 462 offendere,

1066 468 1224 506 Causam
1266 480 1412 516 quoque
1448 479 1550 505 suam
1584 469 1700 515 gratis

1067 525 1168 561 Ante
1199 525 1374 562 thronum
1407 525 1589 562 trinitatis

1125 581 1261 618 Parata
1293 593 1332 618 es
1365 581 1592 629 defendere,

1066 636 1153 685 Sed,
1188 639 1250 684 qui
1283 639 1411 674 volunt
1444 638 1622 675 incedere

1066 694 1252 731 Tortuose
1284 701 1318 731 ct
1350 705 1462 741 agere

1123 751 1196 788 Per
1228 753 1306 788 vias
1337 751 1558 800 iniquitatis,

1065 807 1119 844 Te
1149 809 1321 844 nesciunt
1353 808 1524 853 diligere,

1066 864 1174 900 Licet
1205 865 1302 901 nolis
1335 865 1520 910 repellere

1123 922 1166 958 In
1199 931 1288 959 casu
1319 921 1554 959 humilitatis.

607 1067 761 1116 Virgo
803 1067 859 1104 de
898 1070 1057 1105 morte
1099 1065 1222 1105 filii.

243 1167 371 1215 Nigra
403 1178 486 1205 sum
520 1178 594 1203 non
624 1167 813 1205 immerito

244 1223 346 1261 Filio
377 1224 490 1261 morti
521 1223 664 1260 tradito

306 1281 467 1328 Propter
496 1287 653 1327 peccata
684 1281 825 1318 saeculi

247 1337 335 1374 Meo
367 1338 468 1374 dulci
499 1341 537 1373 et
566 1337 730 1384 perdito,

245 1394 358 1431 Mara
388 1393 490 1431 facta
520 1405 601 1430 sum
632 1394 769 1443 subito,

303 1450 365 1488 Sic
397 1455 528 1487 vocate
557 1461 629 1498 me,
660 1451 804 1501 populi,

244 1507 321 1545 Sed
351 1509 536 1556 formosa,
569 1507 601 1544 si
632 1507 732 1544 hunc
761 1507 831 1544 tuli

246 1564 369 1601 Horto
400 1563 554 1600 formosi
585 1564 782 1601 claustruli

301 1621 410 1659 Omni
443 1621 523 1658 viro
554 1621 764 1669 incognito,

244 1678 334 1716 Plus
365 1688 445 1715 sum
478 1678 599 1725 nigra,
631 1678 716 1724 plus
746 1677 846 1715 oculi

241 1735 321 1773 Mei
352 1732 454 1782 flent,
488 1735 574 1780 plus
605 1739 692 1771 sunt
722 1734 822 1771 tituli

297 1791 456 1828 Decoris
486 1792 526 1828 in
555 1791 792 1831 abscondito.

244 1892 458 1931 Ierusalem
492 1903 557 1930 vos
587 1893 709 1940 filiae,

242 1950 332 1987 Filii
365 1950 450 1997 mei,
479 1949 594 1996 filiae,

298 2006 460 2044 Dolores
490 2006 699 2055 intuemini,

241 2063 281 2101 Si
311 2062 420 2101 fletus
452 2063 542 2099 estis
575 2063 723 2100 nesciae

240 2120 315 2157 Pro
347 2119 438 2169 filio,
470 2131 540 2166 pro
571 2130 630 2156 me
660 2120 746 2166 piae

298 2177 433 2214 Flente
464 2176 554 2213 flere
588 2177 816 2225 dignemini3

239 2234 377 2271 Videte
408 2238 567 2270 matrem
598 2233 750 2270 Domini

237 2290 363 2327 Alteri
396 2290 522 2327 datam
553 2290 696 2327 homini

296 2346 372 2384 Sub
404 2347 523 2384 tutela
554 2347 761 2394 custodiae,

237 2403 322 2441 Etsi
354 2403 537 2451 virginem
570 2403 719 2450 virgini,

240 2459 417 2497 Nondum
446 2465 584 2507 tamen,
617 2465 655 2497 ut
688 2460 852 2507 memini,

299 2516 494 2564 Comparis
526 2517 786 2555 excellentiae.

242 2617 292 2656 Ut
325 2617 452 2656 Cedar
481 2618 730 2656 tabernacula

235 2673 328 2711 Feci
360 2675 451 2711 mihi
481 2675 703 2712 umbracula

294 2731 552 2768 Tenebrarum
585 2738 620 2767 et
650 2732 845 2782 maeroris,

237 2787 398 2825 Decoris
428 2789 500 2824 mei
533 2787 661 2825 bibula

238 2844 386 2883 Umbra
415 2844 507 2880 mihi
538 2849 575 2880 et
605 2844 744 2882 nebula

292 2900 362 2937 Est
394 2901 466 2937 mei
497 2912 598 2937 mors
629 2901 820 2947 amatoris,

965 1553 1030 1592 15.

959 2279 1024 2318 16.

1063 1168 1185 1206 Causa
1215 1179 1361 1215 quoque
1392 1168 1435 1206 fit
1466 1171 1608 1207 doloris

1061 1225 1113 1261 Et
1142 1225 1297 1262 lamenti
1328 1227 1543 1272 grandioris

1119 1282 1209 1328 Ipsa
1238 1293 1339 1318 mors
1367 1281 1470 1320 facta
1500 1284 1632 1331 gerula

1063 1337 1191 1376 Gladii
1222 1337 1478 1377 interfectoris

1061 1395 1186 1442 Ipsius
1217 1400 1254 1431 et
1284 1396 1464 1433 occisoris

1118 1452 1279 1488 Animae
1310 1463 1416 1490 meae
1447 1452 1582 1493 ferula.

1063 1552 1171 1591 Sicut
1200 1554 1273 1590 mei
1303 1554 1525 1592 Salomonis

1060 1610 1194 1652 Pelles,
1228 1611 1290 1647 die
1321 1611 1508 1658 passionis

1118 1667 1307 1704 Extensas
1338 1668 1375 1704 in
1407 1669 1548 1715 eculeo,

1061 1723 1116 1761 Ob
1147 1724 1244 1761 ictus
1276 1725 1532 1762 contunsionis

1060 1780 1110 1818 Et
1141 1785 1284 1817 tractus
1316 1782 1546 1818 extensionis

1117 1837 1263 1883 Ruptas
1296 1838 1433 1885 ubique
1462 1839 1589 1887 video,

1059 1893 1123 1931 Sic
1152 1894 1351 1941 lamentor,
1383 1895 1439 1931 sic
1470 1895 1579 1942 lugeo

1057 1951 1104 1987 In*
1134 1950 1338 1997 doloreq‘ue
1368 1952 1483 1988 sedeo

1114 2008 1164 2044 Et
1196 2008 1294 2045 valle
1325 2009 1547 2056 plorationis

1058 2065 1207 2111 Proque
1238 2065 1422 2102 moriente
1453 2075 1496 2102 eo

1059 2121 1294 2160 Contabesco
1325 2126 1363 2158 et
1392 2122 1551 2169 langueo

1114 2178 1224 2215 Datis
1256 2179 1325 2215 sub
1356 2180 1454 2225 pede
1486 2180 1647 2219 coronis.

1056 2278 1187 2317 Nolite
1218 2280 1474 2325 considerare,

1057 2336 1168 2385 Quod
1206 2339 1317 2384 fusca
1353 2337 1424 2374 sim
1459 2337 1541 2374 sive
1572 2348 1691 2388 quare

1113 2393 1343 2431 Decolorata
1371 2394 1531 2443 lugeam,

1054 2451 1151 2497 Quia
1179 2461 1353 2497 magnum
1384 2451 1570 2487 luminare

1055 2507 1206 2554 Mundi,
1239 2507 1301 2553 qui
1332 2507 1546 2544 illuminare

1115 2563 1270 2601 Solebat
1301 2563 1436 2600 faciem
1468 2575 1600 2614 meam,

1054 2619 1119 2657 Sol
1151 2620 1378 2658 decoloravit
1406 2631 1486 2657 eam

1056 2676 1275 2722 Eclipsatus
1306 2687 1375 2723 per
1407 2675 1589 2714 frameam

1111 2733 1162 2769 Et
1192 2734 1306 2769 ictum
1339 2734 1470 2770 mortis
1500 2745 1651 2772 amarae

1056 2791 1128 2839 Ita,
1160 2790 1261 2836 quod
1293 2791 1324 2826 si
1355 2800 1505 2836 semper
1534 2790 1657 2839 fleam,

1055 2846 1145 2884 Cum
1179 2845 1305 2883 facere
1335 2847 1406 2883 hoe
1436 2846 1608 2897 debeam,

1111 2902 1197 2940 Non
1230 2903 1341 2940 debet
1371 2903 1470 2940 ullus
1500 2904 1664 2942 obstare.
