2031 3289
879 185 1190 226 —480—

254 294 305 328 17.
345 297 374 329 Ο
400 300 557 338 patrona,
585 296 670 328 mihi
695 297 787 329 dona

391 343 493 384 Cingi
517 351 607 373 zona
632 351 749 380 aurea,

344 388 398 419 Da
422 397 629 425 successum,
652 387 703 419 fer
727 397 930 429 oppressum

389 433 503 474 Atque
526 432 655 464 fessum
681 442 808 464 recrea.

257 502 309 538 18.
348 506 461 546 Stirps
485 505 635 543 Iessaea,
661 506 730 537 dux
754 509 902 546 astraea,

389 551 469 582 Mea
493 555 588 592 terge
613 551 756 589 scelera,

346 595 393 628 Et
418 595 594 628 mundana
618 606 659 628 ac
683 595 837 628 humana

392 641 552 673 Clemens
577 651 663 673 sana
688 641 842 673 vulnera.

258 711 310 745 19.
348 714 377 745 Ο
404 715 536 756 regina,
561 714 628 746 huc
652 715 789 753 festina,

393 759 514 801 Plagis
538 761 622 791 vina
647 762 748 797 inice,

349 805 402 836 De
428 805 521 836 olivo
547 806 778 847 compassivo,

397 851 516 881 Donec
539 851 632 888 vivo,
659 849 770 882 refice.

259 919 313 955 20.
352 924 420 955 Cor
444 933 647 965 compunge,
675 927 823 955 mentem
848 933 949 966 unge,

396 969 487 1000 Vino
512 969 618 1010 iunge
643 969 769 1007 oleum.

350 1014 421 1045 Des
449 1023 599 1045 amorem
626 1015 662 1045 in
688 1018 863 1046 auctorem

396 1059 443 1090 Et
467 1058 511 1090 da
535 1059 654 1091 florem
679 1060 831 1091 niveum.

260 1123 314 1164 21.
351 1131 381 1163 A
407 1133 554 1164 terrenis
578 1143 642 1164 nos
667 1134 824 1171 venenis,

398 1178 506 1219 Virgo
531 1178 632 1216 lenis,
658 1178 778 1215 libera,

351 1222 570 1254 Medicamen
596 1226 630 1254 et
654 1223 811 1254 solamen

397 1268 598 1300 Vulneratis
623 1278 803 1311 praepara.

261 1337 314 1372 22.
353 1341 466 1382 Stirps
492 1341 631 1384 regalis,
657 1341 726 1373 dux
752 1342 872 1374 vitalis

398 1387 470 1418 Nos
496 1397 516 1418 a
540 1387 642 1418 malis
667 1389 774 1429 eripe,

352 1431 382 1462 A
407 1435 548 1473 peccato
574 1431 753 1464 defensato

400 1478 525 1509 Mortis
549 1477 658 1509 fracto
684 1479 850 1519 principe.

256 1547 310 1582 23.
347 1550 513 1582 Radianti
538 1554 571 1582 et
594 1551 755 1593 flagranti

394 1596 478 1637 Igne
503 1598 616 1628 sancti
641 1598 784 1637 spiritus

348 1642 518 1673 Ruiturae
541 1644 576 1673 et
599 1642 755 1683 impurae

394 1686 518 1718 Carnis
542 1697 604 1718 ure
628 1687 794 1719 fremitus.

257 1756 311 1790 24.
348 1759 565 1791 Reluctantis
591 1764 626 1792 et
650 1760 820 1792 obstantis

215 1804 219 1807 '
394 1805 529 1836 Blanda
551 1806 666 1837 carnis
694 1807 809 1847 iurgia

347 1850 400 1882 Tu
425 1860 604 1892 compesce
629 1852 688 1892 pia
712 1860 813 1893 prece

393 1895 580 1927 Mediatrix
605 1897 712 1938 regia.

258 1965 311 2000 25.
351 1968 461 2000 Maris
489 1970 601 2007 stella,
627 1970 716 2002 caeli
739 1970 838 2009 cella,

393 2015 582 2054 Interpella
606 2014 727 2054 filium,

349 2059 398 2091 Ut
423 2060 581 2099 placatus
607 2071 667 2092 rex
693 2061 814 2093 beatus

394 2105 553 2137 Praestet
577 2116 668 2137 nunc
693 2105 874 2137 auxilium.

1071 295 1126 331 26.
1163 297 1329 340 Speciosa
1352 299 1441 331 caeli
1467 310 1557 339 rosa,

1207 344 1370 376 Gloriosa
1394 344 1546 384 domina,

1163 388 1389 431 Corruptelae
1414 393 1448 421 et
1472 390 1633 432 querelae

1207 434 1356 466 Nostrae
1381 434 1458 466 dele
1483 436 1640 467 crimina.
1673 476 1678 480 Ι
1732 456 1736 459 -

1072 504 1126 539 27.
1162 507 1262 550 Roga
1285 509 1396 550 gratis
1420 508 1556 541 vultum
1580 511 1691 551 patris

1207 553 1275 584 Pro
1301 554 1453 594 peccatis
1479 555 1644 592 omnium,

1162 597 1209 628 Et
1233 597 1409 630 discordes
1434 599 1488 630 fac
1513 600 1702 632 concordes

1208 643 1359 685 Tergens
1386 643 1504 675 sordes
1530 646 1708 676 mentium.

1075 713 1128 748 28.
1164 717 1278 748 Mater
1302 717 1380 754 Dei,
1406 718 1443 748 in
1467 727 1538 759 qua
1560 719 1611 750 rei

1211 762 1353 793 Habent
1376 763 1451 804 spei
1477 762 1676 804 plurimum,

1165 806 1237 838 Nos
1262 806 1406 848 dignare
1430 810 1668 849 transportare

1210 851 1332 883 Mundi
1356 862 1450 884 mare
1475 854 1672 884 maximum.

1078 922 1130 957 29.
1167 925 1219 956 Ne
1245 935 1409 963 erremus,
1434 929 1467 957 te
1494 925 1663 965 videmus,

1212 970 1312 1002 Assis
1336 981 1461 1009 remus,
1487 971 1648 1009 anchora,

1167 1015 1214 1047 Et
1237 1016 1370 1057 ignaris
1394 1015 1556 1057 largiaris

1213 1061 1322 1092 Nobis
1347 1062 1454 1093 maris
1478 1061 1594 1093 litora.

1076 1130 1130 1166 30.
1167 1134 1248 1165 Dux
1271 1133 1480 1174 credentum,
1506 1145 1585 1176 spes
1612 1137 1787 1168 iacentum

1212 1175 1300 1210 lube
1323 1182 1464 1211 ventum
1493 1181 1636 1218 conteri,

1170 1223 1226 1257 Sis
1251 1224 1451 1263 conductus,
1477 1235 1520 1257 ne
1544 1236 1607 1257 nos
1632 1227 1756 1258 fluctus

1215 1270 1342 1301 Poenis
1367 1273 1526 1312 mergant
1549 1271 1663 1303 inferi.

1078 1340 1132 1374 31.
1171 1342 1281 1374 Stella
1305 1343 1422 1383 maris,
1448 1353 1537 1385 quae
1562 1345 1720 1386 probaris

1218 1387 1338 1420 Stellis
1359 1387 1467 1420 'claris
1493 1388 1629 1428 clarior,

1170 1433 1260 1465 Vere
1284 1442 1371 1474 pura
1395 1437 1565 1473 creatura,

1215 1479 1307 1520 Ipsis
1331 1478 1438 1510 caelis
1464 1480 1593 1521 purior.

1075 1549 1129 1583 32.
1168 1551 1278 1584 Stella
1301 1551 1432 1591 lucens,
1458 1563 1522 1584 nos
1547 1553 1754 1594 conducens,

1211 1598 1340 1629 Nostra
1367 1597 1521 1629 mulcens
1547 1602 1698 1640 pectora,

1165 1643 1220 1673 Da
1244 1643 1363 1683 quieta
1387 1648 1421 1674 et
1445 1643 1577 1685 repleta

1210 1687 1300 1719 Pace
1326 1687 1418 1719 laeta
1441 1691 1609 1729 tempora.

1071 1757 1128 1793 33.
1165 1761 1257 1794 Urbs
1282 1761 1456 1798 conclusa,
1482 1772 1546 1793 nos
1571 1772 1699 1794 excusa

1209 1806 1315 1838 Prece
1340 1806 1417 1838 fusa
1440 1806 1526 1845 filio,

1162 1851 1209 1883 Et
1232 1851 1362 1892 repelle
1386 1853 1457 1882 vim
1484 1852 1657 1892 procellae

1207 1897 1304 1928 Tuae
1328 1897 1450 1928 stellae
1475 1897 1585 1929 radio.

1074 1966 1130 2002 34.
1165 1970 1275 2001 Vultu
1299 1970 1369 2002 leni
1394 1971 1557 2012 princeps
1581 1973 1662 2003 vem’

1212 2016 1384 2047 Nazareni
1409 2017 1568 2058 agminis,

1166 2061 1238 2092 Nos
1263 2060 1305 2092 de
1330 2062 1439 2102 portis
1466 2060 1565 2093 trahe
1591 2061 1722 2101 mortis,

1210 2105 1331 2137 Turris
1355 2105 1580 2138 fortitudinis.

677 2177 732 2211 35.
769 2180 883 2211 Iustos
907 2183 996 2222 tege,
1021 2190 1098 2211 reos
1124 2189 1214 2222 rege,

812 2225 925 2256 Mater
949 2235 1062 2257 novae
1089 2226 1234 2267 gratiae,

767 2270 839 2301 Nos
865 2270 1049 2308 circumda,
1075 2280 1138 2301 nos
1165 2269 1314 2302 emunda

812 2317 952 2347 Lavans
977 2316 1069 2347 unda
1094 2316 1227 2347 veniae.

350 2393 528 2425 Hiernach
554 2394 659 2425 Pater
683 2395 790 2431 Deus,
813 2393 862 2425 fili
888 2394 984 2426 Deus
1009 2404 1093 2426 USW.
1118 2393 1188 2425 und
1214 2393 1367 2425 letztlich
1394 2393 1475 2431 XII,
1501 2390 1646 2425 26—40.

351 2440 459 2470 Pars
490 2439 556 2470 XV
579 2452 623 2463 =
649 2439 811 2480 Rhythm.
839 2439 917 2475 VII,
946 2437 978 2478 1;
1004 2439 1102 2476 XIII,
1132 2436 1236 2473 1—9:
1266 2435 1414 2477 12-223
1443 2439 1487 2478 X,
1514 2435 1658 2470 31—36.
1715 2439 1819 2471 Dann

260 2484 360 2523 Quod
386 2488 544 2526 optamus
571 2494 666 2522 usw.,
692 2485 796 2516 Pater
820 2485 915 2516 Deus
942 2495 1027 2516 usw.
1053 2484 1122 2515 und
1149 2483 1304 2517 endlich:

285 2561 312 2594 1.
351 2564 447 2595 Bona
472 2566 591 2602 mater,
618 2573 678 2604 per
703 2572 804 2605 quam
829 2563 936 2595 frater

396 2609 506 2640 Nobis
531 2612 648 2640 noster
673 2613 792 2640 auctor
816 2613 878 2646 est,

351 2655 429 2693 Qua
454 2656 569 2685 reatus
595 2655 766 2695 expiatus,

396 2698 448 2730 Ex
475 2709 542 2741 qua
569 2699 663 2731 Deus
689 2702 791 2731 natus
816 2703 878 2731 est.

282 2769 313 2802 2.
352 2772 497 2813 Propter
522 2772 631 2810 illum,
658 2783 758 2814 quem
786 2772 949 2814 pusillum

400 2819 600 2854 Lactavisti,
626 2818 783 2856 subveni,

353 2863 423 2894 Nos
450 2873 590 2894 accessu
619 2868 651 2894 et
677 2873 838 2894 successu

399 2908 496 2939 Dona
521 2909 600 2940 Iesu
626 2909 779 2940 Domini.

1094 2560 1126 2595 3.
1164 2562 1234 2594 Fili
1257 2563 1357 2598 bone.
1384 2563 1491 2594 menti
1520 2571 1649 2604 pronae

1210 2608 1343 2639 Bonum
1371 2617 1471 2639 omne
1496 2607 1641 2645 tribuas,

1164 2653 1308 2694 Propter
1333 2657 1477 2684 matrem
1503 2654 1705 2694 sospitatem

1210 2699 1323 2740 Atque
1348 2707 1466 2740 pacem
1493 2706 1637 2730 annuas.

1096 2769 1128 2803 4.
1167 2771 1333 2803 Actiones
1359 2775 1393 2803 et
1418 2781 1592 2803 sermones

1212 2817 1320 2848 Nobis
1345 2816 1452 2848 dones
1477 2826 1595 2857 regere

1166 2862 1211 2894 Et
1235 2863 1386 2903 peccatis
1412 2861 1607 2893 emundatis

1210 2907 1351 2938 Vultum
1378 2907 1486 2948 patris
1509 2916 1660 2938 cernere.
