1914 3223
184 291 276 328 330.

188 590 279 627 335.

188 885 280 922 340.

188 1185 280 1221 345.

185 1477 276 1514 350.

181 1759 273 1798 355.

181 2044 274 2081 360.

179 2328 272 2365 365.

179 2613 272 2652 370.

310 231 413 279 Quod
448 230 598 277 placere
629 228 696 265 tibi
729 228 856 265 volens

365 288 495 334 loquar
526 285 834 334 praesumptorie,

310 351 366 388 De
386 360 458 396 qua
473 347 656 395 quidquid
676 346 750 384 dici
769 351 904 395 potest,

364 410 480 443 totum
512 409 570 441 est
599 403 760 441 amabile

310 469 359 507 Et
388 467 588 505 iucundum
621 472 654 503 et
689 466 877 514 decorum,

366 525 561 561 honestum
593 528 627 560 et
659 523 762 560 utile.

316 588 473 624 Pronum
505 596 592 622 vero
622 585 692 622 tibi
724 589 871 622 constat

367 649 400 680 et
433 642 581 679 omnino
615 641 737 681 facile.

311 706 371 744 Ad
402 709 640 752 quoscunque
669 705 762 741 velis
793 715 880 741 usus

368 762 520 809 angelos
550 762 819 810 transmittere,
869 803 872 806 ,

310 825 415 873 Quod
428 824 601 870 exempla
613 824 730 860 multa
744 823 920 872 probant,

372 891 465 928 quae
482 881 631 927 longum
650 885 705 917 est
723 891 908 927 promere.

313 945 476 990 Ideoque
507 948 676 980 sanctum
707 943 816 980 nobis

368 999 582 1037 Gabrielem
615 1000 747 1047 dirige,

313 1063 380 1110 Qui
412 1067 447 1099 te
478 1067 634 1099 matrem
666 1062 737 1099 Dei
769 1062 826 1099 sui

367 1119 543 1156 salutavit
576 1129 738 1166 congrue

311 1183 436 1228 Atque
474 1186 602 1218 sancto
639 1181 909 1227 gravidandam

367 1237 600 1285 praedicavit
632 1236 781 1274 flamine

313 1299 465 1346 Absque
494 1299 735 1346 generatione

367 1356 550 1393 naturalis
581 1356 749 1402 copulae.

310 1421 437 1465 Ipsum
469 1428 556 1465 ergo
588 1429 608 1454 a
639 1423 676 1454 te
707 1420 828 1456 causi-

368 1475 491 1512 dicum
522 1474 629 1511 nobis
661 1475 796 1523 tribue,

310 1531 371 1570 Uti
402 1541 535 1578 preces
566 1534 713 1568 nostras
744 1532 813 1569 tibi

365 1588 541 1635 dignetur
570 1598 770 1635 suggerere

307 1645 543 1692 Caelestique
574 1644 690 1682 corda
724 1650 853 1684 nostra

366 1705 472 1739 curet
502 1701 764 1746 medicamine,

303 1758 485 1805 Quoniam
515 1762 602 1795 sunt
632 1758 790 1796 vanitati

361 1815 513 1853 subdita
543 1813 768 1861 cuperfluae.

307 1872 523 1909 Intellectus
554 1871 672 1909 bonus
704 1873 848 1910 cunctis

361 1934 418 1966 est
450 1928 692 1975 diligentibus
724 1934 772 1969 te.

306 1986 407 2023 Sicut
438 1990 595 2023 matrem
630 1986 697 2023 Dei
729 1987 785 2023 sui

362 2042 444 2090 quis
476 2042 590 2080 debet
621 2043 791 2091 diligere,

305 2100 349 2137 In
371 2110 444 2146 qua
460 2110 642 2136 summum
660 2105 696 2136 et
712 2105 905 2138 aeternum

360 2156 497 2194 bonum
530 2160 587 2193 est
617 2156 820 2195 confidere.

304 2214 366 2251 Ad
398 2213 576 2250 honorem
608 2214 699 2260 eius,
732 2224 840 2252 sacro

360 2280 468 2317 quem
499 2270 649 2307 lactasti
679 2270 806 2317 ubere,

304 2329 420 2374 Quem
449 2331 490 2364 tu
520 2326 641 2374 nobis,
672 2326 886 2375 benedicta,

360 2384 415 2421 sie
444 2384 635 2431 placatum
666 2382 787 2431 effice,

306 2442 356 2480 Ut
387 2441 506 2488 ipsius
537 2440 690 2487 pietatis

365 2499 463 2536 dono
494 2498 735 2536 devotissime

305 2555 530 2593 Studeamus
560 2555 645 2602 iugo
677 2555 756 2592 eius

361 2612 458 2649 colla
488 2615 619 2649 nostra
649 2611 824 2659 subdere,

305 2669 357 2708 Ut
387 2668 437 2706 ad
467 2668 598 2705 urbem
632 2669 737 2715 pacis
758 2672 910 2706 nostrae

363 2725 576 2772 dirigantur
607 2726 773 2775 semitae,

306 2785 359 2824 Ut
396 2782 604 2829 praecincti
635 2781 781 2819 lumbos
812 2783 910 2820 iuste

364 2841 532 2878 vivamus
565 2844 602 2876 et
632 2839 770 2886 sobrie,

909 112 985 150 1:55

990 227 1084 264 375.

994 522 1086 560 380.

997 1118 1090 1155 390.

995 1418 1087 1454 395.

992 1702 1087 1740 400.

991 1987 1084 2025 405.

993 2272 1087 2309 410.

996 2555 1090 2594 415.

996 2840 1090 2877 420.

1120 225 1166 263 Ul
1194 236 1258 261 eor
1282 227 1449 260 nostrum
1470 223 1723 269 impinguetur

1177 281 1346 318 caritatis
1377 279 1502 326 adipe,

1121 344 1167 382 Ut
1202 339 1406 389 condignos
1436 352 1634 388 operemur

1176 400 1320 438 fructus
1352 398 1640 445 praenitentiae,

1121 465 1171 503 Ut
1205 462 1368 499 feramus
1399 461 1447 498 ad
1479 461 1600 497 altare

1178 532 1242 557 cor
1273 517 1450 555 mundum
1483 522 1520 553 et
1551 517 1702 563 humile,

1122 583 1173 621 Ut
1203 582 1249 618 sit
1282 581 1338 617 illi
1370 580 1627 617 holocaustum

1180 644 1346 675 nostrum
1379 636 1626 683 acceptabile,

1127 701 1176 739 Ut
1217 710 1438 747 spernamus
1469 699 1723 735 blandimenta

1182 758 1281 794 vitae
1312 756 1421 795 liuius
1453 755 1625 798 miserae,

1083 850 1091 859 .
1126 822 1176 860 Ut
1208 820 1371 858 adversa
1401 818 1603 855 toleremus

1181 888 1262 914 cum
1294 875 1593 921 mansuetudine,

1124 941 1178 980 Ut
1208 951 1281 976 non
1312 938 1378 976 fiat
1409 936 1497 984 fuga
1527 940 1656 974 nostra

1179 995 1338 1034 sabbato
1370 995 1428 1032 vel
1460 994 1593 1041 hieme,

1125 1059 1176 1098 Ut
1207 1070 1272 1095 cor
1303 1061 1471 1094 nostrum
1504 1056 1684 1093 dilatetur

1180 1116 1218 1152 in
1249 1113 1497 1160 beatitudine,

1124 1179 1176 1218 Ut
1206 1188 1247 1215 os
1278 1187 1400 1214 meum
1432 1175 1625 1222 repleatur

1179 1234 1304 1272 laudis
1335 1237 1422 1270 tuae
1454 1233 1631 1279 carmine,

1124 1298 1175 1336 Ut
1205 1300 1404 1343 patronam
1436 1299 1473 1332 te
1504 1295 1676 1341 precanti

1181 1353 1346 1400 digneris
1376 1352 1608 1398 impendere,

1121 1415 1178 1453 Ne
1207 1415 1390 1452 insultent
1419 1425 1583 1462 unquam
1610 1414 1724 1459 vieto,

1177 1472 1240 1519 qui
1260 1482 1320 1508 me
1341 1475 1525 1518 quaerunt
1548 1471 1721 1517 perdere.

1117 1529 1175 1566 Ne
1205 1533 1358 1566 avertas
1389 1531 1503 1573 tuam,
1537 1538 1687 1574 quaeSO,

1175 1584 1309 1623 faciem
1339 1584 1387 1622 ab
1418 1585 1531 1631 inope

1119 1643 1198 1680 Nec
1228 1643 1309 1679 sine
1339 1642 1458 1678 tutela
1487 1646 1552 1678 tua

1176 1700 1269 1737 velis
1300 1710 1359 1736 me
1391 1699 1614 1745 relinquere,

1119 1758 1217 1796 Dum
1249 1766 1405 1803 pererro
1437 1755 1682 1802 vagabundus

1175 1814 1213 1850 in
1243 1813 1315 1850 hac
1345 1812 1560 1857 solitudine,
1579 1852 1589 1858 ⁴

1118 1871 1160 1908 In
1194 1870 1364 1908 convalle
1395 1869 1635 1906 lacrimarum

1175 1927 1353 1964 laborans
1385 1925 1619 1975 gravissime,

1117 1985 1233 2032 Quem
1265 1983 1403 2030 fatigat
1434 1983 1677 2020 vehementer

1175 2052 1312 2088 eorpus
1343 2040 1445 2077 istud
1479 2038 1615 2086 fragile

1119 2099 1169 2136 Et
1199 2097 1490 2144 temptationum
1521 2103 1669 2133 torrens

1175 2155 1337 2201 impellit
1366 2153 1603 2191 multimode.

1119 2212 1269 2250 Summe
1300 2211 1416 2259 Deus,
1449 2210 1531 2257 quis
1562 2210 1624 2246 hie
1656 2210 1726 2246 erit

1177 2268 1260 2305 finis
1291 2268 1330 2304 in
1363 2266 1597 2304 certamine?

1121 2326 1210 2372 Quis
1242 2325 1428 2362 misellum
1460 2323 1639 2361 liberabit

1178 2383 1224 2420 de
1254 2385 1360 2419 tanta
1391 2379 1598 2428 voragine?

1122 2440 1151 2478 O
1183 2439 1318 2483 Maria,
1351 2448 1483 2475 nomen
1514 2437 1666 2483 bonum,

1180 2506 1313 2533 nomen
1345 2493 1600 2543 memorabile,

1124 2554 1153 2592 Ο
1184 2563 1332 2598 nomen,
1375 2552 1475 2599 quod
1505 2551 1640 2588 melius
1672 2554 1728 2587 est

1179 2621 1287 2657 quam
1319 2610 1459 2646 multae
1491 2608 1658 2654 divitiae,

1122 2668 1338 2706 Balsamum
1371 2665 1633 2714 aromatizans,

1179 2728 1238 2760 tus
1269 2723 1388 2760 mirae
1419 2721 1662 2770 fragrantiae,

1122 2781 1212 2818 Flos
1243 2784 1431 2823 aeternus,
1464 2789 1550 2816 rosa
1579 2779 1690 2825 lenis,

1181 2837 1323 2885 lignum
1356 2846 1504 2883 semper
1535 2835 1670 2881 viride,
