2031 3289
863 186 1055 226 —468
1128 209 1164 212 —

237 315 278 319 --
301 296 359 335 39,
388 296 401 328 1
433 297 599 337 praedare
624 308 687 329 nos
713 299 841 329 intrare
867 299 927 329 DI.
952 315 997 318 —
1021 295 1076 335 39,
1100 297 1123 329 4
1148 300 1305 339 supernis
1333 299 1383 338 Κς
1410 301 1506 330 socia
1526 300 1601 331 ΓΜ.
1626 317 1671 321 -
1694 298 1749 338 40,
1774 297 1797 332 3

233 344 323 386 quod
349 344 487 384 utrique
513 343 559 373 M.
586 361 628 365 —
646 342 744 374 Nach
769 343 835 374 Str.
861 340 906 374 40
930 343 1033 374 Pater
1057 343 1152 375 Deus
1177 347 1240 375 etc.
1267 343 1305 374 O.

322 387 569 429 Rhythmus
596 388 693 420 XIII.
719 405 763 409 —
792 386 825 425 1,
861 387 876 418 1
904 389 984 420 Lux
1010 387 1122 419 fidelis
1148 388 1192 419 H.
1219 407 1261 411 —
1291 387 1326 427 1,
1359 386 1380 420 3
1405 399 1474 420 non
1498 390 1656 431 gravaris
1681 390 1721 422 Ο.
1753 407 1793 410 -

233 433 265 472 2,
291 433 311 465 3
337 437 370 465 et
395 434 575 475 praemisit
593 433 637 466 F:
665 436 699 464 et
722 432 898 474 praedixit
916 434 957 471 ss;
984 433 1095 465 Nobis
1120 433 1202 464 fecit
1227 437 1260 465 et
1284 434 1451 475 praefecit
1466 435 1513 466 M.
1532 451 1576 455 —
1596 432 1626 472 2,
1651 431 1674 465 4
1689 434 1795 466 Omni

234 481 308 511 sine
333 479 470 510 macula
487 479 534 509 M.
553 497 596 501 —
615 476 646 515 3,
671 476 693 509 4
718 477 898 509 laudemus
915 477 955 509 O.
975 495 1016 499 —-
1034 477 1066 516 4,
1093 476 1115 509 4
1140 478 1259 510 laudes
1278 478 1418 511 FGHK.
1443 497 1488 500 —
1505 478 1535 518 6,
1563 477 1579 511 1
1599 480 1628 511 Ο
1646 474 1796 511 h'onesta

234 526 333 566 virgo
360 527 498 565 praesta
522 524 569 555 M.
597 541 640 544 —
665 521 702 559 6,
734 521 756 554 4
790 522 953 564 gaudium
980 524 1018 554 F.
1042 540 1086 544 -
1113 522 1143 561 7,
1172 522 1184 554 1
1214 524 1243 555 O
1269 534 1372 564 quam
1397 528 1516 566 gratus
1541 528 1575 556 et
1599 525 1722 556 beatus
1746 525 1793 555 M.

233 587 276 591 —
303 568 339 607 7,
365 568 387 600 4
411 569 669 600 Restauruntur
693 569 735 600 K.
762 584 803 589 —
830 565 861 605 8,
890 566 905 599 1
933 568 1033 608 Quod
1059 568 1246 600 iucundum
1273 570 1318 604 02
1345 570 1560 602 immundum
1584 570 1626 601 D.
1650 586 1692 591 ——-
1718 567 1750 608 8,
1775 567 1796 600 2

234 617 305 647 Nec
341 625 410 646 non
436 613 639 645 indeficiens
664 614 691 644 1.
717 630 761 634 ——
785 611 824 651 9,
859 610 880 643 2
906 614 1070 645 Nostrum
1098 624 1213 655 regem
1238 615 1348 646 BKM.
1375 633 1415 637 --
1442 612 1480 652 9,
1513 612 1536 646 4
1561 615 1697 646 Pudens
1722 625 1796 646 sus-

235 661 342 691 tinuit
366 660 404 690 B.
429 677 473 679 —
500 656 552 696 10,
582 657 597 689 1
624 668 726 699 quam
752 659 854 690 beata
872 659 978 690 ΒΗΚ.
1005 676 1043 680 -
1075 657 1125 698 10,
1153 656 1173 690 2
1190 659 1301 698 Quam
1320 659 1363 692 F:
1390 661 1541 701 genitrix
1560 660 1602 692 D.
1630 676 1664 680 --
1699 658 1750 699 10,
1774 657 1797 691 4

235 706 325 747 regit
349 705 467 736 omnia
490 703 619 743 (spater
643 703 788 744 korrig.)
804 703 843 734 B.
868 720 912 724 -
931 701 982 742 12,
1009 702 1030 734 4
1056 703 1228 735 Gemitum
1251 705 1429 735 amisimus
1447 705 1474 736 I.
1494 722 1536 726 —
1556 703 1606 743 13,
1632 703 1652 736 2
1669 706 1797 736 Natum

235 752 309 783 eius
328 749 548 787 BGHKMO,
571 750 682 781 Natus
701 750 774 780 eius
793 749 829 779 F.
849 765 891 769 —
913 747 963 787 14,
985 747 998 779 1
1020 750 1087 780 Dei
1105 754 1215 780 mater
1232 750 1333 781 nobis
1350 755 1450 790 grata
1469 750 1516 789 Β,
1535 751 1603 782 Fac
1619 754 1796 791 gratanter

236 799 271 828 et
294 798 492 826 constanter
508 795 556 825 M.
582 813 624 816 —
652 792 702 831 14,
729 791 749 824 2
765 794 842 825 Tua
866 794 920 825 fac
945 794 1129 825 sollemnia
1147 795 1184 825 B.
1209 812 1254 816 —
1281 793 1332 831 15,
1354 794 1375 825 3
1393 795 1496 826 Falsa
1521 795 1611 835 pelle
1636 799 1670 826 et
1687 794 1797 827 evelle

233 841 281 873 M.
299 857 342 862 —
370 837 421 878 15,
446 837 469 870 4
491 839 717 870 Peccatorum
734 839 781 870 M.
809 856 844 859 —
877 836 927 874 16,
958 838 972 870 1
999 839 1077 870 feda
1103 839 1196 871 bella
1211 840 1251 871 B.
1277 857 1322 860 —
1348 837 1398 879 16.
1425 838 1446 871 3
1470 840 1672 882 disperdant
1689 840 1726 872 O.
1753 857 1792 861 --·

236 884 294 925 16,
327 884 349 917 4
373 886 488 916 Huius
520 884 636 915 mundi
665 884 803 915 BFKM.
835 900 877 904 -
915 883 975 922 17,
1007 883 1030 915 4
1055 884 1233 924 BEHKO:
1267 885 1404 926 penitus
1429 886 1469 917 Ο.
1493 905 1536 909 -
1566 883 1624 923 19,
1661 883 1676 916 1
1702 886 1798 916 Inter

234 935 330 963 tuum
357 932 393 962 B.
418 947 461 952 —
489 927 549 968 19,
583 926 604 961 3
629 930 791 961 Pressum
816 929 895 960 leva
920 929 1127 961 ABGKMO.
1155 947 1193 951 —
1223 928 1282 967 19,
1319 928 1340 960 4
1365 930 1442 972 Ego
1468 941 1565 962 ruam
1594 930 1634 962 O.
1659 948 1704 951 —
1729 931 1795 962 Str.

236 974 280 1008 20
303 976 375 1007 und
399 973 440 1006 21
467 975 584 1006 hinter
608 972 652 1005 24
671 975 707 1005 B.
732 992 777 995 —
801 971 855 1012 20,
883 972 1066 1016 lMagnus
1084 975 1123 1006 Ο.
1150 992 1195 996 —
1219 973 1274 1013 20,
1298 973 1320 1007 3
1338 975 1444 1007 Cuius
1461 976 1503 1015 F3
1529 986 1635 1017 grave
1661 979 1695 1007 et
1721 986 1796 1017 per-

235 1032 341 1064 prave
366 1021 414 1052 M.
439 1036 482 1042 -—
507 1018 570 1058 20,
603 1018 626 1050 4
650 1020 803 1051 Poenam
829 1020 876 1052 M.
904 1037 944 1041 —-
971 1018 1033 1057 21,
1059 1017 1080 1051 3
1105 1030 1159 1052 me
1184 1020 1304 1052 seduxi
1331 1021 1378 1061 K;
1412 1021 1547 1052 detruxi
1571 1022 1616 1057 B:
1654 1025 1687 1052 et
1711 1021 1797 1052 fehlt

234 1068 273 1099 B.
298 1086 341 1090 —
367 1064 428 1103 21.
457 1063 473 1096 1
500 1064 594 1106 Ergo
620 1065 769 1096 clemens
789 1064 835 1096 O.
860 1082 903 1087 ——
928 1062 983 1100 22,
1008 1063 1030 1096 4
1053 1065 1183 1097 Poscas
1209 1065 1295 1097 mihi
1320 1065 1426 1097 FHK.
1452 1083 1497 1087 —-
1522 1064 1574 1104 23,
1599 1064 1620 1098 3
1646 1066 1716 1098 Des
1741 1066 1796 1105 M3

236 1116 269 1144 et
293 1122 362 1143 non
387 1111 496 1142 ΓΗΚ.
523 1128 565 1132 -
591 1107 651 1148 23,
683 1108 705 1141 4
729 1109 954 1141 daemoniaco
979 1110 1022 1141 K.
1048 1127 1092 1131 —
1116 1108 1178 1150 24,
1212 1108 1233 1141 2
1257 1111 1315 1142 Me
1339 1110 1439 1143 hoste
1465 1113 1511 1150 B,
1545 1109 1598 1149 24,
1624 1109 1645 1143 3
1670 1112 1717 1144 Ut
1741 1121 1796 1143 co-

234 1167 354 1189 ronam
380 1157 428 1195 O3
462 1156 576 1197 Atque
604 1165 741 1187 cernam
767 1156 1013 1196 sempiternam
1038 1156 1084 1186 M.
1112 1173 1152 1176 —
1180 1154 1243 1193 24,
1275 1154 1298 1187 4
1322 1156 1404 1188 dare
1429 1157 1463 1197 13
1495 1157 1631 1191 Vitam,
1668 1158 1704 1187 in
1728 1166 1798 1198 qua

234 1202 350 1234 radias
376 1202 422 1233 M.
450 1218 496 1222 —
527 1199 586 1237 25,
621 1199 641 1231 2
665 1200 765 1232 Velle
789 1204 886 1232 tuum
912 1201 956 1232 H.
981 1217 1025 1221 —
1050 1198 1112 1238 27,
1146 1199 1166 1232 2
1191 1202 1303 1232 Tuum
1329 1202 1459 1243 possim
1484 1200 1592 1233 filium
1620 1202 1727 1233 FHK.
1755 1218 1795 1222 —

236 1245 296 1285 27,
330 1244 350 1279 3
383 1247 495 1278 Tuere
526 1256 644 1286 pacem
677 1246 716 1277 B.
749 1263 794 1267 —
826 1243 886 1284 28,
921 1243 941 1276 2
965 1246 1047 1277 Vite
1084 1250 1118 1277 et
1144 1247 1192 1282 D;
1224 1247 1348 1279 Verbis
1383 1250 1417 1279 et
1440 1247 1467 1278 I.
1501 1266 1543 1269 —
1578 1245 1640 1285 29,
1675 1245 1690 1278 1
1717 1247 1797 1278 Iesu

235 1293 379 1324 verbum
403 1292 443 1324 Ο.
478 1309 523 1313 -—
547 1288 601 1329 30,
626 1288 647 1323 3
672 1291 721 1323 Ut
748 1294 918 1322 extremos
942 1292 986 1323 M.
1013 1308 1057 1313 —
1081 1289 1135 1329 31,
1161 1290 1182 1322 4
1206 1291 1398 1323 honoribus
1422 1293 1462 1323 B.
1487 1309 1530 1313 -—
1555 1289 1608 1330 32,
1638 1291 1653 1323 1
1680 1293 1739 1324 Sic
1763 1293 1797 1331 13

240 1337 447 1370 cernendum
472 1338 511 1368 B.
536 1353 582 1357 —-
606 1333 660 1374 32,
686 1333 707 1368 3
734 1337 831 1376 Quae
856 1338 1009 1378 portavit
1033 1340 1067 1367 et
1089 1338 1243 1378 gestavit
1258 1337 1305 1368 M.
1329 1355 1374 1358 -—
1398 1334 1452 1374 32,
1477 1335 1499 1368 4
1515 1337 1565 1369 Te
1590 1341 1708 1369 sancto
1734 1347 1797 1369 suo

237 1384 368 1425 gremio
393 1383 440 1413 M.
474 1399 516 1403 -—-
552 1379 611 1419 33,
650 1380 663 1412 1
690 1381 779 1413 Mihi
814 1392 915 1422 parce
943 1382 1017 1413 ΓΗ.
1043 1399 1087 1403 -
1112 1379 1174 1419 33,
1207 1380 1228 1413 2
1252 1382 1383 1414 Missus
1409 1388 1461 1414 est
1484 1383 1536 1422 K,
1568 1383 1697 1414 Missus
1722 1393 1798 1414 sum

237 1430 273 1461 F.
299 1446 343 1449 —
367 1426 429 1465 34,
457 1425 477 1458 3
501 1427 548 1458 Et
572 1428 741 1458 virtutum
767 1427 821 1460 H:
855 1427 967 1458 ferant
992 1427 1156 1458 frustrum
1182 1428 1225 1459 D.
1251 1444 1294 1448 —
1319 1425 1373 1466 34,
1398 1425 1420 1459 4
1444 1427 1661 1469 Expellenda
1686 1428 1723 1459 B.
1753 1445 1798 1449 —

237 1473 299 1512 35,
337 1472 351 1505 1
378 1472 572 1504 Prudenter
597 1476 630 1504 et
655 1472 823 1514 pudenter
847 1471 886 1503 Ο.
914 1491 955 1494 -
981 1469 1043 1510 35,
1069 1469 1089 1503 2
1114 1482 1217 1514 agere
1237 1473 1275 1504 B.
1302 1490 1346 1494 -
1370 1470 1423 1513 35,
1448 1471 1471 1504 4
1495 1473 1633 1504 laedere
1653 1473 1728 1504 ΒΜ.
1754 1491 1794 1495 -

235 1517 296 1557 36,
332 1518 346 1549 1
383 1528 446 1550 nec
478 1528 547 1549 non
580 1521 713 1548 castum
739 1518 785 1555 O,
818 1522 1014 1558 promptum
1050 1522 1154 1559 atque
1187 1522 1325 1549 cautum
1350 1518 1397 1549 M.
1431 1536 1468 1540 —-
1506 1516 1567 1556 36,
1600 1516 1621 1549 2
1647 1518 1696 1550 Ut
1720 1522 1800 1559 post

236 1563 472 1602 DFGHIKM;
499 1563 591 1594 fruat
614 1563 664 1596 K:
691 1580 734 1583 —
759 1560 813 1600 36,
838 1561 860 1593 4
878 1563 1039 1594 Summae
1064 1563 1152 1594 lucis
1177 1563 1274 1594 radio
1293 1564 1330 1594 F.
1347 1580 1391 1584 —
1409 1563 1508 1595 Naoh
1526 1564 1593 1596 Str.
1618 1561 1662 1595 36
1685 1563 1746 1594 hat
1762 1563 1798 1594 M

237 1610 321 1641 zwei
347 1609 584 1650 Doxologien:
610 1608 716 1639 Pater
743 1608 847 1645 Deus,
873 1607 920 1638 fili
948 1609 1043 1639 Deus
1069 1612 1132 1639 etc.
1158 1608 1227 1639 und
1252 1619 1315 1639 vor
1340 1608 1470 1641 dieser:

711 1697 791 1729 Tibi
816 1702 897 1728 nato
923 1707 1000 1728 cum
1029 1697 1130 1729 beato

758 1742 861 1774 Patre
886 1742 963 1773 laus
989 1746 1023 1774 et
1047 1743 1160 1783 gloria

713 1788 944 1829 Flaminique,
971 1788 1063 1827 quod
1089 1788 1228 1827 utrique

759 1834 908 1874 Compar
933 1837 985 1864 est
1010 1844 1071 1874 per
1097 1835 1213 1864 omnia

334 1924 579 1965 Rhythmus
605 1924 699 1956 XIV.
724 1941 769 1945 —
797 1922 830 1961 1,
863 1922 885 1954 4
914 1923 1052 1955 Tenens
1077 1923 1119 1954 D.
1151 1939 1194 1944 —
1228 1920 1266 1960 2,
1302 1921 1317 1954 1
1344 1923 1457 1954 Mater
1493 1925 1566 1954 nati
1599 1924 1724 1955 summi
1749 1925 1797 1963 A,

239 1981 368 2002 summe
395 1971 426 2001 1:
452 1969 640 2001 Mediatrix
665 1973 697 2001 et
723 1969 892 2000 salvatrix
916 1968 955 2000 O.
981 1988 1024 1992 -
1050 1968 1148 2000 Nach
1175 1969 1241 2000 Str.
1267 1965 1289 2000 3
1314 1967 1449 2000 schiebt
1473 1969 1502 2002 Ο
1528 1970 1601 2000 ein:

759 2060 799 2090 In
824 2066 1001 2091 aeternum
1026 2069 1086 2101 per
1110 2069 1296 2100 supernum

805 2105 960 2146 Regnum
988 2114 1070 2136 suae
1095 2105 1229 2146 gloriae

759 2150 915 2181 Victoria
939 2153 973 2181 et
995 2150 1109 2191 gloria

804 2196 948 2233 Mariae,
971 2196 1072 2226 matri
1098 2196 1187 2236 piae.

242 2285 390 2318 Darauf:
424 2284 509 2315 Eius
535 2288 617 2315 nato
643 2294 719 2315 cum
747 2285 847 2316 beato
873 2288 953 2320 etc.;
982 2285 1085 2315 Pater
1111 2285 1214 2322 Deus,
1242 2284 1291 2316 fili
1316 2285 1411 2316 Dens
1438 2288 1501 2316 etc.
1525 2301 1570 2308 —
1594 2283 1632 2324 4,
1657 2282 1678 2316 2
1702 2285 1798 2317 Obli-
1828 2313 1832 2316 ,

241 2332 327 2362 visci
362 2330 519 2361 criminis
545 2330 591 2361 M.
622 2346 662 2350 —-
687 2328 724 2361 4.
759 2328 780 2361 3
806 2332 900 2369 Quos
927 2330 964 2361 B.
988 2347 1032 2350 —
1059 2328 1094 2367 5,
1133 2328 1147 2360 1
1174 2331 1292 2371 virgo,
1327 2331 1439 2361 omnis
1465 2330 1547 2361 ordo
1572 2331 1614 2362 K.
1639 2347 1684 2352 —
1710 2329 1747 2369 5,
1779 2327 1800 2361 2

241 2376 355 2408 colere
380 2376 419 2406 B.
445 2391 487 2396 —
513 2374 554 2413 5,
579 2372 600 2406 3
617 2374 745 2406 Omnes
770 2379 890 2416 gentes
915 2374 1196 2416 complaudentes
1214 2375 1268 2415 M,
1301 2375 1381 2407 Tibi
1407 2379 1527 2417 gentes
1553 2380 1654 2417 atque
1682 2380 1798 2417 grates

243 2422 282 2454 Ο.
307 2437 351 2442 —
377 2419 416 2457 5,
443 2418 464 2450 4
490 2420 625 2451 solvere
650 2420 697 2457 B,
733 2421 867 2451 Debent
891 2424 1006 2461 grates
1033 2419 1173 2451 reddere
1199 2420 1250 2459 M,
1282 2421 1420 2452 Debent
1445 2420 1564 2452 laudes
1589 2421 1629 2453 O.
1655 2438 1698 2442 ——
1723 2422 1754 2459 6,
1779 2417 1800 2452 3

243 2467 308 2499 1110
342 2470 443 2507 partu
467 2465 513 2496 M.
540 2482 581 2486 —
614 2467 653 2501 8,
684 2464 704 2495 2
730 2465 797 2496 Per
828 2470 860 2496 te
886 2469 966 2496 sunt
991 2464 1100 2496 HKO.
1125 2482 1169 2486 —
1193 2462 1230 2502 8,
1264 2464 1285 2496 3
1310 2465 1409 2497 Nunc
1435 2470 1566 2497 secreta
1591 2465 1731 2498 FHKO.
1757 2482 1800 2487 —-

243 2510 275 2550 8,
299 2509 322 2542 4
347 2514 473 2543 Sacrae
502 2510 588 2552 legis
607 2510 723 2542 FHK:
750 2511 890 2542 Priscae
914 2510 1003 2552 legis
1021 2511 1059 2542 O.
1086 2529 1130 2533 —-
1154 2508 1185 2548 9,
1211 2508 1232 2541 2
1256 2511 1369 2542 fructu
1387 2511 1425 2542 B.
1448 2527 1487 2532 ——
1508 2510 1538 2549 9,
1563 2508 1584 2543 3
1609 2521 1658 2552 sq.
1686 2511 1800 2543 fehlen

245 2558 280 2589 F.
305 2573 347 2578 —
375 2558 405 2593 9,
431 2554 451 2587 3
478 2566 577 2596 quem
596 2556 622 2587 Ι.
649 2572 692 2576 —-
717 2555 747 2591 9,
773 2554 793 2586 4
819 2556 919 2587 flores
937 2555 982 2594 O3
1011 2555 1110 2595 Quod
1135 2560 1172 2587 tu
1189 2555 1294 2587 ferres
1312 2556 1440 2597 gaudia
1457 2557 1495 2587 B.
1513 2572 1557 2577 —
1577 2553 1628 2598 10,
1653 2554 1674 2587 2
1693 2557 1800 2588 Passa

245 2604 284 2634 Α.
309 2618 354 2623 -
383 2599 438 2640 11,
471 2601 492 2632 4
518 2601 616 2632 salva
642 2600 788 2640 FHKO,
823 2601 986 2642 populum
1015 2601 1087 2632 ΡΗ.
1115 2617 1152 2622 -
1184 2598 1242 2639 12,
1277 2598 1297 2632 2
1322 2600 1426 2632 Velut
1451 2601 1534 2632 fumi
1561 2601 1600 2633 O.
1627 2618 1667 2623 —
1697 2599 1754 2640 12,
1778 2599 1800 2632 3

247 2647 407 2689 pimentis
434 2647 480 2677 D:
516 2645 754 2687 praecedentis
779 2647 805 2677 I.
831 2662 872 2667 -
902 2644 959 2684 12,
988 2644 1010 2677 4
1035 2656 1155 2678 carens
1181 2645 1311 2686 ssGD13
1345 2649 1477 2678 Carens
1503 2648 1595 2677 omni
1621 2646 1797 2678 FHKMO.

246 2711 288 2714 —
316 2691 375 2730 13,
403 2689 417 2722 1
446 2692 502 2723 Fit
527 2691 650 2723 salutis
675 2692 746 2723 AO.
771 2707 814 2712 —-
843 2688 894 2727 13,
920 2690 940 2722 2
966 2692 1032 2730 Qui
1059 2695 1091 2722 te
1116 2692 1171 2732 M3
1197 2691 1346 2723 crederis
1371 2692 1411 2723 Ο.
1437 2709 1481 2712 -
1509 2689 1558 2730 13,
1584 2689 1605 2723 3
1629 2691 1799 2723 Tenuisse

247 2742 280 2770 et
307 2739 341 2769 1²..
369 2754 410 2759 —
439 2733 498 2775 13,
532 2735 553 2767 4
578 2737 755 2777 Virginem
782 2740 814 2767 te
840 2737 966 2767 asseris
992 2738 1032 2768 O.
1059 2753 1102 2758 —
1130 2735 1189 2775 14,
1226 2736 1238 2767 1
1267 2737 1378 2768 Raum
1404 2737 1458 2768 fiir
1482 2747 1568 2768 neue
1594 2737 1735 2769 Initiale
1760 2737 1798 2768 B.

246 2800 289 2805 —
317 2781 375 2820 15,
408 2779 428 2813 2
453 2782 632 2813 evadimus
661 2783 696 2812 Η.
722 2799 765 2803 —
793 2780 850 2813 15.
884 2780 906 2813 4
931 2782 1122 2822 accipimus
1148 2782 1174 2813 1.
1200 2799 1241 2804 —
1270 2780 1327 2819 16,
1356 2780 1370 2813 1
1399 2782 1450 2813 Tu
1477 2792 1602 2814 aurora
1631 2783 1714 2814 solis
1739 2791 1800 2813 ora

247 2829 292 2859 M.
319 2845 360 2848 ἡ
390 2825 445 2863 16,
472 2824 492 2857 3
519 2837 581 2858 nos
608 2827 719 2858 salvet
744 2827 783 2858 B.
810 2845 850 2849 -
880 2825 936 2859 16,
962 2826 983 2858 4
1010 2827 1179 2858 fraudem
1205 2828 1244 2858 0.
1270 2843 1310 2848 -
1343 2825 1392 2864 17,
1417 2825 1437 2856 3
1463 2832 1541 2858 tuos-
1567 2828 1609 2858 K.
1633 2844 1677 2848 —
1701 2825 1754 2866 20,
1779 2824 1801 2858 3

248 2884 286 2904 ac
315 2882 484 2904 maerores
512 2873 559 2911 1),
597 2877 629 2903 et
656 2882 827 2903 maerores
854 2873 886 2910 13
920 2872 974 2903 vel
1002 2883 1175 2903 maerores
1200 2873 1239 2903 B.
1265 2889 1307 2894 —
1333 2870 1392 2909 21,
1423 2872 1436 2904 1
1464 2873 1555 2904 bona
1581 2874 1628 2904 sis
1654 2877 1800 2914 patrona

248 2918 294 2949 M.
320 2935 362 2938 ἢ
388 2916 441 2949 21.
467 2916 487 2948 2
514 2917 622 2949 Nobis
650 2919 684 2948 in
710 2917 878 2948 auxilium
906 2918 951 2949 M.
976 2934 1018 2938 —
1044 2915 1098 2955 22,
1128 2917 1140 2948 1
1169 2918 1299 2949 Auctor
1323 2917 1417 2949 orbis
1443 2919 1490 2949 K:
1517 2918 1575 2959 qui
1601 2919 1669 2949 iam
1697 2917 1798 2949 nobis
