1914 3223
6 3161 44 3223 se.

905 133 980 172 loz&
1039 155 1092 159 —

738 247 805 284 Ad
852 246 1138 295 vesperam.

210 328 244 366 1.
277 327 339 364 Sol
372 331 474 364 casto
505 338 661 363 nascens
693 331 799 362 utero
1015 328 1051 366 2.
1085 325 1240 373 Aeterni
1271 324 1361 360 solis
1393 324 1578 369 gem-trix,

273 384 566 430 Vesperasccnte
598 382 760 422 sacculo,
1083 382 1172 419 'ruis
1203 381 1271 417 llOC
1303 380 1444 418 sanetis
1477 381 1620 416 meritis

275 440 425 476 Illustra
456 451 522 476 nos
554 445 735 486 perpetue
1082 440 1176 485 Age,
1207 449 1279 484 quo
1311 448 1447 484 perpes
1482 441 1626 473 maneat

271 496 347 532 Nec
379 496 544 532 declines
575 496 611 532 in
644 506 812 541 vespere.
1080 495 1198 531 Nobis
1230 505 1298 531 ncc
1327 505 1489 540 unquam
1523 494 1686 531 decidat.

631 576 667 613 3.
702 575 832 611 Gloria
863 574 946 621 tibi,
980 574 1152 611 Domine.

623 711 628 716 .
672 676 741 714 Ad
785 676 1196 723 completorium.

200 759 233 795 1.
267 757 324 794 Dc
356 761 457 793 rasta
489 755 594 792 nobis
626 755 750 791 oriens
1012 756 1050 792 2.
1084 754 1210 790 Mater
1241 754 1315 790 diei
1347 754 1527 800 perpetis,

271 814 407 859 Mau-0,
441 812 520 849 (lies
550 812 778 850 indesinens.
1083 810 1232 847 Obsiste
1264 811 1402 847 nostris
1433 810 1614 860 tenebris,

270 870 348 917 lugi
381 880 447 906 nos
479 868 563 905 fove
594 869 733 905 lumine
1085 867 1141 903 Nc
1172 867 1292 904 lucem
1325 866 1432 903 nobis
1465 867 1649 913 dissipent·

271 928 486 972 ('ulpaeque
518 930 664 962 noctem
698 935 861 963 remove.
1082 924 1131 961 Et
1163 934 1230 960 nos
1263 923 1411 961 delictis
1443 924 1650 970 implicent,

630 1006 666 1043 3.
700 1004 831 1042 Gloria
862 1005 943 1049 tibi,
976 1003 1150 1041 Domine.

244 1083 386 1115 collect.
413 1094 472 1114 ηις.
495 1085 528 1114 S.
549 1083 665 1113 Albini
684 1082 905 1123 Andegavcu.
930 1081 987 1117 (ol.
1006 1082 1039 1113 S.
1059 1082 1222 1122 Maglorii
1243 1081 1424 1120 Parisien.)
1448 1091 1538 1113 saec.
1570 1079 1710 1113 10—-153,

157 1127 239 1160 cod.
265 1129 422 1159 Vatican.
450 1130 531 1167 leeg.
566 1127 641 1159 711.
675 1128 751 1159 add.
785 1138 873 1159 saec.
915 1125 964 1158 12.
984 1128 1031 1158 A.
1060 1146 1098 1149 -
1126 1128 1221 1157 Orat.
1247 1136 1308 1157 mS.
1335 1127 1481 1157 Maioris
1507 1127 1713 1159 (Jarthusiae

157 1184 245 1205 save.
275 1172 357 1204 ΜΠ..
407 1173 488 1204 (“οι1.
515 1173 830 1214 Gratianopolitan.
867 1170 930 1204 178
961 1171 1062 1211 (805).
1090 1173 1127 1203 Β.
1156 1189 1198 1192 —
1224 1173 1327 1203 Mone
1353 1182 1414 1203 ans
1440 1173 1536 1203 einer
1565 1173 1626 1204 Hs.
1653 1173 1712 1204 (les

155 1220 292 1250 Trierer
320 1219 559 1261 Duinkapitcls
588 1217 644 1253 (ἳῗ)
672 1220 709 1251 1³»
735 1229 823 1249 saec.
853 1216 903 1250 1‘2.
930 1220 965 1250 G.
992 1235 1034 1239 --
1059 1218 1177 1258 Migne
1204 1217 1271 1249 PP.
1297 1217 1368 1248 LL.
1398 1214 1478 1255 1⁴89,
1514 1215 1643 1249 1055st'.
1670 1219 1712 1249 D.

244 1264 302 1294 Ad
331 1265 448 1295 Noct.
478 1263 506 1302 1,
530 1264 551 1295 4
577 1268 669 1296 tuam
688 1266 725 1295 C.
744 1281 784 1284 —
803 1262 834 1303 3,
859 1262 879 1294 4
905 1263 964 1295 ‹lt-r
984 1264 1080 1295 lleiin
1107 1263 1236 1294 fordert
1260 1262 1444 1293 flamine
1470 1265 1554 1294 statt
1576 1264 1711 1304 spirit-u.

155 1326 196 1330 —
223 1309 281 1340 Ad
318 1309 484 1341 Laudes
513 1309 542 1347 l,
573 1309 595 1341 4
621 1310 747 1350 repelle
774 1310 934 1341 tenebras
960 1309 999 1340 A.
1026 1326 1066 1331 -—
1097 1308 1155 1339 Ad
1193 1308 1317 1339 l'rim.
1347 1306 1372 1347 l,
1399 1305 1420 1338 2
1447 1308 1494 1339 Et
1517 1309 1625 1350 patris
1652 1320 1714 1350 par

158 1354 319 1385 altissimi
347 1356 385 1385 A.
411 1357 454 1376 '—
478 1355 537 1386 Ad
568 1356 678 1386 Tort.
710 1353 742 1391 1,
778 1354 792 1386 1
818 1356 867 1386 Te
899 1354 1069 1386 credimus
1097 1354 1134 1385 C.
1159 1371 1203 1375 —
1228 1351 1263 1391 2,
1296 1351 1318 1384 4
1343 1354 1462 1384 mortis
1486 1353 1574 1392 (nos)
1601 1355 1714 1386 releva

154 1400 195 1430 A.
223 1419 262 1422 —
290 1401 355 1431 liic
382 1400 562 1441 folgenden
588 1401 662 1431 vier
688 1400 807 1431 Horen
833 1400 946 1431 fehlen
971 1400 1010 1431 Α.
1030 1417 1074 1422 —-
1097 1399 1277 1441 „Hymnus
1302 1398 1501 1430 Anselmi
1527 1399 1568 1431 de
1594 1403 1714 1431 saneta

155 1445 268 1476 Maria
293 1445 336 1475 ad
362 1444 518 1486 singulas
543 1442 679 1477 horas“.
699 1446 736 1476 1³.
764 1464 806 1467 —
832 1445 929 1477 Nacli
955 1444 1152 1483 Chevalier,
1176 1444 1315 1485 chcrt.
1333 1443 1486 1485 hymnol.
1506 1445 1565 1476 Nr.
1588 1443 1712 1484 10869,

154 1489 241 1521 anch
271 1491 304 1521 in
330 1491 428 1522 Brev.
455 1492 676 1523 Beccense
706 1491 785 1532 imp.
815 1488 910 1522 1515.

563 1633 636 1670 102.
672 1635 729 1679 (4.)
765 1632 949 1670 Salutatio
974 1634 1127 1670 sanctae
1153 1632 1304 1670 Mariae.

618 1727 681 1766 R⁰
712 1729 807 1775 Ave,
841 1739 979 1775 sponsa
1009 1729 1240 1778 insponsata,

167 1821 201 1859 1.
234 1821 328 1865 Ave,
361 1830 430 1866 per
459 1831 569 1867 quam
598 1820 700 1857 orbis
730 1820 828 1867 lapsi
977 1822 1015 1858 4.
1049 1820 1324 1857 Incarnationis
1356 1820 1466 1857 divae

291 1875 392 1914 facta
419 1881 476 1914 est
506 1877 665 1924 ereptio,
1102 1880 1232 1914 uterus
1263 1881 1303 1913 tu
1335 1875 1437 1914 facta
1467 1888 1520 1923 es,

232 1935 325 1982 Ave,
358 1944 426 1980 per
456 1945 567 1980 quam
597 1934 852 1971 occumbentis
1045 1935 1119 1972 Per
1150 1944 1261 1980 quam
1293 1938 1498 1971 renovatur
1527 1934 1647 1971 omnis

287 1995 341 2026 est
374 1990 482 2027 Adae
512 1991 709 2036 surrectio,
1103 1996 1297 2028 creaturae
1327 1992 1488 2039 species,

232 2048 326 2093 Ave,
358 2058 427 2094 per
457 2058 566 2094 quam
594 2047 739 2094 primae
760 2047 889 2085 matris
1047 2048 1139 2085 Cum
1171 2059 1243 2094 qua
1269 2047 1451 2085 adoratur
1483 2046 1606 2085 factor

286 2108 343 2140 est
372 2104 477 2141 Evae
509 2104 732 2151 redemptio.
1103 2108 1139 2140 et
1169 2104 1273 2151 origo
1305 2105 1480 2144 omnium.

167 2196 204 2234 2.
237 2194 412 2232 Altitudo
443 2195 634 2241 cogitandi
980 2199 1016 2234 5.
1049 2195 1106 2232 Tu
1138 2199 1263 2232 exstas
1294 2195 1479 2232 initiatrix

287 2256 327 2288 tu
357 2251 648 2299 inascensibilis‚
1105 2252 1234 2289 arcani
1267 2252 1427 2302 consilii,

231 2307 427 2346 Invisibile
457 2307 686 2355 profundum
1048 2309 1312 2346 Mirandorum
1344 2319 1433 2346 vere
1466 2308 1608 2346 Christi

288 2366 505 2411 angelorum
536 2365 668 2414 oculis,
1104 2375 1259 2412 operum
1291 2366 1494 2414 primitiae,

230 2420 352 2458 Chere
382 2421 708 2462 kecharistomene
1050 2423 1274 2470 Dogmatum
1304 2423 1406 2460 illius
1438 2426 1590 2460 exstans

284 2479 479 2516 theotocos
511 2479 708 2525 partheno.
1106 2484 1146 2516 tu
1176 2478 1259 2516 fons
1292 2483 1329 2516 et
1359 2480 1519 2517 initium.

159 2572 196 2608 3.
229 2570 363 2608 Omnia
394 2574 609 2617 portantem
640 2576 797 2617 portans
975 2573 1011 2610 6.
1045 2570 1156 2608 Scala
1186 2576 1227 2609 tu
1259 2571 1446 2617 caelestis,
1479 2581 1548 2618 per
1578 2583 1688 2618 quam

284 2627 418 2664 solium
448 2627 611 2675 imperii,
1102 2628 1299 2665 descendit
1329 2628 1411 2674 ipse
1442 2628 1555 2675 Deus,

227 2683 283 2720 Tu
320 2685 436 2722 stella
468 2684 730 2721 demonstrans
758 2685 887 2734 solem,
1045 2684 1192 2731 Sponsa
1223 2685 1473 2722 transducens
1504 2688 1657 2722 terrena

284 2741 338 2777 sol
373 2741 447 2778 diei
480 2741 643 2788 mystici,
1098 2752 1214 2788 super
1243 2741 1293 2778 ad
1325 2742 1518 2790 caelestia,

227 2797 446 2836 Occidentis
476 2801 618 2835 astrum
651 2798 780 2836 mundi
1045 2799 1102 2835 Tu
1134 2802 1255 2835 mater
1285 2798 1457 2844 innupta,
1492 2799 1592 2835 omni

286 2854 437 2891 luminis
470 2854 675 2901 conspicui.
1101 2854 1242 2893 honore
1278 2855 1462 2901 superior.
