1914 3223
787 175 842 179 --
905 151 983 191 199
1043 175 1098 179 —

252 264 280 302 l,
305 263 326 295 3
351 265 482 306 potenti
509 265 552 295 D.
579 281 622 285 —
647 261 678 304 2,
708 262 723 295 1
751 264 966 306 redemptore
989 265 1028 296 F.
1054 282 1097 286 —-
1123 264 1153 301 3,
1183 264 1197 297 l
1227 274 1369 297 revoat-e
1388 266 1436 298 D:
1464 266 1609 297 roboare
1628 267 1663 297 F.
1683 284 1723 287 ->-

156 308 187 347 3,
213 307 234 341 3
259 314 448 342 creatorem
475 311 621 341 meruist
645 311 680 341 in
708 310 749 341 D.
776 327 819 331 —
843 309 874 347 4,
906 309 919 341 l
948 321 1034 351 eque
1061 312 1123 342 mit
1147 311 1326 343 t'ehlender
1351 312 1491 343 Initiale
1511 312 1559 344 D:
1587 312 1726 343 lucerna

157 356 199 386 D.
227 372 271 376 —-
296 353 332 390 5,
367 352 388 385 2
414 355 550 396 Facque
576 359 777 396 regnantem
805 355 891 386 bene
921 354 1057 387 ADEF.
1086 374 1125 377 —
1153 355 1183 391 5,
1210 355 1230 387 3
1255 367 1437 388 numerare
1464 357 1509 395 A;
1546 367 1726 388 munerare

158 400 269 433 DEF:
297 400 365 432 luci
390 400 463 431 AD.
492 417 526 421 —
545 398 575 434 6.
605 399 619 431 1
648 400 819 442 Angelum
845 404 1002 432 sanctum
1030 403 1198 433 vocitaris
1224 403 1266 434 D.
1286 419 1327 424 -—
1346 402 1378 440 6,
1404 400 1424 433 2
1450 402 1569 444 flagita
1590 402 1726 433 Tonan-

156 449 223 477 tem
249 445 285 477 F.
312 463 353 467 —
381 443 410 482 7,
441 444 454 476 1
486 446 563 477 Hoc
588 448 694 486 tuque
721 446 756 477 F.
780 462 824 467 —
843 443 875 482 7,
899 443 920 476 2
939 447 1027 477 Nate
1053 448 1193 486 superni
1221 447 1321 478 dator
1345 457 1385 478 ac
1412 447 1607 489 redemptor
1628 448 1662 478 F.
1682 465 1724 468 —

157 489 187 529 7,
212 489 233 523 3
258 491 382 527 tribue,
411 500 591 532 precamur
616 490 701 522 fehlt
726 491 761 522 F.
789 508 832 512 —-
857 488 887 528 7,
913 490 934 522 4
961 491 1046 522 fehlt
1071 492 1107 523 F.
1130 509 1173 513 ——
1191 492 1219 524 G
1246 492 1306 524 hat
1331 503 1396 524 nur
1421 493 1476 524 (lie
1495 493 1669 534 Strophen
1699 492 1725 530 1,

155 534 187 573 2,
212 534 232 567 6
262 536 330 567 und
357 534 392 570 ’ῖς
423 536 550 567 ebenso
577 536 783 574 Cassander,
810 537 941 577 Hymni
968 537 1089 568 eccles.
1117 548 1148 578 p.
1174 536 1240 569 262
1265 548 1316 580 sq.
1343 538 1412 569 und
1441 538 1567 570 Daniel
1595 540 1618 577 1,
1648 536 1726 570 267.

377 690 456 726 14⁸.
493 692 574 733 (17.)
610 691 655 726 Iu
681 691 825 726 Natale
850 691 1138 736 Apostolorum
1164 692 1278 727 Petri
1306 694 1345 728 et
1374 693 1507 729 Pauli.

411 797 447 835 1.
495 795 721 833 Sanctorum
754 796 901 842 pariter
932 796 1094 844 promite
1125 798 1339 844 principum

491 852 681 901 Natalem,
715 853 820 899 socii,
853 853 1007 899 psallite
1039 853 1215 890 laudibus

546 909 813 956 Insignemque
843 910 1076 956 triumphum

604 965 824 1003 Gaudentes
852 967 977 1004 sonitu
1009 967 1109 1006 date.

403 1069 440 1106 2.
489 1068 572 1105 Hoc
598 1067 721 1114 poscit
754 1067 882 1114 utique
913 1068 1046 1104 inclita
1077 1067 1198 1115 gloria

488 1124 695 1161 Tantorum
728 1125 905 1161 comitum
939 1125 1038 1172 regis
1069 1131 1107 1161 ct
1140 1125 1285 1172 optimi,

547 1180 640 1218 Cum
672 1192 744 1228 quo
777 1181 872 1218 lucis
904 1181 943 1218 in
974 1191 1062 1218 arce

602 1237 712 1274 Laeti
744 1243 929 1285 perpetuo
958 1242 1124 1276 manent.

399 1341 435 1378 3.
484 1338 582 1376 Nam
617 1339 752 1376 Petrus
784 1339 934 1376 titulum
967 1340 1077 1386 erIgit
1108 1340 1282 1390 arduum,

491 1395 582 1433 Cum
615 1407 684 1442 pro
716 1396 829 1433 laude
861 1396 932 1433 Dei
964 1397 1131 1443 claviger
1161 1397 1327 1434 aetheris

545 1453 727 1490 Exsultat
762 1463 966 1499 generosus

605 1509 711 1546 Caeli
742 1520 858 1556 regna
889 1515 1023 1556 potens
1054 1515 1201 1548 tenens.

403 1614 441 1651 4.
491 1610 605 1648 Cuius
636 1616 843 1658 perpetuus
874 1615 998 1648 exstat
1029 1616 1065 1648 et
1095 1612 1249 1649 inclitus

492 1668 632 1706 Paulus
666 1679 751 1705 nam
783 1669 921 1714 socius,
956 1669 1090 1705 doctor
1120 1673 1158 1705 et
1188 1669 1369 1716 optimus,

547 1724 690 1762 Christi
718 1735 783 1761 vas
815 1726 1023 1771 pretiosum

603 1781 655 1818 Et
686 1787 812 1818 rector
843 1782 974 1829 populi
1004 1782 1089 1819 Dei.

402 1886 439 1921 5.
487 1883 560 1929 En,
594 1893 686 1929 quos
717 1883 789 1920 iste
821 1888 942 1933 vocat,
976 1884 1042 1920 ille
1072 1894 1188 1930 supra
1221 1885 1333 1934 locat,

489 1941 589 1985 Quos
621 1940 761 1977 Paulus
792 1940 961 1989 adhibet,
996 1940 1064 1977 hos
1097 1941 1233 1978 Petrus
1263 1941 1419 1990 inserit3

548 1996 691 2034 Christi
722 1997 830 2033 testis
861 2002 1022 2044 uterque
1052 2002 1121 2037 est.

604 2053 709 2091 Caeli
741 2054 833 2090 civis
865 2059 903 2090 et
933 2054 1069 2092 incola.

407 2158 444 2194 6.
493 2155 684 2193 Christum
716 2161 837 2192 morte
869 2156 990 2192 crucis
1022 2167 1107 2192 nam
1139 2157 1309 2203 sequitur
1342 2158 1489 2203 Petrus,

493 2213 585 2250 Cum
619 2223 748 2249 caesus
780 2213 906 2259 capite
936 2212 1074 2249 Paulus
1105 2220 1141 2249 et
1173 2212 1329 2250 horride
1361 2221 1430 2259 est,

548 2269 725 2306 Victores
758 2275 870 2316 caput
899 2280 1012 2305 unum

604 2326 730 2363 Ambo
762 2327 834 2362 rite
865 2331 995 2362 tenent
1026 2326 1160 2364 Deum.

408 2431 442 2467 2⁷.
491 2429 570 2466 Nos
602 2429 734 2465 horum
765 2428 952 2476 precibus,
985 2428 1149 2475 Christe,
1182 2429 1363 2475 piissimis

490 2486 545 2522 Te
579 2486 694 2522 dones
726 2486 837 2522 eitius
867 2496 1025 2531 poscere
1056 2485 1226 2531 caelitus,

549 2541 664 2579 Absit
693 2542 793 2588 quod
825 2542 948 2578 scelus
979 2552 1088 2578 omne

606 2598 656 2635 Et
688 2604 823 2635 cuncta
855 2599 1006 2635 veniant
1038 2598 1145 2636 bene.

405 2702 443 2740 8.
492 2701 681 2737 Immunes
712 2700 885 2738 manibus
916 2700 1031 2736 simus
1063 2705 1100 2735 et
1131 2699 1290 2746 actibus,

498 2758 655 2795 Sensum
688 2758 802 2794 corde
834 2757 936 2804 pium
970 2754 1101 2792 confer
1132 2761 1169 2792 et
1197 2758 1393 2804 optimum,

555 2814 606 2852 Ut
636 2821 673 2850 te
705 2814 777 2850 rite
810 2814 975 2849 colentes

610 2872 815 2908 Cernamus
849 2869 1049 2906 Dominum
1083 2880 1226 2918 gregeS.
