2031 3289
960 160 1239 200 -16—

337 277 373 313 7.
407 277 590 314 Percussa
620 285 729 321 quam
751 285 926 320 pompam
953 274 1059 310 tulit!
1149 276 1185 312 8.
1219 274 1263 311 In
1293 278 1412 311 morte
1442 272 1593 310 vivebat
1621 274 1758 321 pudor,

403 332 499 369 Nam
531 337 636 368 veste
666 340 706 366 se
734 334 851 366 totam
882 334 1010 377 tegens
1221 330 1446 376 Vultumque
1476 333 1623 366 texerat
1653 340 1775 376 manu,

406 389 541 425 Curam
573 387 729 433 pudoris
757 386 962 432 praestitit,
1220 386 1377 423 Terram
1409 395 1506 432 genu
1536 384 1634 422 flexo
1664 385 1771 434 petit,

405 444 463 481 Ne
493 444 576 491 quis
609 447 787 480 retectam
822 447 1005 480 cerneret.
1218 442 1346 488 Lapsu
1371 442 1584 478 verecundo
1618 443 1770 479 cadens.

409 543 748 576 ACDEGHKLMO.
783 560 824 564 —-
860 541 897 580 1,
933 541 948 574 1
978 540 1090 583 Agnis
1127 543 1173 581 K,
1206 543 1396 584 korrigiert
1428 543 1464 573 in
1490 544 1608 583 Agnes
1641 543 1680 573 L.
1705 559 1755 566 -—
1789 539 1828 579 2,
1860 540 1882 572 4

319 590 471 622 Cedebat
503 589 644 620 effessus
678 598 783 619 senex
815 588 957 621 AEGH.
990 606 1033 610 —
1065 586 1103 622 3.
1137 585 1157 619 2
1189 592 1332 619 auxerat
1363 587 1404 620 G.
1440 606 1481 609 —
1515 586 1549 626 3,
1580 585 1601 619 3
1636 587 1750 619 Solvit
1779 587 1880 618 flores

319 636 391 666 KL.
421 652 461 656 —-
489 633 521 669 4,
547 631 568 663 3³»
584 634 702 665 Novas
723 644 805 664 vero
823 633 1126 665 ACDEGHKLO.
1143 650 1187 654 —-
1204 631 1235 671 4,
1261 631 1284 663 4
1301 643 1423 664 census
1442 632 1517 664 DE.
1538 649 1575 654 —-
1595 631 1626 669 5,
1652 629 1673 663 2
1689 631 1882 674 Respondit

320 680 402 711 AH:
428 683 487 711 aut
513 679 600 710 tales
625 678 763 710 DEGO.
791 697 832 701 —
858 677 889 716 6,
926 677 942 709 1
970 678 1026 709 Sic
1052 679 1142 720 ignis
1170 679 1215 710 D:
1251 679 1397 709 extentit
1428 677 1467 709 G.
1504 695 1549 698 —
1581 675 1611 711 6,
1637 676 1658 708 4
1683 679 1882 719 extinguam

320 728 356 757 C.
391 742 433 747 -—-
467 723 496 762 7,
532 723 545 755 1
583 733 708 765 pompa
739 724 845 755 AKL.
878 740 920 746 —
955 722 984 761 7,
1010 721 1031 754 2
1056 725 1142 763 tegit
1168 722 1336 754 CDEKO.
1362 739 1404 743 —
1429 720 1460 759 8,
1487 721 1507 753 2
1531 724 1617 764 tegit
1642 732 1746 754 manu
1770 723 1812 754 K.
1838 739 1880 743 —

320 768 350 809 ὅ,
382 770 403 802 3
428 770 534 801 Terra
567 771 620 811 H3
653 769 741 801 flexo
775 769 863 810 petit
895 779 983 810 genu
1010 769 1048 799 B.
1075 786 1117 790 --
1144 769 1358 807 Doxologie:
1385 767 1504 799 Gloria
1529 769 1604 804 tibi,
1633 768 1791 806 Domine,
1817 771 1880 798 etc.

318 815 460 847 ssDEH.

795 941 798 944 ἢ
824 890 882 925 12.
919 891 976 931 (9.)
1012 890 1057 924 In
1082 889 1155 924 Die
1182 890 1379 925 Paschae.

1155 987 1192 1021 ᾧ.
1224 983 1447 1030 Mysterium
1479 983 1664 1029 mirabile!

1226 1041 1279 1079 Ut
1309 1040 1438 1077 abluat
1467 1041 1595 1077 mundi
1625 1040 1739 1088 luem,

1227 1097 1387 1134 Peccata
1418 1097 1526 1133 tollat
1556 1096 1719 1133 omnium

1228 1153 1361 1191 Carnis
1392 1153 1484 1190 vitia
1513 1153 1698 1190 mundans
1730 1155 1837 1190 caro!

341 989 375 1023 l.
409 986 482 1022 Hie
514 989 570 1021 est
603 985 684 1021 dies
714 995 825 1021 verus
856 984 927 1021 Dei

407 1042 545 1079 Sancto
575 1052 730 1078 serenus
760 1041 912 1090 lumine,

407 1100 487 1145 Quo
521 1098 633 1135 diluit
662 1097 813 1144 sanguis
845 1108 952 1134 sacer

410 1154 602 1192 Probrosa
632 1154 763 1191 mundi
795 1154 965 1200 crimina,

345 1258 381 1294 εὑ

415 1256 550 1293 Fidem
581 1254 788 1292 refundens
819 1256 976 1302 perfidis
1159 1258 1195 1294 6.
1228 1256 1323 1302 Quid
1355 1255 1426 1292 hoc
1455 1259 1579 1302 potest
1609 1255 1817 1303 sublimius,

420 1312 635 1359 Caecosque
665 1312 748 1349 visu
778 1313 1018 1359 illuminans3
1228 1314 1280 1351 Ut
1311 1312 1421 1359 culpa
1451 1316 1607 1358 quaerat
1636 1312 1807 1360 gratiam,

414 1369 529 1414 Quem
559 1380 632 1406 non
664 1369 770 1415 gravi
799 1369 911 1405 solvit
942 1375 1044 1406 metu
1226 1369 1444 1415 Metumque
1475 1369 1597 1405 solvat
1628 1367 1779 1415 caritas,

413 1425 589 1464 Latronis
620 1424 838 1462 absolutio?
1227 1425 1452 1471 Reddatque
1470 1436 1569 1461 mors
1586 1425 1702 1462 vitam
1718 1435 1850 1461 novam
1864 1424 1882 1459 ἱ)

411 1527 482 1573 Qui
511 1527 721 1574 praemium
751 1531 899 1563 mutans
932 1537 1042 1563 cruce
1157 1528 1192 1564 ῖ.
1225 1527 1389 1563 Hamum
1419 1526 1491 1563 sibi
1523 1536 1624 1563 mors
1656 1526 1810 1564 devoret

407 1585 530 1621 Iesum
560 1584 666 1622 brevi
697 1583 857 1630 quaesiit
887 1583 963 1620 fide
1225 1584 1381 1630 Suisque
1412 1593 1452 1620 se
1483 1583 1591 1621 nodis
1623 1583 1726 1630 liget,

407 1641 606 1686 Iustusque
638 1640 793 1686 praevio
825 1640 945 1686 gradu
1225 1640 1412 1677 Moriatur
1442 1640 1519 1677 vita
1549 1640 1725 1686 omnium,

408 1697 585 1734 Pervenit
616 1697 654 1733 in
686 1707 840 1743 regnum
872 1696 956 1736 Dei,
1225 1697 1411 1743 Resurgat
1442 1701 1481 1732 ut
1514 1697 1592 1734 vita
1621 1696 1815 1734 omnium?

339 1529 376 1566 <320

338 1802 374 1836 4.
404 1799 506 1845 Opus
538 1802 692 1845 stupent
723 1803 759 1834 et
789 1798 913 1846 angeli
1155 1800 1191 1837 8.
1226 1800 1318 1837 Cum
1340 1810 1441 1835 mors
1464 1809 1532 1845 per
1553 1809 1680 1836 omnes
1701 1803 1881 1845 trauseat,

408 1856 571 1892 Poenam
602 1855 775 1892 videntes
807 1855 977 1901 corporis
1224 1856 1360 1892 Omnes
1392 1860 1592 1903 resurgant
1622 1856 1773 1901 mortui,

410 1912 634 1958 Christoque
665 1911 935 1948 adhaerentem
964 1922 1065 1948 reum
1224 1912 1459 1959 Consumpta
1484 1922 1584 1948 mors
1615 1912 1691 1948 ictu
1722 1923 1788 1948 suo

412 1969 535 2005 Vitam
568 1967 715 2005 beatam
748 1978 917 2015 carpere.
1226 1968 1373 2004 Perisse
1403 1979 1443 2005 se
1474 1969 1589 2004 solam
1622 1975 1757 2015 gemat.

413 2068 766 2101 ABCDEGHIKLO.
800 2085 842 2089 ——
876 2066 905 2103 1,
938 2065 959 2099 2
985 2068 1132 2100 Sanctus
1158 2079 1278 2100 sereno
1307 2068 1334 2100 1.
1360 2088 1403 2091 -—
1433 2068 1460 2103 1,
1487 2066 1508 2100 3
1533 2069 1632 2109 Quod
1659 2069 1763 2100 diluit
1787 2069 1814 2100 I.
1840 2087 1880 2091 —

327 2112 356 2144 2.
388 2113 402 2145 1
430 2113 574 2155 perditis
599 2113 837 2146 ABDEGHO.
864 2130 906 2134 —
931 2111 960 2152 2,
994 2112 1014 2145 ‘2
1038 2115 1134 2145 visus
1161 2114 1394 2146 BCDGHKO.
1424 2133 1467 2135 —
1493 2113 1524 2148 2.
1548 2112 1569 2146 3
1595 2115 1668 2153 Que
1693 2125 1763 2146 non
1786 2115 1814 2146 Ι.
1839 2131 1883 2135 -—

321 2159 360 2190 4.
402 2159 416 2190 1
451 2170 586 2190 crucem
621 2159 670 2190 E:
710 2159 863 2200 praemio
898 2166 1035 2191 mutans
1069 2170 1204 2191 crucem
1238 2161 1264 2191 I.
1298 2177 1340 2181 —
1373 2157 1412 2196 3,
1449 2158 1469 2191 2
1503 2161 1607 2191 breve
1641 2161 1673 2195 1;
1709 2160 1883 2201 quaesivit

325 2205 571 2237 ACDEGHK:
605 2204 798 2244 adquisivit
830 2205 862 2235 1:
900 2206 1035 2246 quaerit
1067 2206 1106 2237 Ο.
1141 2224 1184 2228 -
1219 2203 1257 2243 3,
1290 2204 1310 2236 3
1335 2205 1524 2246 Justosque
1553 2205 1734 2240 ACHEG:
1763 2206 1882 2237 brevio

325 2251 512 2292 korrigiert
538 2251 572 2280 in
600 2251 717 2290 previo
744 2250 770 2280 Ι.
798 2268 838 2272 -
864 2247 896 2287 3,
920 2250 941 2280 4
959 2251 1145 2282 Praevenit
1163 2251 1342 2283 CHDEG:
1370 2252 1406 2282 in
1431 2261 1536 2292 regno
1562 2251 1649 2282 1.—
1668 2249 1698 2286 5,
1725 2249 1745 2281 2
1763 2249 1882 2282 mundi

325 2297 434 2327 lucem
462 2296 488 2326 Ι.
514 2312 557 2315 d
581 2293 612 2331 6,
641 2293 656 2325 1
684 2295 748 2325 hoc
774 2299 851 2334 post
877 2296 1062 2326 sublimius
1080 2296 1120 2328 G,
1148 2313 1189 2316 —
1216 2294 1245 2330 6,
1272 2294 1292 2326 2
1319 2296 1454 2337 culpam
1483 2301 1628 2338 quaerat
1645 2297 1758 2337 gratia
1775 2296 1881 2328 KLO.

326 2339 354 2372 ἶ.
389 2338 409 2371 2
436 2341 526 2382 leget
560 2341 586 2371 Ι.
623 2357 660 2360 -
691 2338 720 2377 ἶ,
752 2338 774 2370 4
803 2345 839 2370 ut
864 2340 948 2371 fehlt
974 2340 1312 2373 ABCDEGHKLO:
1338 2343 1410 2372 vita
1436 2342 1612 2372 hominum
1637 2341 1710 2373 EG.
1740 2358 1782 2363 —-
1807 2339 1837 2378 8,
1863 2339 1884 2372 3

327 2387 421 2417 hictu
447 2387 473 2417 I.
499 2403 543 2406 ἡ
568 2383 600 2422 ὅ,
624 2384 646 2415 4
672 2396 706 2415 se
732 2382 817 2416 fehlt
843 2386 895 2426 H;
922 2386 997 2417 sola
1014 2391 1129 2427 gemat
1146 2387 1346 2419 ABCDGH.
1366 2404 1409 2408 —
1427 2387 1638 2429 Doxologie:
1666 2387 1787 2419 Gloria
1807 2386 1888 2424 tibi,>

329 2433 483 2467 immine,
513 2431 578 2470 Qui
606 2431 785 2462 surrexisti
812 2435 875 2462 etc.
900 2431 942 2463 G.

463 2554 519 2589 13.
556 2555 622 2589 11⁴1».
670 2553 714 2587 In
740 2553 876 2588 Natali
902 2552 1095 2596 Victoris,
1123 2553 1309 2597 Naboris‚
1335 2553 1496 2596 Felicis,
1525 2553 1746 2597 Martyrum

920 2609 1290 2645 mediolanensium.
1744 2626 1748 2627 ⁷

347 2695 381 2730 l.
418 2693 556 2737 Victor,
592 2692 735 2736 Nabor,
768 2692 891 2738 Felix,
923 2692 976 2738 pii
1158 2695 1194 2730 2.
1229 2693 1393 2729 Torrens
1424 2703 1539 2729 arena
1569 2703 1660 2739 quos
1693 2691 1809 2740 dedit,

412 2749 619 2785 Mediolani
652 2754 850 2795 martyres,

414 2805 501 2842 Solo
532 2805 713 2851 hospites,
745 2805 871 2842 Mauri
901 2816 1016 2853 genus

414 2861 616 2906 ”servisque
648 2862 786 2898 nostris
818 2862 998 2901 advenae.

1226 2749 1375 2786 Anhela
1405 2749 1494 2786 solis
1525 2749 1703 2793 aestibus,

1226 2806 1407 2842 Extrema
1436 2810 1561 2842 terrac
1591 2805 1718 2842 finium

1229 2862 1420 2908 Exsulque
1451 2862 1567 2898 nostri
1600 2861 1770 2898 nominis.
