1914 3223
289 269 479 316 Propellat
511 267 693 316 pestifera

287 327 515 364 Daemonum
549 325 824 372 phantasmata.

163 393 169 401 ·
222 386 256 421 “.
289 385 360 421 Per
389 393 496 430 quem
527 381 757 418 imminentia

287 440 433 477 Evadat
467 439 634 485 pericula

289 496 362 535 Hic
394 495 532 543 degens
565 493 707 532 familia

288 554 369 592 Tua
400 561 512 599 prece
544 551 688 597 sedula,

288 611 388 655 Quae
419 608 536 646 clavis
566 618 604 644 es
636 618 748 644 aurea

290 666 391 704 Caeli
423 665 592 712 pandens
622 664 730 712 ostia,

289 722 472 769 Venitque
503 716 730 758 creberrima

289 780 362 817 Per
391 783 427 815 te
458 778 536 815 eius
568 777 689 817 venia.

288 838 537 883 Quapropter,
571 834 800 879 dulcissima,

289 892 385 928 Vide
416 896 452 928 et
484 891 681 928 considera

251 979 258 987 .
291 949 424 987 Cordis
456 948 527 984 mei
558 948 726 997 vulnera,

288 1005 445 1042 Animae
476 1004 668 1051 pestifera.

290 1062 361 1108 Ira,
393 1061 613 1108 petulantia,

164 387 185 422 tv

191 387 212 422 ΕΠ

219 397 240 421 C

163 667 256 707 260.

1098 267 1207 313 Gula,
1240 266 1447 304 cenodoxia

1097 324 1276 374 Obtinent-
1305 323 1547 370 spurcissima

1098 381 1206 417 Meae
1237 382 1372 418 mentis
1400 380 1510 418 atria.

1097 437 1220 474 Credo
1251 441 1373 474 tamen
1405 436 1527 473 omnia

1099 494 1173 540 lpsi
1207 493 1412 543 possibilia,

1095 552 1209 595 Quem
1243 550 1391 587 lactasti
1423 548 1573 588 innuba.

1097 607 1228 655 Huius,
1264 606 1333 655 fac,
1368 605 1565 643 clementia

1056 692 1063 700 .
1097 665 1254 710 Semper
1285 663 1421 701 reddat
1452 662 1561 699 irrita

1095 720 1350 766 Temptatoris
1381 719 1540 767 spicula,

1098 776 1147 814 Ut
1180 777 1347 813 evincam
1380 777 1472 813 vitia

1098 834 1171 870 Cor
1201 844 1321 870 meum
1354 834 1501 870 urentia

1096 890 1147 926 Et
1177 890 1226 927 ad
1258 890 1438 927 exe1citia

1059 975 1067 983 .
1103 947 1194 983 Viro
1227 947 1477 993 competentia

1098 1003 1320 1050 Dirigantur
1349 1003 1495 1050 singula

1099 1060 1237 1097 Sensus
1266 1060 1337 1096 mei
1368 1060 1506 1099 studia.

235 1149 275 1182 :31
297 1151 340 1182 Et
359 1161 459 1182 mann
481 1151 726 1181 sacratissima.
746 1167 789 1171 —-
806 1148 850 1181 40
872 1150 899 1181 A
918 1151 992 1181 Deo
1010 1151 1180 1191 compnsit
1197 1149 1347 1181 aethera.
1365 1167 1406 1171 —
1421 1148 1466 1181 42
1483 1150 1696 1181 Scantlamus

146 1201 297 1228 aeterna.
324 1213 366 1218 —-
391 1194 434 1227 ’ἴδ’
460 1196 622 1227 Gloriosa
646 1196 880 1227 celeberrima.
908 1213 947 1218 —-

633 1350 706 1387 108.
741 1352 795 1392 (6).
833 1350 1037 1396 Rhymmus
1063 1350 1207 1386 Sextus.

260 1456 379 1493 Maris
415 1456 535 1503 stella,
579 1460 700 1493 mater
729 1456 883 1503 Christi,

313 1513 490 1549 salutaris
522 1512 679 1561 hostiae,

257 1570 358 1614 Quae
389 1574 546 1615 peccata
576 1569 661 1606 tulit
694 1569 822 1606 mundi

312 1636 419 1662 sacro
450 1636 516 1662 suo
544 1626 723 1672 sanguine

184 1686 223 1721 5.
254 1682 305 1719 Et
335 1693 401 1718 nos
433 1692 522 1719 suae
552 1687 705 1719 sauctae
736 1683 860 1721 caruis

312 1737 433 1775 reficit
462 1739 654 1788 libamine,

254 1796 354 1833 Dum
384 1795 422 1832 in
453 1806 519 1833 ara
551 1797 672 1833 crucis
703 1806 785 1832 eum

309 1851 469 1889 vidisses
500 1852 736 1899 occumbere,

251 1908 303 1945 Et
332 1908 429 1945 hunc
461 1909 597 1956 Ioseph
628 1909 826 1958 sepelisset

158 1966 223 2004 10.
311 1963 596 2013 officiosissime,

253 2021 402 2070 Ioseph,
435 2033 524 2059 sane
554 2022 820 2060 memorandus

309 2079 368 2116 vir
398 2079 694 2127 misericordiae,

252 2135 349 2172 Vere
380 2136 513 2182 iustus,
546 2137 643 2173 sicut
674 2136 796 2174 Lucas

307 2192 426 2230 noluit
457 2193 642 2243 omittere,

156 2249 219 2287 15.
251 2248 470 2296 Militesque
500 2254 779 2288 monumentum

309 2306 543 2343 custodirent
577 2306 720 2353 sedule,

255 2362 312 2399 Ne
343 2361 503 2400 facultas
535 2368 633 2400 esset
663 2364 834 2410 cuiquam

309 2420 400 2457 illuc
425 2431 597 2469 ⁴gressum
629 2421 798 2470 tendere,

251 2476 321 2520 Qui
354 2476 503 2514 dolores
534 2477 773 2514 habebantur

153 2533 219 2572 20.
307 2537 395 2570 tunc
426 2533 462 2570 in
495 2538 558 2570 tuo
588 2538 756 2581 pectore,

250 2590 349 2635 Quos
380 2601 538 2637 angores
569 2590 795 2638 sustinebas,

308 2647 390 2693 quis
423 2647 523 2684 valet
554 2648 756 2685 evolvere?

253 2703 348 2740 Nam
380 2703 411 2740 si
444 2708 588 2740 tantum
621 2715 702 2741 eum
735 2705 883 2752 planxit

308 2760 433 2797 Maria
463 2761 702 2807 Magdalene,

157 2817 222 2854 25.
255 2816 303 2852 Et
337 2817 367 2852 si
401 2817 522 2853 doluit
553 2817 678 2854 Maria

311 2873 437 2910 Iacobi
470 2878 507 2910 et
538 2874 699 2922 Salonio,

970 1627 1034 1664 30.

970 2195 1036 2233 40.

968 2479 1034 2516 45.

1069 1455 1174 1493 Sicut
1205 1457 1314 1504 plane
1346 1455 1587 1493 manifestant

1124 1513 1240 1550 verba
1271 1524 1402 1550 sacrae
1433 1513 1603 1560 paginae,

1067 1569 1163 1616 Quid
1197 1570 1318 1617 egisse
1349 1574 1385 1606 te
1416 1575 1590 1616 putamus

1125 1637 1251 1663 veram
1284 1632 1441 1663 matrem
1472 1627 1612 1675 utique,

1066 1683 1128 1720 Ad
1160 1695 1268 1730 quam
1303 1684 1411 1721 dolor
1442 1683 1572 1721 mortis
1604 1684 1682 1720 eius

1124 1739 1339 1786 pertinebat
1369 1740 1522 1787 proprie
1534 1740 1551 1776 ἱ)

1068 1797 1167 1834 Vere
1196 1795 1327 1846 flebas,
1360 1802 1395 1834 et
1426 1797 1588 1834 ubertim

1122 1852 1362 1900 profluebant
1392 1850 1583 1897 lacrimae}

1026 1939 1035 1948 .
1067 1909 1310 1957 Gemitusque
1342 1910 1555 1947 columbino

1124 1967 1389 2015 promulgebas
1421 1972 1582 2014 gutture,

1067 2024 1243 2069 Quamvis
1275 2025 1415 2061 multae
1437 2023 1696 2061 confortarent

1123 2085 1160 2117 te
1190 2079 1322 2118 fideles
1353 2081 1501 2118 animae

1066 2137 1118 2174 Et
1148 2137 1346 2185 Iohannes,
1380 2138 1484 2175 cuius
1515 2148 1598 2174 eras

1126 2195 1324 2232 commissa
1354 2195 1557 2244 custodiae,

1067 2251 1229 2288 Matrem
1260 2256 1440 2289 maestam
1473 2252 1659 2289 relevaret

1123 2306 1191 2344 filii
1222 2309 1415 2346 solamine.

1067 2364 1117 2401 Et
1150 2364 1181 2400 si
1212 2375 1292 2412 ego,
1325 2370 1457 2412 mater,
1488 2365 1554 2401 illo

1123 2425 1160 2458 te
1191 2422 1367 2459 vidissem
1400 2426 1569 2468 tempore

1066 2478 1129 2525 Et,
1161 2479 1260 2524 quod
1293 2479 1418 2528 credo,
1451 2483 1540 2515 tunc
1562 2476 1691 2515 fuisset

1124 2535 1214 2571 mihi
1248 2536 1374 2573 datum
1408 2536 1575 2582 credere,

1067 2592 1292 2629 Consolatus
1323 2597 1359 2629 te
1392 2591 1543 2629 fuissem

1123 2653 1224 2685 certe
1255 2648 1352 2686 flexo
1383 2649 1538 2698 poplite,

1066 2705 1140 2742 Sed
1172 2717 1245 2742 non
1278 2707 1381 2743 vultu
1411 2705 1638 2742 laetabundo

1122 2772 1243 2808 neque
1274 2763 1374 2799 sicco
1404 2762 1555 2811 lumine,

1067 2818 1154 2866 Sed⁷
1187 2824 1228 2855 ut
1259 2830 1354 2869 eras,
1387 2818 1656 2866 gemebundam

1125 2877 1354 2922 compellens
1386 2887 1430 2913 ex
1463 2876 1610 2912 nomine

1444 2940 1491 2973 9*
