2031 3289
857 222 1165 264 —428-

272 341 311 377 3.
347 339 472 384 Ipsam
505 338 597 384 cole,
630 342 669 374 ut
703 338 749 374 de
780 336 876 374 mole
1061 337 1126 375 11.
1158 336 1233 373 Sed
1264 346 1430 382 necesse,
1462 337 1561 382 quod
1592 336 1774 383 prodesse

401 394 606 432 Criminum
639 399 675 430 te
706 394 854 439 liberet,
1216 393 1373 431 Constat
1403 392 1477 442 piis
1509 391 1708 439 mentibus,

345 450 455 487 Hanc
485 451 649 498 appella,
683 460 729 486 ne
760 448 928 496 procella
1159 449 1211 487 Ut
1240 448 1434 485 intendam
1466 453 1503 484 et
1533 449 1749 495 impendam

402 505 584 543 Vitiorum
618 510 783 552 superet.
1215 505 1280 541 Me
1310 504 1430 552 ipsius
1460 505 1651 542 laudibus.

272 593 313 629 4.
346 591 450 628 Haec
479 601 642 637 persona
673 590 780 627 nobis
813 590 910 627 bona
1061 591 1125 628 12.
1158 590 1336 634 Quamvis
1357 589 1484 634 sciam,
1509 589 1607 635 quod
1627 581 1788 626 Mariam

403 647 569 684 Contulit
603 647 794 693 caelestia,
1215 645 1334 682 Nemo
1368 645 1478 692 digne
1508 645 1715 694 praedicet,

345 703 449 739 Haec
479 703 609 750 regina
642 714 708 739 nos
742 702 868 739 divina
1162 701 1303 738 Tamen
1335 712 1452 739 vanus
1484 705 1520 737 et
1550 701 1704 738 insanus

404 759 612 796 lllustravit
645 759 782 807 gratia.
1218 758 1302 804 Est,
1335 757 1397 804 qui
1428 757 1532 794 illam
1565 757 1710 794 reticet.

273 845 312 882 5.
348 843 492 891 Lingua
522 855 616 892 inea,
651 844 711 880 dic
742 848 899 890 tropaea
1062 843 1126 882 13.
1159 842 1272 880 Cuius
1303 842 1382 879 vita
1412 841 1561 878 erudita

403 900 566 946 Virginis
599 910 822 946 puerperae,
1217 898 1429 944 Disciplina
1459 898 1600 935 caelica

344 957 446 1003 Quae
476 955 659 993 inflictum
689 956 932 993 maledictum
1160 956 1393 1001 Argumenta
1425 960 1463 990 et
1493 954 1670 1001 figmenta

405 1012 505 1050 Miro
536 1011 719 1049 transfert
749 1022 898 1061 genere.
1218 1011 1417 1048 Destruxit
1448 1011 1653 1049 haeretica.

272 1099 313 1137 6.
347 1097 435 1134 Sine
464 1096 538 1134 fine
570 1097 631 1133 dic
661 1097 813 1144 reginae
1061 1096 1127 1136 14.
1161 1095 1275 1134 Cuius
1307 1105 1429 1132 mores
1460 1099 1648 1142 tamquam
1679 1093 1792 1133 flores

400 1153 536 1191 Mundi
566 1153 719 1190 laudum
751 1153 911 1200 cantica,
1214 1152 1413 1189 Exornant
1444 1152 1654 1199 ecclesiam,

343 1210 435 1247 Eius
468 1209 565 1246 bona
597 1220 747 1256 semper
776 1220 880 1258 sona,
1159 1208 1338 1245 Actiones
1370 1212 1407 1244 et.
1437 1219 1628 1245 sermones

402 1266 560 1313 Semper
585 1266 689 1303 illam
722 1266 916 1313 praedica.
1215 1265 1352 1301 Miram
1384 1269 1578 1311 praestant
1609 1264 1792 1312 gratiam.

274 1351 312 1389 7.
347 1351 482 1388 Omnes
514 1351 586 1387 mei
617 1361 760 1395 sensus,
793 1350 826 1387 ei
1064 1350 1129 1388 15.
1162 1349 1265 1386 Evae
1297 1349 1437 1386 crimen
1469 1349 1576 1386 nobis
1607 1349 1721 1385 limen

403 1408 609 1444 Personate
639 1407 809 1456 gloriam,
1221 1406 1391 1442 l'aradisi
1424 1406 1620 1453 clauserat,

346 1463 601 1510 Frequentate
632 1468 708 1500 tam
740 1464 873 1500 beatae
1162 1462 1277 1508 Haec,
1313 1463 1401 1499 dum
1433 1463 1554 1498 credit
1585 1467 1621 1498 et
1651 1460 1792 1506 obedit,

403 1520 568 1566 Virginis
599 1520 829 1557 memoriam.
1218 1518 1321 1555 Caeli
1353 1519 1517 1555 claustra
1550 1523 1705 1555 reserat.

272 1605 313 1642 8.
346 1604 482 1640 Nullus
515 1608 616 1641 certe
648 1609 723 1641 tam
757 1604 921 1641 disertae
1065 1604 1128 1642 16.
1162 1603 1325 1649 Propter
1349 1603 1469 1640 Evam
1501 1602 1610 1638 homo
1642 1612 1792 1639 saevam

402 1660 540 1697 Exstat
570 1660 820 1707 eloquentiae,
1218 1659 1376 1705 Accepit
1408 1659 1648 1704 sententiam,

344 1716 414 1762 Qui
433 1717 639 1763 condignos
658 1721 805 1763 promat
817 1717 975 1763 hymnos
1162 1716 1237 1753 Per
1267 1716 1428 1752 Mariam
1461 1715 1575 1752 habet
1607 1715 1716 1763 viam,

400 1773 494 1810 Eius
525 1773 784 1811 excellentiae.
1219 1774 1322 1818 Quae
1354 1772 1455 1808 ducit
1488 1772 1535 1808 ad
1569 1771 1744 1817 patriam.

274 1859 313 1896 9.
346 1857 483 1895 Omnes
500 1858 668 1907 laudent,
687 1858 786 1894 unde
799 1857 976 1906 gaudent,
1067 1857 1130 1895 17.
1164 1857 1268 1893 Haec
1299 1857 1460 1893 amanda
1493 1860 1528 1892 et
1559 1855 1749 1892 laudanda

400 1915 562 1951 Matrem
595 1914 664 1951 Dei
699 1914 893 1963 virginem,
1222 1913 1374 1950 Cunctis
1406 1912 1635 1960 specialiter,

347 1969 483 2006 Nullus
514 1970 643 2017 fingat,
684 1970 783 2017 quod
815 1970 979 2019 attingat
1164 1969 1347 2006 Venerari
1379 1973 1415 2005 et
1446 1968 1596 2015 precari

402 2027 495 2063 Eius
527 2027 803 2065 celsitudinem.
1220 2026 1336 2062 Decet
1367 2025 1472 2062 illam
1505 2025 1654 2070 iugiter.

246 2112 317 2151 10.
351 2111 470 2148 Nemo
503 2111 615 2157 dicet,
649 2116 827 2158 quantum
859 2111 948 2148 licet
1064 2111 1128 2150 18.
1161 2112 1287 2157 Ipsam
1318 2120 1445 2156 posco⁷
1478 2120 1587 2156 quam
1611 2118 1791 2156 cognosco

401 2168 592 2213 Laudans,
625 2168 704 2204 eius
737 2168 882 2216 merita,
1219 2167 1333 2203 Posse
1364 2177 1519 2213 prorsus
1550 2166 1687 2211 omnia,

344 2224 462 2260 Cuius
495 2228 629 2261 cuncta
660 2230 745 2261 sunt
778 2230 903 2262 creata
1162 2225 1213 2262 Ut
1243 2223 1379 2259 evellat
1413 2228 1446 2258 et
1480 2222 1653 2268 repellat,

405 2281 549 2317 Ditioni
581 2280 745 2317 subdita.
1218 2280 1481 2325 Quaecumque
1512 2283 1596 2315 sunt
1628 2278 1753 2317 noxia.

635 2367 697 2404 19.
732 2366 819 2412 Ipsa
852 2365 979 2411 donet,
1012 2369 1064 2412 ut,
1095 2364 1194 2411 quod
1226 2369 1349 2400 monet

787 2423 877 2459 Eius
908 2425 1030 2470 natus,
1066 2421 1214 2467 faciam,

731 2478 779 2516 Ut
811 2478 919 2515 finita
950 2477 1075 2514 carnis
1106 2477 1183 2514 vita

789 2535 927 2571 Laetus
959 2534 1057 2571 hunc
1088 2534 1282 2580 aspiciam.

817 2675 1096 2721 Rhythmus
1138 2675 1209 2712 III.

278 2765 317 2804 1.
351 2767 380 2801 ί)
413 2771 631 2802 cunctarum
664 2764 888 2802 feminarum
1095 2766 1131 2802 2.
1166 2764 1338 2801 Clemens
1368 2762 1469 2805 audi,
1502 2766 1587 2798 tuae
1617 2758 1719 2797 laudi

404 2822 527 2858 Decus
560 2828 670 2868 atque
699 2822 832 2870 gloria,
1222 2823 1320 2865 Quos
1351 2819 1535 2856 instantes
1566 2814 1762 2862 conspicis,

345 2878 459 2922 Quam
506 2879 662 2915 electam
697 2882 731 2914 et
764 2882 979 2924 provectam
1164 2876 1307 2914 Munda
1340 2885 1422 2912 reos
1454 2880 1488 2911 et
1521 2873 1579 2910 fac
1610 2882 1672 2909 eos

407 2934 558 2971 Scimus
590 2945 702 2981 super
731 2934 866 2972 omnia.
1222 2932 1336 2969 Bonis
1369 2931 1500 2978 dignos
1532 2927 1694 2966 caelicis,
