1914 3223
755 176 803 180 -
871 154 942 192 151
1008 175 1056 179 —

137 274 173 308 5.
206 270 426 307 Sanctorum
458 267 621 314 plurimi,
943 269 979 306 6.
1017 265 1176 303 Perenni
1209 265 1369 302 Domino

262 325 323 372 qui
352 325 421 362 iam
455 322 696 372 dormierunt,
1074 333 1209 369 perpes
1230 322 1289 373 ‘sit
1319 321 1451 367 gloria,

207 381 401 428 surgentis
430 380 587 427 gloriam
1014 379 1070 416 lssx
1103 390 1175 426 quo
1206 382 1304 425 sunt,
1341 388 1409 424 per
1438 388 1548 424 quem
1583 383 1682 415 sunt.

262 437 448 484 surgendo
479 437 712 483 praedicant.
1074 436 1109 472 in
1143 447 1214 481 quo
1243 439 1329 472 sunt
1359 434 1505 471 omnia:

208 495 247 532 ln
279 493 528 531 testimonium
1017 493 1074 529 lssx
1105 503 1178 538 quo
1209 496 1307 537 sunt,
1342 496 1450 537 pater
1480 496 1548 537 est,

262 550 447 597 surgentis
479 549 627 586 Domini
1072 560 1140 595 per
1170 559 1278 594 quem
1311 551 1410 592 sunt,
1444 547 1555 594 filius,

206 607 466 644 conscendunt
498 606 646 653 mortui,
1019 607 1057 642 ln
1090 616 1162 651 quo
1193 609 1289 653 sunt,
1323 605 1443 651 patris
1474 610 1507 640 et

265 664 495 701 descendunt
526 663 661 718 angeli.
1075 661 1142 698 filii
1173 661 1339 707 spiritus.

227 755 252 785 B
286 753 343 784 sol.
374 750 459 783 83b.
491 769 534 773 -
567 753 593 784 C
627 753 683 784 fol.
708 751 792 784 401».
829 769 871 773 —
908 750 942 790 l,
976 749 991 783 1
1020 747 1158 783 Invenit
1182 752 1219 783 C.
1244 767 1287 772 -
1311 750 1350 790 ζ’»,
1388 749 1403 782 1
1430 753 1556 781 exeunt
1582 751 1618 779 (ἶ.
1645 767 1686 771 —

132 797 163 834 23,
189 797 208 830 7
232 799 320 830 Tota
344 798 398 829 vel
424 798 460 830 C.

680 895 744 933 121.
779 897 860 940 (11.)
896 895 948 931 Ad
974 894 1144 931 Primam.

141 993 174 1032 1.
206 992 391 1030 Auroram
422 991 556 1028 lucifer
943 993 980 1030 3.
1015 991 1125 1028 Hune
1155 989 1394 1037 invisibilem,

262 1049 397 1095 praeit,
430 1049 484 1085 sol
516 1048 708 1096 sequitur3
1071 1057 1178 1094 quem
1211 1046 1479 1092 intellegimus,

205 1106 353 1142 Aurora
384 1104 470 1142 tidei
1016 1104 1140 1142 Solem
1172 1103 1370 1140 annuntiat

261 1162 323 1198 lux
360 1162 607 1209 intellegitur,
1073 1160 1159 1205 iste,
1191 1170 1298 1206 quem
1331 1159 1531 1207 cernimus,

208 1222 323 1264 Quam
357 1229 465 1255 verus
497 1216 632 1255 lucifer
1019 1217 1071 1255 Et
1098 1216 1325 1253 invisibilem

261 1275 449 1321 surgendo
480 1275 649 1320 eontulit,
1075 1278 1265 1310 auctorem
1297 1273 1462 1310 omnium

208 1332 303 1367 t'aro
332 1331 518 1367 dominica
1020 1330 1168 1368 Laudat
1198 1329 1357 1366 visibilis

261 1398 341 1423 cum
375 1386 599 1425 refloruerit.
1074 1385 1227 1423 effeetus
1258 1396 1427 1434 operum.

133 1491 171 1526 2.
205 1488 276 1525 llic
308 1489 407 1525 idem
438 1487 574 1525 lucifer
947 1491 984 1527 4.
1017 1488 1171 1526 Cunctis
1203 1487 1458 1534 laudantibus,

260 1551 301 1583 ut
330 1545 385 1581 sol
419 1544 622 1592 refulserit,
1073 1545 1194 1587 bomo,
1226 1555 1273 1580 ne
1303 1549 1442 1589 taceaS,

204 1602 296 1640 Cum
327 1602 376 1639 ad
407 1602 588 1639 iudicium
1017 1602 1108 1639 Cum
1141 1601 1270 1638 laudes
1302 1601 1462 1637 Domino

260 1668 453 1695 commune
489 1660 645 1709 venerit,
1074 1669 1143 1704 pro
1174 1657 1318 1694 cunetis
1350 1657 1502 1703 debeas,

205 1715 318 1751 Cuius
349 1715 410 1752 lux
444 1713 558 1752 fuerit
1015 1715 1173 1762 Urgeris
1204 1714 1363 1761 singulis

260 1776 364 1808 tanta
394 1772 644 1819 praesentiae,
1071 1782 1118 1808 ex
1148 1770 1356 1817 beneficiis,

206 1828 257 1866 Ut
288 1828 538 1866 conscientiae
1015 1829 1069 1868 Ut
1099 1833 1225 1875 grates
1256 1827 1432 1865 laudibus

260 1884 460 1931 loquantur
490 1885 670 1933 singulae.
1072 1885 1196 1922 solvas
1227 1885 1429 1924 continuis,

538 1989 574 2025 5.
608 1986 769 2024 Perenni
800 1987 961 2024 Domino

663 2054 800 2090 perpes
828 2044 875 2080 sit
907 2043 1039 2092 gloria,

606 2101 665 2138 Ex
697 2111 770 2147 quo
798 2105 894 2149 sunt,
928 2111 997 2147 per
1026 2109 1135 2146 quem
1167 2102 1265 2148 sunt,

664 2157 700 2193 in
732 2168 804 2203 quo
837 2162 921 2194 sunt
952 2156 1098 2194 omnia:

607 2214 665 2251 Ex
698 2225 770 2260 quo
802 2219 901 2262 sunt,
932 2218 1042 2260 pater
1073 2216 1140 2262 est,

665 2282 733 2317 per
763 2281 871 2317 quem
903 2274 1001 2317 sunt,
1034 2269 1146 2316 filius,

607 2328 649 2365 In
681 2339 753 2374 quo
784 2333 882 2375 sunt,
914 2327 1034 2373 patris
1063 2330 1100 2363 et

664 2383 731 2421 filii
763 2383 932 2430 spiritus.

220 2477 248 2508 B
272 2475 331 2508 fol.
356 2462 430 2508 83b
455 2488 493 2497 -‘
523 2472 556 2516 3,
582 2473 598 2506 1
627 2475 727 2506 Dune
753 2474 978 2506 invisibilem.

673 2619 744 2655 122.
779 2619 861 2663 (12.)
895 2617 948 2654 Ad
973 2616 1146 2654 Tertiam.

138 2706 174 2744 1.
205 2706 248 2743 In
278 2705 396 2743 altum
427 2703 551 2740 orbita
1017 2702 1099 2740 Lux
1132 2700 1308 2747 primum,
1342 2699 1479 2737 deinde

257 2761 347 2799 solis
377 2761 452 2799 iam
485 2760 646 2808 ducitur,
1074 2758 1179 2795 calor
1208 2755 1434 2803 infunditur,

205 2818 389 2865 Calorque
419 2816 581 2864 proficit,
1017 2815 1108 2853 Cum
1139 2813 1252 2851 fidem
1285 2813 1422 2850 caritas

258 2886 330 2923 quo
360 2874 521 2912 mundus
553 2873 676 2923 alitur,
1072 2872 1111 2909 in
1142 2870 1250 2908 nobis
1281 2869 1461 2917 sequitur.
