2031 3289
330 280 395 317 11.

332 719 395 758 12.

329 1157 392 1195 13.

331 1598 396 1635 14.

331 2040 395 2078 15.

427 278 468 316 Si
498 288 706 316 sermonem
739 278 830 317 facit
861 278 990 327 abbas,

483 336 684 372 denotatur
713 336 886 383 garrulus

426 392 490 438 Et,
522 391 554 427 si
584 395 713 429 tacens
744 392 796 429 nil
828 391 1022 438 exponit,-

484 452 683 485 accusatur
713 447 857 495 fatuus3

427 505 512 542 Huc
544 515 584 541 se
614 509 750 553 vertat,
788 504 879 540 illuc
909 507 1054 551 pergat,

483 571 633 607 semper
663 561 734 597 erit
764 561 911 600 anxius.

428 718 546 765 Intus,
579 716 673 754 foris
704 718 736 753 si
768 717 959 765 contingat

482 773 672 819 quaelibet
702 773 925 820 adversitas,

427 830 509 867 Hoc
540 830 707 866 incuriae
738 829 887 866 abbatis

482 884 620 922 fratres
651 897 778 922 omnes
810 886 1005 936 deputant,

427 942 537 979 Illum
577 942 717 979 rodunt
746 947 860 989 atque
890 942 1056 989 produnt

482 1004 519 1035 et
549 999 743 1046 appellant
775 999 946 1039 bestiam.

425 1156 567 1193 Domus
597 1160 728 1193 sancta
757 1157 789 1193 si
810 1168 884 1194 non
907 1156 1055 1203 crescit,

481 1213 520 1250 in
551 1212 726 1250 abbatem
757 1213 952 1261 invehunt,

426 1268 465 1306 Si
498 1270 694 1314 decrescit,
727 1280 812 1306 mox
843 1269 1018 1306 abbatem

483 1327 584 1364 velut
616 1326 760 1363 hostem
793 1330 998 1376 expetunt3

426 1382 478 1420 Ut
507 1382 682 1419 incudem
713 1382 768 1418 sic
798 1382 973 1419 abbatem

483 1440 593 1475 simul
624 1450 752 1476 omnes
784 1438 937 1477 feriunt.

430 1597 459 1634 O
489 1597 639 1635 beatum
670 1597 748 1634 tale
779 1602 903 1645 caput,

483 1654 584 1700 quod
614 1665 635 1691 a
666 1653 844 1690 membris
875 1653 1044 1691 roditur!

428 1711 555 1749 Bonus
566 1716 709 1757 pastor,
726 1720 835 1756 quem
849 1710 1059 1757 depascunt-

483 1767 586 1804 saevi
617 1767 750 1803 dentes
781 1766 927 1803 ovium!

426 1823 536 1860 Felix
566 1828 676 1870 pater
706 1822 869 1860 filiorum

481 1891 628 1917 morsus
659 1880 767 1916 timet
797 1880 973 1918 omnium.

428 2039 536 2078 Istud
567 2039 703 2076 malum
736 2039 1004 2075 monachorum

484 2096 584 2132 intus
616 2095 733 2132 abbas
765 2096 914 2142 tolerat,

429 2152 687 2189 Saecularium
717 2156 754 2188 et
784 2151 876 2188 foris

485 2209 596 2245 simul
627 2213 753 2255 portat
784 2219 909 2257 onera,

426 2265 617 2303 Anxiatur
648 2271 684 2301 et
714 2265 900 2314 tristatur,

485 2332 592 2369 quem
625 2322 680 2358 sic
709 2326 863 2368 pemunt
895 2320 1031 2360 omnia.

1066 166 1121 207 72·

1143 280 1208 320 16.
1241 278 1399 316 Noctem
1421 290 1581 326 namque
1598 280 1698 318 curis
1715 289 1870 327 pressus

1146 718 1210 755 17.

1146 1157 1210 1194 18.

1144 1598 1209 1636 19.

1145 2039 1211 2078 20.

1297 335 1477 373 verbosus
1509 336 1682 374 dimidiat

1239 391 1292 428 Et
1321 402 1507 437 auroram,
1540 397 1581 429 ut
1609 394 1797 440 loquatur⁷

1297 448 1446 494 saepius
1477 449 1673 496 anticipat,

1240 503 1376 540 Totum
1409 505 1507 541 diem
1536 505 1575 541 in
1605 505 1794 552 loquendo

1296 561 1535 606 postmodum
1562 562 1766 600 continuat.

1243 717 1349 754 Haec
1378 722 1414 754 et
1444 717 1519 754 alia
1548 718 1741 764 praelatus

1298 773 1458 810 sustinet
1491 785 1601 820 quam
1633 775 1806 823 plurima,

1241 829 1462 867 Saeculares
1493 829 1586 867 foris
1616 835 1798 877 pungunt,

1296 886 1396 923 intus
1427 885 1567 923 fratres
1599 887 1820 933 vulnerant;

1241 943 1303 979 Illi
1335 953 1470 988 corpus
1501 947 1790 990 persequuntur,

1295 999 1334 1035 hi
1366 999 1573 1036 corrodunt
1605 999 1761 1038 viscera.

1243 1156 1326 1206 Dic,
1359 1157 1542 1206 praelate,
1576 1168 1679 1203 rogo,
1712 1167 1810 1203 care,

1297 1223 1392 1259 quae
1423 1217 1481 1250 est
1507 1213 1581 1250 ista
1614 1213 1807 1260 dignitas?

1241 1270 1348 1307 Intus
1382 1269 1501 1315 dolor,
1535 1268 1627 1306 foris
1658 1269 1779 1315 labor,

1297 1326 1396 1373 hinc,
1428 1326 1518 1362 inde
1550 1327 1765 1373 calamitas,

1243 1382 1401 1429 Corpus,
1434 1381 1568 1430 fateor,
1599 1383 1658 1419 his
1688 1383 1797 1420 malis

1299 1439 1474 1485 perditur
1505 1444 1541 1475 et
1572 1440 1708 1478 anima.

1241 1597 1330 1644 Quis
1362 1597 1459 1634 enim
1491 1596 1670 1634 abbatum
1704 1597 1802 1634 valet

1298 1652 1424 1690 ferreo
1454 1664 1552 1690 nunc
1583 1659 1753 1700 tempore

1242 1711 1348 1748 Inter
1378 1715 1434 1746 tot
1466 1710 1702 1747 calamitates

1298 1767 1426 1813 virgas
1459 1765 1561 1803 ferre
1592 1765 1768 1804 fertiles?

1242 1823 1502 1860 Praelatorum
1533 1828 1635 1860 certe
1667 1823 1778 1861 modo

1298 1884 1384 1916 sunt
1415 1880 1576 1916 honores
1607 1880 1770 1918 steriles.

1245 2038 1314 2076 His
1345 2038 1561 2084 honoribus,
1593 2038 1750 2075 abbates

1298 2095 1518 2142 venerandi,
1551 2095 1689 2145 cedite,

1243 2151 1369 2189 Grave
1399 2152 1545 2199 pondus
1577 2156 1613 2188 et
1644 2151 1755 2188 inane

1299 2208 1400 2244 ultro
1429 2208 1503 2244 iam
1535 2208 1674 2245 abicite

1242 2265 1293 2302 Et.
1325 2265 1371 2301 de
1402 2271 1528 2301 cetero
1558 2265 1676 2311 quieti

1297 2331 1341 2357 ac
1371 2321 1493 2357 securi
1525 2321 1654 2358 vivite.

1982 194 1991 211 ,

1985 243 1997 282 t..

409 2479 551 2511 Collect.
586 2489 647 2510 ms,
672 2479 842 2510 Venetum
877 2488 965 2509 saec.
1001 2476 1051 2508 15.
1101 2476 1184 2509 Cod.
1208 2477 1375 2508 Marcian.
1409 2477 1433 2508 Z
1458 2477 1487 2508 L
1521 2476 1594 2509 193.
1620 2478 1659 2508 A.
1687 2494 1725 2499 —-
1752 2477 1873 2518 Migne

315 2525 337 2556 l.
363 2536 390 2555 c.
415 2523 480 2557 972
506 2526 544 2557 Β.
573 2542 612 2547 —
643 2522 681 2562 2,
708 2523 728 2555 5
754 2524 801 2555 Et
825 2534 867 2554 ne
893 2534 934 2554 ve
961 2524 1134 2561 sutinere3
1170 2521 1217 2553 Et
1241 2522 1332 2563 quod
1357 2523 1442 2553 velit
1468 2524 1638 2554 sustinere
1663 2523 1701 2554 Β.
1726 2540 1770 2544 -
1795 2520 1826 2559 2,
1852 2520 1873 2554 6

314 2570 410 2602 velut
438 2571 579 2611 iniquus
605 2571 735 2612 patitur
759 2570 797 2600 Β.
824 2586 866 2590 —
892 2567 923 2606 5,
949 2566 968 2599 5
994 2567 1172 2607 Quidquid
1197 2568 1301 2598 miser
1326 2568 1408 2598 facit
1428 2569 1463 2598 Β.
1493 2587 1536 2590 —
1561 2567 1591 2605 5,
1617 2566 1637 2599 6
1664 2578 1798 2609 semper
1822 2572 1874 2599 est

315 2615 482 2647 detractio
505 2617 544 2646 B.
567 2633 611 2636 —
631 2614 662 2652 G,
683 2613 702 2645 ἶ)
728 2625 812 2656 rogo
838 2614 933 2645 valet
953 2615 989 2645 Β.
1006 2629 1048 2634 -
1066 2612 1095 2650 7,
1123 2611 1142 2643 5
1169 2617 1219 2644 est
1245 2614 1273 2643 si
1292 2613 1330 2643 B.
1354 2632 1389 2635 —
1411 2611 1441 2649 7,
1468 2612 1487 2645 6
1516 2619 1547 2644 et
1573 2613 1654 2644 vilis
1680 2618 1712 2645 et
1736 2613 1873 2654 tepidus

314 2661 354 2692 B.
381 2679 421 2682 —
447 2662 486 2698 ὅ,
521 2659 541 2691 3
568 2664 715 2702 poscunt
737 2660 777 2691 A.
803 2677 845 2681 —
870 2660 908 2693 ὅ,
941 2657 963 2690 4
986 2658 1042 2689 vel
1067 2668 1169 2689 unam
1197 2659 1234 2689 B.
1258 2677 1300 2680 —
1326 2656 1355 2693 9,
1383 2656 1402 2688 2
1427 2658 1616 2700 quidquam
1642 2659 1738 2700 loqui
1763 2659 1802 2690 B.
1830 2675 1873 2680 —-

314 2704 345 2744 9,
371 2704 391 2737 6
418 2706 566 2747 perditio
586 2707 623 2737 Β.
641 2723 683 2726 -
703 2703 754 2743 10,
780 2704 800 2736 5
826 2704 966 2736 mandat
986 2705 1024 2735 Β.
1042 2720 1085 2724 -·
1107 2702 1157 2742 10,
1184 2701 1203 2734 6
1221 2703 1325 2735 Velut
1351 2705 1404 2734 fur
1423 2705 1449 2734 A.
1469 2705 1506 2735 Β.
1526 2723 1565 2726 κ-
1588 2702 1637 2741 11,
1655 2702 1677 2734 4
1691 2704 1874 2735 dent-»tatur

316 2752 354 2782 Β.
382 2770 423 2773 -
454 2750 509 2783 12.
533 2750 553 2781 5
579 2751 705 2781 rodunt
729 2754 761 2781 et
787 2749 973 2792 perrodunt
998 2751 1036 2781 Β.
1062 2765 1106 2770 ——
1134 2746 1190 2781 153.
1216 2747 1230 2780 1
1259 2753 1391 2780 crescat
1416 2750 1452 2779 Β.
1479 2766 1522 2770 -
1550 2746 1606 2786 13,
1633 2747 1654 2779 3
1679 2749 1714 2781 Si
1742 2752 1874 2780 ert-scat

315 2797 353 2827 Β.
387 2814 430 2818 -
465 2795 524 2830 15.
557 2796 577 2827 43
610 2796 702 2838 quod
736 2796 786 2827 sic
817 2798 973 2835 premant
1004 2794 1041 2825 B.
1068 2810 1111 2815 —
1139 2792 1197 2831 17,
1234 2792 1247 2824 1
1284 2795 1380 2825 llaec
1413 2799 1446 2825 ot
1477 2796 1593 2825 onmia
1625 2795 1664 2824 A.
1689 2811 1731 2815 -
1762 2791 1818 2831 17,
1852 2792 1873 2826 3

315 2846 497 2883 pungnant
521 2842 561 2873 A.
588 2859 629 2863 —
659 2840 716 2877 17,
743 2839 762 2871 5
789 2844 1043 2882 prosequuntur
1068 2840 1105 2870 B.
1133 2856 1174 2860 —
1204 2838 1260 2877 15,
1287 2838 1307 2870 5
1332 2840 1375 2870 iis
1401 2839 1501 2871 malis
1528 2841 1564 2871 Β.
1591 2856 1634 2860 -
1663 2838 1714 2876 19,
1744 2838 1758 2870 1
1786 2840 1874 2878 Quis

314 2887 490 2920 abbatum,
518 2897 610 2927 rog-ro,
636 2887 728 2918 valet
756 2888 792 2917 Β.
