2031 3289
971 190 1278 232 —242—

615 311 653 349 2.
685 308 796 346 Miris
827 307 962 345 Italiae
992 304 1152 343 fulserat
1181 304 1341 350 actibus,

681 364 813 402 Gallos
843 363 1005 400 irradiat
1037 371 1195 410 corpore
1225 365 1405 409 mortuus,

681 420 806 468 Signis
832 420 881 457 ad
912 418 1095 456 tumulum
1127 417 1295 454 crebrius
1326 417 1465 455 emicat

796 477 996 513 Illustrans
1027 474 1189 522 patriam
1220 485 1367 513 novam.

617 582 653 617 3.
687 579 787 616 Hinc
810 581 936 615 vatum
968 580 1135 614 veterum
1166 574 1268 614 facta
1298 575 1512 621 resuscitat,

681 635 814 682 Morti,
847 634 947 681 quod
977 633 1100 682 libuit,
1134 638 1302 670 mortuus
1331 632 1508 678 imperat,

686 691 906 728 Extinctum
937 690 1103 737 propriis
1134 689 1280 727 ossibus
1311 688 1466 732 excitat,

765 748 794 785 Ο
827 758 938 793 quam
969 747 1065 784 mira
1094 746 1285 792 potentia!

619 854 656 888 4.
687 850 804 887 Navis
835 859 904 896 per
932 846 1085 885 fluvium
1115 851 1180 884 nat
1210 847 1291 884 sine
1321 846 1474 893 remige,

685 906 866 943 Mirando
897 904 1056 952 glaciem
1086 904 1236 941 desecat
1268 903 1424 950 impetu,

687 962 815 1000 Sancti
845 961 1016 998 membra
1045 960 1170 998 ferens
1201 960 1312 997 obvia
1341 958 1485 996 flumini

762 1019 895 1058 Undas
926 1022 1029 1055 retro
1060 1017 1293 1056 reverberat.

623 1126 659 1162 5.
691 1122 879 1159 Eductam
910 1119 1023 1157 fluvio
1055 1120 1173 1157 sensit
1202 1123 1242 1156 ut
1272 1118 1393 1165 arida,

690 1178 775 1215 Non
807 1188 941 1214 curans
973 1177 1091 1224 gelidi
1121 1175 1265 1223 frigora
1294 1175 1477 1222 temporis

693 1235 815 1271 Vestit
847 1238 982 1270 cuncta
1012 1233 1118 1270 novis
1149 1233 1251 1270 illico
1282 1231 1438 1270 floribus

767 1291 917 1329 Mutata
947 1289 1044 1327 facie
1078 1289 1160 1327 soli.

624 1396 661 1432 6.
695 1395 775 1431 Iam
807 1392 911 1430 caelo
942 1391 1125 1436 residens,
1158 1401 1179 1427 0
1211 1395 1320 1437 pater
1347 1389 1500 1438 optime⁷

689 1450 839 1487 Divinis
871 1448 1031 1485 famulos
1061 1447 1187 1484 imbue
1217 1447 1369 1494 regulis⁷

691 1509 906 1553 Angustum
937 1515 1006 1552 per
1039 1504 1112 1540 iter
1143 1504 1327 1540 scandere
1357 1502 1521 1550 largiens

772 1564 885 1601 Dona
915 1572 1031 1608 regna
1060 1560 1252 1608 perennia.

631 1667 664 1705 7.
699 1666 924 1703 Cunctorum
959 1665 1154 1702 dominans
1185 1663 1467 1712 omnipotentia,

696 1726 798 1768 Quae
830 1722 877 1759 de
908 1722 998 1758 sede
1029 1721 1106 1768 poli
1138 1720 1324 1766 conspicis
1355 1719 1490 1768 omnia,

696 1779 928 1817 Psallentum
958 1778 1109 1825 placide
1140 1777 1289 1824 suscipe
1320 1776 1467 1814 cantica

774 1835 893 1885 Votis,
926 1846 1017 1873 voce
1046 1834 1254 1882 precantia.

458 1939 599 1981 Antiph.
626 1949 689 1969 ms.
715 1936 959 1969 Conchacense
985 1946 1074 1968 saec.
1102 1932 1190 1966 ¹⁰!11.
1228 1933 1310 1966 Cod.
1336 1934 1487 1965 Parisin.
1505 1934 1618 1964 Nouv.
1645 1943 1718 1974 aeq.
1743 1929 1820 1963 443.
1845 1930 1922 1963 add.

0 2005 17 2019 ,fa
369 1995 458 2017 saec.
486 1982 537 2015 12.
564 1985 603 2015 A.
630 2001 672 2005 ——
698 1983 825 2024 Hyrnn.
852 1993 914 2013 ms.
940 1980 1240 2013 Hermetisvillan.
1266 1980 1349 2010 anni
1377 1977 1472 2011 1553.
1520 1979 1603 2011 Cod.
1632 1978 1787 2010 Griesen.
1813 1974 1866 2008 23.
1884 1977 1920 2008 Β.

0 2020 13 2074 g}
369 2047 408 2052 —
431 2032 529 2062 Brev.
555 2028 849 2061 Fontebraldense
875 2029 956 2069 imp.
975 2028 1121 2058 Parisiis
1142 2023 1238 2057 1545.
1257 2026 1295 2057 C.
1313 2044 1352 2047 —
1373 2024 1628 2061 Clichtovaeus,
1646 2022 1921 2055 Elueidatorium

0 2078 13 2129 {2
369 2074 840 2152 Eeessesmgtifflffbpfaffiiis
868 2070 963 2104 1548.
991 2074 1004 2104 I
1032 2084 1062 2149 pl.
1089 2068 1165 2124 242.
1191 2071 1234 2101 D.
1261 2088 1304 2091 —
1328 2071 1444 2147 Mssgne
1470 2071 1535 2101 PP.
1560 2070 1631 2101 LL.
1658 2066 1732 2145 1189,
1761 2064 1856 2099 1520.
1880 2065 1921 2119 E.

0 2145 17 2207 {ff
373 2125 550 2199 Berictlricti
569 2130 761 2207 lIJIJPmnusfc
766 2129 843 2195 uiegs
854 2118 1063 2196 {iictorgi'ilit
1082 2119 1159 2195 Igieut‘
1169 2126 1227 2193 τῖΐ
1225 2120 1242 2192 st
1246 2116 1352 2193 1{Tacui
1361 2172 1377 2192 r
1386 2173 1397 2192 1
1408 2165 1420 2192 t
1431 2163 1441 2192 i
1450 2117 1768 2202 υέἷῌοέὲῗιὲῗῃῗῑζῗὲ
1771 2114 1923 2190 ῗὲἓὲξὲ

371 2212 469 2251 bilis,
504 2212 611 2243 abbas
645 2211 907 2248 cluniacensis,
934 2213 976 2251 ‚et
1008 2210 1136 2241 virtute
1169 2211 1202 2239 et
1236 2207 1392 2239 doctriua
1425 2203 1659 2238 clarissimus“
1695 2204 1738 2244 C3
1777 2203 1924 2246 „Auctor

369 2259 491 2290 Petrus
517 2253 756 2288 Venerabilis“
784 2255 826 2286 D.

662 2379 744 2414 259.
780 2378 860 2419 (10.)
895 2377 1068 2421 Hymnus
1095 2377 1141 2411 de
1168 2386 1200 2411 s.
1227 2375 1357 2410 Maria
1380 2374 1633 2417 magdalena.

391 2475 425 2513 1.
459 2473 710 2521 Magdalenae
738 2472 883 2510 Mariae
914 2470 1057 2507 meritis
1200 2472 1236 2509 3.
1270 2469 1441 2506 Christus
1473 2479 1555 2505 eam
1585 2467 1657 2504 sibi
1689 2467 1877 2505 consociat

457 2530 598 2578 Magna
630 2529 710 2566 dies
741 2529 853 2565 micat
881 2532 917 2565 et
940 2526 1112 2572 celebris,
1268 2526 1319 2563 Et
1348 2525 1529 2572 genitoris
1559 2525 1597 2562 in
1627 2534 1714 2562 arce
1743 2525 1856 2570 locat,

459 2586 604 2624 Laudet
621 2586 658 2623 in
675 2586 746 2623 hac
762 2585 908 2623 Mariae
924 2584 1112 2622 dominum
1270 2582 1381 2630 Spem
1414 2582 1560 2618 miseris
1590 2581 1760 2618 tribuens
1779 2581 1919 2626 veniae,

459 2643 662 2690 Angelicus
694 2642 829 2679 chorus
853 2646 890 2678 et
910 2641 1112 2678 hominum.
1268 2639 1364 2676 Dum
1386 2639 1568 2675 miserans
1587 2638 1651 2675 dat
1667 2649 1747 2675 eam
1765 2637 1920 2675 Mariae.
1967 2657 1972 2663 ·
2015 2665 2019 2672 .

391 2749 428 2786 2.
462 2746 623 2783 Carcere
653 2744 774 2782 libera
805 2753 998 2792 corporeo,
1200 2746 1236 2779 4.
1271 2741 1441 2788 Namque
1462 2741 1578 2788 pedes
1595 2740 1746 2778 Domini
1762 2738 1923 2777 lacrimis

461 2802 670 2849 Splendida
702 2801 840 2837 lumine
872 2801 1018 2837 sidereo
1271 2799 1434 2835 Laverat
1450 2797 1790 2835 haeclacrimando
1801 2794 1922 2844 nimis,

463 2859 611 2897 Deserit
645 2858 769 2895 exsilii
802 2857 977 2894 tenebras
1271 2855 1341 2893 His
1371 2866 1439 2892 sua
1460 2854 1618 2892 crimina
1640 2857 1774 2891 cuncta
1794 2853 1922 2890 lavans

462 2918 586 2962 Atque
616 2915 744 2952 domos
775 2915 854 2952 adit
887 2914 1094 2952 aethereas.
1275 2912 1449 2959 Vanaque
1480 2911 1617 2959 gaudia
1647 2909 1772 2948 flendo
1801 2909 1919 2958 pians.
1957 2944 1962 2948 ,
2011 2940 2014 2953 ,
