2031 3289
257 327 304 363 10
320 335 353 362 a.

258 794 353 832 lla.

396 324 568 362 Christus
601 323 764 361 chrisma

451 380 732 426 paradisiacum

393 437 500 474 Misit
531 437 576 486 ei,

454 503 535 530 cum
568 492 802 530 Parisiacum

393 549 533 596 Regem
565 549 646 586 Deo

451 605 617 642 sacravit
649 616 722 642 una
753 616 836 642 eum

507 661 623 708 Regis
652 661 801 707 militia,

395 791 425 829 O
456 791 691 828 Francorum

451 847 573 894 gentis
603 847 788 894 apostole,

395 904 517 950 Super
547 914 603 950 ea,

450 971 560 1007 quam
593 960 673 997 Deo
703 959 834 997 subole

396 1017 582 1054 Lucratus
614 1027 666 1063 es,

452 1072 588 1110 affectu
619 1072 778 1110 condole

507 1129 663 1166 Paterni
694 1129 859 1177 pectoris

595 1195 620 1203 κ

321 1284 332 1297 ι
348 1291 355 1299 .
398 1261 536 1298 Sancte
566 1262 677 1306 pater

454 1320 492 1352 et
521 1314 762 1362 venerabilis,

394 1372 517 1420 Digne
548 1371 702 1418 praesul

456 1432 494 1465 et
523 1427 773 1476 admirabilis,

397 1486 492 1523 Esto
524 1485 688 1521 clemens

454 1546 490 1578 et
521 1540 756 1579 exaudibilis

512 1597 603 1635 Tuis
634 1597 881 1644 supplicibus,

992 210 1073 250 522

1072 326 1122 364 10
1140 324 1176 364 b.
1208 324 1386 361 Inimicos

1269 380 1388 417 crucis
1419 390 1649 429 exsuperans

1209 437 1261 474 Et
1291 437 1471 484 sanguine

1269 493 1412 531 Christi
1443 491 1727 541 confoederans,

1213 549 1422 587 Generatos

1267 606 1379 643 morti
1410 616 1637 653 regenerans

1325 662 1387 699 Ad
1419 661 1518 699 vitae
1549 663 1730 711 praemia.

1074 791 1117 829 11
1141 791 1177 829 b.
1210 791 1261 829 Et
1290 792 1328 828 in
1361 791 1470 828 huius

1267 848 1398 885 mundi
1428 846 1627 895 naufragio

1211 905 1458 943 Fluctuantes

1267 965 1353 998 tuae
1383 961 1539 1008 remigio

1213 1017 1432 1056 sanctitatis

1269 1072 1398 1111 refove
1429 1073 1566 1121 gaudio

1327 1129 1488 1177 Superni
1519 1128 1668 1167 littoris.

1074 1262 1124 1300 12
1144 1260 1180 1300 b.
1212 1260 1264 1298 Ut
1295 1269 1365 1307 per
1394 1259 1464 1296 tibi

1271 1326 1487 1353 concessam
1517 1315 1676 1362 gratiam

1214 1373 1328 1420 Apud
1362 1372 1504 1410 Christi

1270 1428 1572 1466 misericordiam

1217 1485 1393 1522 Invenire

1272 1542 1457 1588 possimus
1487 1541 1632 1579 veniam

1331 1598 1482 1635 Nostris
1514 1597 1742 1635 excessibus.

347 1727 412 1768 Ep.
438 1728 465 1759 Ι.
494 1745 537 1749 -
565 1726 767 1758 Reverendo
794 1727 884 1767 patri
910 1737 951 1758 ac
975 1726 1114 1759 domino
1141 1727 1306 1765 Henrieo,
1335 1727 1519 1758 Remorum
1545 1725 1816 1767 archiepiscopo.

215 1805 218 1807 ,
255 1790 300 1794 ——
317 1773 382 1804 Am
401 1772 585 1804 Schlusse:
615 1772 676 1813 „ln
701 1772 800 1802 cuius
825 1770 956 1804 honore
981 1773 1208 1804 sacratissimi
1226 1772 1371 1814 Deoque
1396 1772 1587 1813 gratissimi
1609 1771 1816 1802 confessoris

255 1819 428 1859 depictum
467 1817 550 1849 flore
589 1817 784 1858 rhythmico
822 1817 963 1849 facienti
999 1817 1101 1849 finem
1139 1817 1309 1859 epistolae
1348 1817 1522 1848 dictamen
1558 1814 1737 1848 adnecto“.
1774 1831 1817 1837 -—

255 1864 358 1894 Mane
383 1863 446 1901 ΙΙΙ,
472 1860 540 1894 490
564 1862 598 1894 ff.

347 1908 413 1940 Str.
446 1906 499 1939 4a
532 1908 602 1939 und
636 1908 656 1939 b
686 1907 772 1939 iiber
796 1908 921 1939 Rasur.
947 1925 990 1929 —
1015 1906 1086 1946 412,
1120 1906 1140 1939 2
1164 1908 1284 1939 Desub
1310 1907 1464 1938 dominio
1489 1904 1635 1947 (Mone),
1670 1908 1731 1938 mit
1757 1906 1816 1937 der

255 1955 354 1984 Anni.
389 1953 463 1994 „fiir
489 1954 551 1985 sub
577 1953 668 1985 nach
695 1952 772 1984 dem
798 1952 1074 1985 Franzosischen
1099 1953 1259 1992 dessons3
1294 1952 1349 1984 ich
1374 1952 1518 1994 glaube,
1552 1962 1632 1984 man
1656 1953 1817 1984 veru-eist

256 1999 420 2041 richtiger
445 1998 507 2030 auf
527 1998 593 2030 den
618 1998 849 2030 Hebraismus
875 1999 920 2030 im
947 1998 1107 2031 Officium
1133 1999 1168 2031 S.
1195 1998 1384 2031 Clementis
1409 1998 1522 2037 (Brev.
1540 1999 1638 2030 Rom.
1657 1998 1744 2029 Nov.
1764 1994 1815 2028 23.
1842 2025 1844 2027 .

256 2045 355 2075 Noct.
381 2045 397 2075 I
422 2044 525 2085 Resp.
554 2042 612 2084 l.):
641 2044 702 2085 „de
728 2044 792 2075 sub
817 2045 915 2075 cuius
941 2043 1027 2086 pede
1052 2045 1127 2075 fons
1151 2045 1254 2074 vivus
1279 2041 1450 2074 emanaffl.
1471 2060 1510 2063 —
1531 2041 1593 2083 4b,
1620 2041 1640 2076 3
1658 2043 1817 2085 Remigio

253 2088 392 2128 (Mene).
434 2106 472 2110 —
493 2087 554 2126 93,
583 2088 597 2120 1
619 2090 705 2121 Cum
722 2089 913 2131 flagrantis.
931 2106 974 2110 —
990 2086 1051 2128 9a,
1077 2086 1098 2120 3
1115 2088 1258 2121 Sedans.
1279 2107 1316 2110 —
1340 2087 1377 2120 11
1391 2098 1421 2126 a,
1446 2086 1468 2118 4
1485 2085 1614 2121 sobole.
1632 2106 1675 2110 —
1696 2086 1734 2119 11
1747 2088 1778 2125 b,
1797 2086 1818 2119 4

258 2135 416 2176 Remigio
441 2134 578 2173 (Mone).
605 2151 648 2155 —

262 2414 296 2451 1.

630 2290 712 2325 355.
749 2290 829 2332 (14.)
865 2290 922 2325 De
948 2299 1003 2326 ss.
1030 2290 1175 2326 Rufino
1203 2290 1244 2325 et
1269 2289 1449 2325 Valerio.

346 2413 388 2450 In
421 2413 492 2450 hoc
523 2423 631 2450 sacro
663 2413 858 2450 sollemnio

345 2465 531 2520 [Sollenni
563 2479 645 2506 cum
677 2466 896 2521 praeconio]

402 2525 552 2563 Laudes
584 2525 748 2573 regentis
780 2526 903 2563 omnia

399 2582 571 2619 Resultet
600 2582 638 2618 in
670 2582 831 2619 ecclesia

457 2638 625 2676 Modulis
656 2638 836 2688 laetitiae,

343 2695 412 2741 Qui
443 2705 512 2741 pro
544 2705 583 2731 se
614 2695 855 2732 militantium

342 2750 516 2788 Rufinum
551 2755 586 2788 et
620 2751 813 2788 Valerium

400 2807 588 2845 Donativo
619 2809 832 2845 muneravit

398 2864 445 2901 Et
479 2864 641 2901 victores
673 2864 874 2902 honoravit

453 2920 632 2958 Mercede
664 2921 857 2958 victoriae.

1075 2414 1112 2451 2.
1160 2412 1258 2449 Vere
1288 2421 1449 2458 namque
1479 2414 1565 2448 sunt
1595 2410 1756 2448 victores

1160 2467 1342 2505 Veritatis
1369 2472 1590 2514 assertores,

1216 2524 1286 2570 Qui
1316 2524 1483 2571 pretioso
1514 2524 1693 2571 sanguine

1215 2580 1317 2618 Fuso
1348 2591 1418 2628 pro
1450 2580 1590 2618 Christi
1620 2580 1769 2617 nomine

1273 2638 1487 2684 Purpurant
1520 2636 1730 2675 ecclesiam.

1160 2694 1283 2732 Claris
1314 2693 1456 2731 Romae
1486 2692 1675 2730 natalibus

1159 2750 1241 2789 Orti
1274 2749 1469 2788 Gallorum
1496 2749 1670 2796 gentibus

1215 2807 1336 2844 Deum
1376 2817 1502 2843 verum
1541 2805 1813 2852 praedicabant

1214 2863 1266 2900 Et
1297 2862 1423 2909 egenis
1454 2862 1660 2909 erogabant

1271 2919 1511 2957 Facultatum
1544 2918 1702 2966 copiam.

1987 1397 1995 1512 φὴ·
