1914 3223
176 226 214 263 9.
247 223 345 260 Hinc
375 223 540 260 traditur
571 220 761 259 ferocibus
966 224 1030 264 11.
1065 225 1117 261 Te
1149 224 1277 271 pronis
1308 234 1396 270 ergo
1428 222 1615 260 mentibus

303 279 520 316 Belluarum
550 279 750 328 morsibus,
1121 280 1387 327 Supplieantes
1420 280 1592 328 petimus,

247 335 369 372 Ferae
399 335 466 372 sed
497 335 765 372 indomabilem
1063 337 1141 374 Nos
1173 337 1306 383 culpae
1338 342 1487 373 nostrae
1518 336 1655 374 debitis

302 391 543 439 Deponentes
574 391 718 428 rabiem
1120 394 1210 430 Tuis
1242 393 1345 430 solve
1376 393 1521 429 meritis

250 448 421 485 Demissa
451 448 548 485 colla
579 449 737 485 caelitus
1065 450 1113 486 Et
1146 451 1347 486 electorum
1378 449 1546 486 coetibus

303 504 429 542 Sacris
459 504 615 541 flectunt
646 504 835 555 precibus.
1122 507 1249 544 Sacris
1281 506 1390 552 iunge
1421 505 1610 552 precibus,

151 607 217 646 10.
250 612 279 644 t)
311 605 448 644 lucifer
479 606 701 656 Hesperiae,
970 608 1035 646 12.
1069 607 1123 645 Sit
1159 608 1257 654 patri
1289 608 1370 645 laus
1401 607 1580 656 ingenito,

305 664 334 701 O
370 663 484 701 decus
515 663 710 709 ecelesiae,
1124 665 1216 701 Eius
1248 664 1452 714 unigenito,

248 719 338 766 Quis
370 723 434 757 tua
465 720 585 766 possit
615 720 740 757 omnia
1070 720 1124 757 Sit
1156 721 1351 767 utriusque
1383 720 1496 767 parili

306 777 483 814 Promere
514 776 744 827 praeconia?
895 791 897 793 ·
1123 778 1249 814 Decus
1281 788 1388 814 omne
1420 776 1574 822 flamini,

250 833 335 870 Non
366 833 460 871 haec
491 833 650 880 implere
679 833 846 882 nitimur,
1067 834 1181 870 Cuius
1211 845 1286 870 una
1318 834 1489 880 [utentia

305 889 380 927 Sed
411 890 611 937 gaudendo
643 890 840 929 vincimur.
1122 892 1263 927 Cuncta
1296 890 1391 938 regit
1421 890 1582 928 saecula.

227 995 341 1032 <ipera
365 1001 431 1022 ms.
454 991 548 1022 I’etri
568 991 731 1023 Damiani
758 1001 846 1023 saec.
875 989 925 1022 11.
953 1001 1004 1022 ex.
1043 991 1125 1023 eod.
1143 991 1304 1022 Vatican.
1323 991 1446 1023 L'rbin.
1464 989 1530 1023 503
1545 988 1638 1031 (149)
1660 991 1702 1021 A.

131 1056 174 1060 —
201 1037 319 1078 Migne
345 1036 366 1067 l.
393 1048 420 1068 e.
447 1034 513 1068 955
539 1047 588 1078 sq.
614 1038 653 1068 B.
679 1054 723 1058 -ν
751 1035 778 1074 1,
807 1035 822 1067 1
862 1036 1003 1068 Auratis
1028 1037 1169 1068 Domini
1197 1036 1339 1067 citharis
1364 1038 1402 1068 B.
1421 1053 1462 1058 —
1492 1034 1520 1076 1,
1545 1034 1565 1067 4
1590 1036 1702 1068 nobili

133 1083 172 1114 B.
198 1098 242 1102 —
266 1080 297 1121 4,
328 1080 343 1113 1
371 1082 552 1114 Caniimun
580 1083 617 1113 Β.
643 1099 687 1103 -
713 1080 742 1115 7,
773 1081 787 1113 1
816 1092 919 1113 carue
944 1082 983 1112 A.
1002 1099 1046 1103 —
1071 1080 1101 1120 S,
1128 1080 1147 1112 5
1173 1082 1228 1112 Fit
1252 1081 1408 1113 diversos
1434 1083 1546 1113 exitus
1572 1082 1619 1115 A}
1645 1082 1701 1113 Fit

127 1127 291 1159 diversus
330 1129 443 1159 exitus
471 1128 508 1159 B.
534 1145 578 1149 —
609 1126 647 1165 9,
680 1126 701 1158 4
726 1129 946 1169 Repouentes
973 1128 1011 1158 13.
1037 1146 1079 1150 -
1105 1126 1141 1165 9,
1175 1125 1194 1158 5
1221 1128 1375 1158 Dimissa
1400 1127 1472 1158 AB.
1509 1144 1554 1148 ——
1592 1124 1652 1166 lO,
1681 1126 1701 1157 5

130 1172 197 1205 hoe
224 1174 263 1204 B.
288 1190 332 1194 —
365 1171 416 1212 12,
441 1171 462 1204 2
487 1174 541 1205 sit
567 1174 641 1205 eius
666 1174 846 1215 unigenito
873 1174 920 1212 Ας
948 1174 1001 1204 δὴ
1026 1173 1129 1204 decus
1155 1173 1334 1213 unigenito
1362 1174 1398 1204 Β.

635 1322 690 1359 58.
725 1323 809 1366 (143.)
846 1324 895 1359 De
921 1324 1052 1359 sancta
1078 1322 1199 1359 Cruce.

300 1417 376 1457 ΒΟ.
420 1418 542 1457 Unica
572 1428 659 1465 spes
690 1418 895 1462 hominum,
928 1428 1034 1465 crux,
1066 1428 1087 1454 o
1119 1417 1335 1454 venerabile
1367 1418 1525 1465 signum,

467 1475 647 1513 Omnibus
679 1479 758 1512 esto
791 1475 906 1524 salus,
940 1475 1051 1512 unica
1081 1485 1168 1521 spes
1199 1475 1403 1512 hominum.

345 1578 382 1616 1.
414 1577 552 1614 Baiula
581 1581 623 1614 tu
653 1577 779 1626 pretii,
810 1576 911 1623 quod
941 1577 1072 1613 mundi
1101 1576 1230 1614 debita
1261 1577 1385 1625 solvit,

467 1635 546 1680 Quo
576 1633 714 1670 meruit
745 1633 893 1681 redimi,
923 1633 1051 1671 baiuia
1081 1638 1122 1670 tu
1153 1633 1278 1680 pretii.

343 1737 380 1773 2.
413 1737 577 1774 Tartara
606 1736 810 1774 victa.tuis
842 1736 1002 1783 spolium
1035 1746 1182 1772 cessere
1213 1735 1430 1782 triumphis,

466 1792 617 1840 Lugent
648 1793 800 1830 vexillis
830 1797 977 1830 tartara
1007 1793 1108 1830 victa
1136 1793 1222 1830 tuis.

345 1896 383 1934 3.
415 1895 556 1933 Pandis
579 1900 617 1933 et
639 1900 742 1932 astra
764 1895 850 1942 piis,
873 1895 1030 1942 proprio
1053 1905 1145 1941 quos
1168 1894 1343 1941 stigmate
1366 1894 1502 1941 pingis,

467 1952 545 1989 Das
578 1952 746 1999 requiem
778 1950 902 2001 fessis,
934 1952 1072 1998 pandis
1103 1956 1140 1988 et
1171 1956 1274 1988 astra
1304 1951 1389 1998 piis.

345 2045 383 2081 4.
419 2042 734 2092 Chirographum,
768 2042 876 2079 vetiti
908 2043 1054 2091 pepigit
1084 2042 1185 2089 quod
1217 2042 1340 2079 cautio
1375 2042 1478 2091 ligni,

469 2100 591 2137 Diluis
623 2104 660 2136 et
691 2100 793 2148 pomi
825 2100 1117 2147 chirographum
1148 2099 1267 2136 vetiti.

345 2192 381 2230 5.
418 2190 513 2239 Lux,
537 2190 666 2239 honor,
691 2190 901 2239 imperium,
924 2190 1018 2239 laus,
1043 2189 1177 2238 gloria,
1203 2189 1300 2226 doxa
1322 2200 1391 2235 per
1411 2199 1541 2226 aevum

467 2247 524 2285 Sit
557 2247 639 2297 tibi,
673 2248 771 2284 trine
803 2247 917 2295 Deus,
949 2248 1026 2294 lux,
1060 2247 1190 2297 honor,
1222 2246 1435 2293 imperium.

231 2339 350 2379 Migne
383 2337 405 2368 1.
438 2348 465 2368 c.
491 2334 566 2369 931.
592 2337 633 2368 A.
658 2354 701 2358 —
726 2337 942 2378 Lipomanus
967 2336 989 2367 1.
1016 2347 1043 2368 c.
1070 2333 1162 2368 348γ
1189 2337 1225 2367 Β.
1252 2354 1295 2358 -
1325 2334 1360 2373 1,
1400 2334 1414 2366 1
1442 2346 1460 2367 ο
1486 2335 1571 2367 fehlt
1596 2336 1635 2367 B.
1663 2351 1705 2356 —-

136 2380 169 2422 3,
195 2380 215 2414 2
245 2384 406 2425 stigmate
432 2384 550 2424 signas
578 2383 638 2414 AB
664 2393 776 2425 geg-en
801 2382 867 2414 den
892 2383 1003 2414 Reim.

620 2532 674 2569 59.
710 2533 791 2576 (44.)
827 2533 877 2568 De
903 2532 1019 2568 Beata
1045 2531 1163 2568 Max-ia
1188 2531 1229 2567 V.

226 2629 307 2668 ΒΟ.
349 2628 459 2666 Scala
490 2628 726 2674 thronusque
758 2628 843 2675 Dei,
875 2627 977 2665 nitor
1005 2627 1120 2675 orbis,
1152 2627 1264 2663 ianua
1296 2627 1402 2676 caeli,

414 2685 555 2734 Mater,
588 2695 670 2731 ave,
704 2684 858 2732 Christi,
892 2684 994 2721 scala
1024 2684 1255 2730 thronusque
1286 2683 1370 2720 Dei.

283 2777 318 2814 1.
350 2776 408 2813 Tu
439 2786 535 2813 nova
565 2775 676 2812 stella
705 2775 833 2824 maris,
867 2785 940 2822 qua
968 2774 1032 2811 lux
1064 2779 1119 2810 est
1150 2774 1300 2811 reddita
1331 2774 1456 2822 terris,

414 2833 530 2870 Ortus
563 2836 598 2869 et
631 2842 670 2869 es
701 2832 805 2882 solis,
839 2836 879 2868 tu
910 2841 1007 2868 nova
1038 2831 1147 2867 stella
1181 2831 1308 2869 maris.
