1914 3223
765 182 815 186 -—
875 159 956 199 :343
1018 183 1066 188 —-

985 274 1068 313 7.0
1100 275 1276 311 miserum
1309 286 1368 313 me
1400 275 1573 322 dixerim,

1096 331 1205 369 Omni
1239 331 1390 377 dignum
1422 331 1586 374 miseria,

1038 387 1135 424 Dum
1168 398 1365 436 cognosco,
1402 398 1499 434 quae
1530 387 1696 434 fecerim,

1092 445 1252 490 Quanta,
1286 445 1442 492 cotiens,
1476 445 1614 491 qualia,

1038 500 1166 546 Teque
1195 512 1216 537 a
1248 511 1305 537 me
1337 501 1560 547 proiecerim

1094 556 1143 593 Et
1174 563 1283 594 extra
1314 568 1396 594 mea
1426 558 1524 594 ostia

1036 612 1118 649 Nec
1149 613 1224 650 cito
1257 614 1513 651 revocaverim

1093 669 1314 716 captivatus
1345 671 1511 717 pigritia,

181 274 218 311 2.
252 272 341 309 Mea
372 273 495 320 culpa,
528 273 616 319 quia
645 273 699 309 tui

309 330 444 367 Parum
478 328 530 366 fui
562 329 797 377 recordatus,

252 384 299 423 Ut
332 396 491 433 quoque,
525 386 613 422 dum
643 385 832 432 profectui

306 441 395 478 Meo
425 440 552 479 fueras
584 443 757 489 donatus,

254 497 352 534 Proh
385 499 578 545 dolorque,
611 499 698 546 quia
729 497 782 535 fui

305 554 359 590 Te
389 555 487 592 scire
516 556 608 592 satis
639 555 823 605 hortatus,

249 611 498 658 Permaxime,
531 623 613 648 cum
644 612 772 649 studui

304 667 878 715 Multasscripturasscrutatus.

979 822 1016 859 8.
1036 820 1066 858 Ο
1097 822 1231 867 angele
1264 822 1494 870 dulcissime,

1091 877 1148 914 Tu
1180 876 1273 914 foris
1304 879 1440 914 ostium
1473 878 1600 916 stabas

1034 933 1097 982 Et,
1129 939 1171 970 ut
1203 935 1382 981 propriae
1413 936 1559 972 animae

1094 991 1354 1041 providerem,
1388 992 1658 1038 exspectabas;

1037 1047 1094 1084 De
1126 1052 1163 1084 te
1194 1048 1373 1085 curabam
1405 1049 1557 1085 minime

175 820 213 858 3.
247 819 318 863 En,
353 819 459 855 mitto
490 830 612 856 meum
644 820 832 870 angelum,

303 875 512 912 Dicebatur
542 877 632 913 mihi
665 877 825 923 pridem,

246 933 316 977 Qui
348 938 397 975 te,
431 932 521 968 licet
551 940 784 981 extraneum,

304 988 512 1025 Praecedet
534 995 748 1026 servantem
764 989 878 1028 fidem

245 1045 295 1082 Et
325 1046 374 1082 ad
408 1046 506 1082 diem
538 1046 742 1083 iubilaeum

304 1102 502 1150 Perducet,
535 1103 567 1139 si
598 1109 700 1140 tuum
729 1103 881 1150 quidem

247 1159 312 1196 Me
342 1159 436 1196 velis
467 1160 601 1196 timere
631 1160 766 1208 Deum,

305 1215 375 1260 Qui
397 1226 548 1262 semper
568 1228 648 1253 sum
665 1217 748 1263 ipse
764 1217 878 1257 idem.

202 1398 210 1407 .
243 1369 352 1406 Istud
390 1370 437 1407 de
467 1374 505 1406 te
536 1371 749 1416 expositum

1098 1104 1181 1141 Non
1210 1116 1397 1151 nunquam
1422 1105 1519 1142 ultra
1542 1106 1696 1144 octabas

1037 1162 1296 1207 Exspectante
1327 1161 1535 1207 verissime,

1091 1218 1219 1255 Monst
1227 1223 1344 1262 rante,
1355 1219 1453 1265 quod
1464 1230 1521 1255 me
1530 1219 1697 1258 amabas„

981 1370 1135 1418 9.Quid
1169 1371 1282 1417 digne
1311 1382 1381 1417 pro
1413 1371 1470 1407 his
1503 1370 1641 1418 facere,

1094 1427 1124 1465 Ο
1157 1431 1282 1464 custos
1313 1427 1398 1477 mei,
1432 1429 1569 1475 nescio,

1036 1484 1120 1521 Nisi
1152 1482 1242 1520 fiere
1274 1488 1311 1520 et
1347 1495 1496 1531 gemere

1094 1539 1281 1578 Continuo
1312 1541 1491 1588 suspirio,

1037 1596 1119 1634 Nec
1149 1598 1289 1644 poterit
1319 1597 1495 1634 sufficere

1092 1654 1206 1693 Fletu
1237 1665 1459 1701 quocunque
1488 1654 1615 1704 nimio,

1039 1710 1121 1748 Nisi
1155 1711 1354 1758 benignum
1386 1712 1548 1748 reddere

1094 1767 1148 1804 Te
1179 1768 1273 1804 velis
1304 1768 1392 1804 mihi
1426 1768 1587 1807 conscio.

301 1427 346 1463 In
378 1422 460 1463 ineo
493 1426 572 1463 vidi
604 1427 760 1476 somnio,

250 1482 308 1519 Tu
339 1493 380 1519 es
410 1483 486 1520 dux
517 1482 566 1520 ad
597 1483 854 1530 praepositum

308 1539 540 1577 Placandum
572 1540 609 1576 in
640 1539 793 1589 iudicio,

249 1594 384 1633 Comes
415 1596 463 1633 ad
495 1596 586 1632 mihi
618 1596 785 1633 debitum

305 1653 433 1699 Ignem
465 1653 503 1690 in
534 1654 768 1701 purgatorio,

248 1708 475 1746 Praecessor
505 1710 554 1746 ad
586 1711 789 1756 gratuitum

303 1767 445 1804 Locum
475 1764 575 1803 facto
606 1767 743 1813 riagiO.

954 1928 1019 1965 10.
1038 1926 1097 1963 Ne
1126 1927 1242 1973 igitur
1273 1926 1463 1973 despicias

1094 1983 1344 2030 Indignanter
1374 1994 1433 2020 me
1464 1984 1639 2020 miserum

1036 2039 1117 2077 Nec
1147 2041 1385 2077 commissum
1418 2040 1560 2077 abicias

1091 2097 1260 2134 Mersum
1292 2098 1439 2145 gurgite
1470 2097 1667 2143 scelerum,

1035 2153 1111 2191 Sed
1141 2154 1282 2190 utinam
1313 2154 1490 2200 aspicias,

1090 2210 1197 2256 Quod
1207 2216 1243 2246 te
1251 2221 1438 2256 nunquam
1451 2210 1509 2247 vel
1517 2219 1696 2256 superum

1035 2267 1170 2314 Sprevi
1202 2272 1348 2314 patrem
1380 2266 1545 2304 familias

1090 2324 1164 2360 Per
1195 2325 1395 2371 cogitatum
1428 2334 1618 2370 asperum.

175 1926 213 1963 5.
247 1924 369 1962 Tuum
402 1929 459 1961 est
489 1935 548 1961 me
580 1925 770 1962 custodire

302 1981 347 2019 In
379 1981 450 2018 hoc
481 1982 631 2019 mortali
658 1983 822 2029 saeculo,

243 2038 279 2075 A
312 2039 494 2075 daemone
525 2039 728 2086 garandire

301 2096 411 2133 Meae
442 2095 574 2132 mortis
605 2096 784 2145 articulo,

243 2151 454 2189 Ostendere
485 2153 568 2189 loca
598 2153 678 2189 irae

301 2209 375 2246 Pro
407 2209 576 2255 quolibet
608 2209 769 2258 piaculo,

243 2263 307 2311 Et,
340 2275 386 2301 ne
417 2265 617 2313 offendam,
650 2265 812 2312 praeire,

298 2321 450 2360 Cadens
480 2322 518 2359 in
551 2323 745 2361 retiaculo.

951 2482 1016 2520 11.
1033 2481 1256 2519 Debilitatis
1288 2481 1431 2517 viribus

1088 2538 1140 2575 Et
1170 2537 1294 2584 sopita
1325 2537 1493 2584 potentia

1031 2594 1124 2631 Feci
1155 2594 1291 2631 malum
1325 2597 1361 2630 et
1391 2594 1520 2630 usibus

1089 2651 1204 2688 Malis
1235 2655 1272 2687 et
1302 2650 1528 2699 ignorantia,

1035 2707 1158 2754 Saepe
1187 2707 1356 2753 pensatis
1386 2707 1546 2753 actibus,

1089 2764 1211 2811 Saepe
1239 2763 1531 2810 inadvertentia‚

1030 2820 1106 2858 Sed
1147 2831 1334 2866 nunquam
1375 2821 1516 2866 spretis
1547 2819 1694 2867 legibus

1086 2876 1360 2923 Nunquamque
1392 2877 1638 2916 contumacia.

172 2479 210 2517 6.
239 2478 368 2515 Meum
388 2483 457 2527 est
487 2479 558 2516 tibi
588 2480 732 2517 servire

298 2536 435 2573 Procul
468 2534 596 2583 fugato
629 2537 732 2584 vitio,

242 2590 448 2628 Humiliter
477 2592 658 2629 oboedire

298 2648 456 2685 Monitis
487 2654 524 2685 et
555 2649 724 2696 consilio,

243 2704 297 2741 Te
328 2710 565 2751 praesentem
594 2716 744 2752 semper
764 2707 875 2756 scire,

300 2759 610 2807 Concernentem‚
643 2762 734 2809 quid
760 2761 871 2814 facio,

240 2817 292 2855 Et
322 2818 494 2863 protinus
526 2819 686 2867 resilire,

297 2873 381 2910 Nisi
414 2874 550 2912 decens
582 2876 629 2911 sit
661 2876 774 2914 actio.
