2031 3289
954 244 1009 248 >—
1067 222 1148 261 326
1207 245 1262 249 —

556 334 722 372 Panibus
754 345 774 371 e
804 335 966 381 quinque
997 335 1151 372 satiavit
1183 336 1288 373 milia
1318 336 1494 382 quinque,

557 393 698 428 Ventos
730 391 889 435 sedavit,
926 402 1029 428 mare
1061 402 1128 428 ceu
1158 392 1298 428 siccum
1329 392 1560 442 peragravit,

558 448 721 495 Linguas
753 451 938 484 mutorum
969 447 1073 484 iussu
1104 448 1211 485 verbi
1242 449 1437 496 reseravit,

460 505 510 541 30
556 505 679 541 Aures
707 504 906 540 surdorum
938 510 1049 550 sputo
1081 508 1202 541 tactas
1234 505 1439 551 reparavit,

556 560 699 596 Febres
730 559 945 596 morborum
977 565 1179 606 quartanas
1211 572 1324 607 porro
1357 560 1514 608 fugavit.

555 616 664 653 Talia
694 621 780 663 post
809 617 928 663 signa,
960 621 1044 663 post
1075 617 1167 653 haec
1196 618 1402 663 signacula,
1423 617 1538 664 digna

557 672 697 719 Sponte
728 684 795 709 sua
827 673 986 720 capitur,
1017 672 1247 720 crucifigitur
1278 678 1314 710 et
1345 674 1540 720 sepelitur.

556 730 628 766 Ast
657 730 695 765 in
727 734 847 765 morte
879 740 946 766 sua
976 729 1031 766 sol
1062 729 1298 766 subtrahitur
1329 740 1476 776 quoque
1506 730 1609 769 luna.

459 786 509 823 35
557 785 629 832 En,
661 786 727 822 lux
761 786 861 822 illius
893 791 948 822 est
980 785 1087 822 nobis
1119 791 1202 823 orta
1234 787 1320 836 diei,

558 842 676 887 Quam
707 840 797 878 fecit
828 842 1023 889 Dominus,
1055 845 1168 889 typus
1199 848 1376 881 aeternae
1406 842 1561 889 requiei,

556 899 603 936 In
634 909 706 945 qua
738 909 805 934 ceu
836 897 945 935 fortis
972 899 1031 935 leo
1062 899 1153 935 vicit
1183 900 1311 936 debita
1342 899 1473 936 mortis

555 955 682 1001 Atque
713 955 789 991 suis
822 956 923 992 visus
955 960 1012 991 est
1045 955 1194 991 dilectis
1225 956 1417 993 redivivus

560 1012 660 1060 Post,
693 1012 837 1057 primus
869 1012 1013 1057 primae
1044 1013 1219 1057 peccanti
1250 1013 1372 1058 primo
1405 1012 1563 1061 Mariae,

460 1068 512 1105 40
560 1067 759 1106 Fratribus
791 1068 951 1104 undenis
983 1073 1068 1114 post
1101 1069 1169 1104 hac
1201 1079 1371 1105 maerore
1404 1068 1572 1115 repletis,

557 1123 771 1163 Informans
802 1125 888 1161 illos
917 1125 1125 1170 scripturas
1158 1125 1272 1162 corde
1302 1125 1476 1173 pusillos,

559 1181 744 1218 Gentibus
775 1185 816 1217 ut
846 1181 958 1227 plane
988 1181 1128 1217 scirent
1158 1181 1244 1218 illas
1273 1191 1454 1218 reserare.

558 1238 672 1287 Ecce,
705 1242 958 1285 resurgentem
991 1238 1213 1274 sollenniter
1242 1239 1536 1275 omnitenentem

558 1294 723 1331 Laetitia
754 1295 871 1330 multa
901 1294 1057 1330 laudant
1089 1295 1284 1331 nascentia
1315 1298 1462 1332 cuncta.

461 1352 513 1389 45
561 1351 705 1388 Cuncta
736 1355 866 1387 carent
895 1351 1011 1398 luctu,
1044 1355 1188 1397 segetes
1221 1355 1382 1388 vernant
1411 1351 1524 1388 modo
1550 1349 1689 1399 fructu,

562 1407 746 1444 Producit
774 1405 886 1443 flores
918 1408 1042 1443 varios
1075 1418 1120 1444 ex
1151 1418 1254 1444 more
1285 1408 1430 1444 colores

563 1464 622 1501 De
653 1468 756 1500 terra
786 1464 862 1500 late
892 1468 993 1500 tersa
1024 1464 1121 1500 nivis
1151 1464 1370 1510 asperitate.

562 1520 739 1558 Carmina
768 1531 866 1557 nunc
896 1520 1008 1567 plena
1040 1520 1240 1558 dulcedine
1272 1521 1338 1557 dat
1368 1520 1598 1570 philomena,

559 1577 668 1613 Nunc
699 1577 754 1613 sol
785 1581 823 1613 et
850 1577 940 1614 luna
968 1577 1166 1623 perlucent
1197 1577 1336 1614 clarius
1367 1588 1452 1623 una,

464 1635 515 1672 50
561 1633 774 1670 Herbarum
806 1633 926 1669 vellus
958 1633 1135 1680 producit
1164 1632 1301 1670 florida
1332 1634 1458 1672 tellus,

560 1690 663 1736 Ergo
692 1690 766 1736 die,
800 1688 950 1733 fratres,
984 1689 1054 1726 hac
1085 1691 1315 1727 exsultemus
1347 1690 1506 1735 alacres,

563 1747 686 1783 Instat
715 1757 810 1792 quae
842 1745 1001 1792 fulgens,
1032 1746 1070 1782 in
1101 1757 1174 1792 qua
1203 1747 1250 1783 de
1280 1751 1400 1783 morte
1431 1757 1631 1793 resurgens

561 1803 697 1840 Mundi
728 1803 906 1849 salvator,
937 1813 1048 1839 verus
1079 1803 1181 1840 vitae
1212 1807 1421 1851 reparator,

567 1859 754 1897 Caelestis
785 1859 892 1896 nobis
923 1857 1105 1905 patefecit
1135 1859 1209 1896 iter
1239 1859 1415 1906 regionis,

467 1917 517 1954 55
564 1917 681 1953 Totus
712 1916 896 1953 iucundus
925 1916 975 1952 sit
1004 1927 1075 1962 per
1104 1916 1169 1962 pia
1198 1916 1337 1963 gaudia
1367 1916 1540 1966 mundus,

563 1972 801 2010 Coniubilent
832 1973 954 2010 sancti
984 1973 1094 2009 simul
1125 1973 1292 2009 Alleluia
1322 1973 1482 2013 tonanti,

427 2065 514 2105 Opp.
542 2067 676 2105 autogr.
703 2062 865 2094 Othlonis
889 2062 1142 2093 Emmeramen.
1169 2072 1258 2093 saec.
1288 2060 1337 2093 11.
1387 2062 1472 2094 Clm.
1498 2063 1679 2093 Monacen.
1707 2058 1833 2093 14490.
1851 2077 1893 2082 —

337 2109 509 2140 Zusehrift
533 2119 602 2140 von
627 2107 772 2139 anderer
797 2107 919 2147 Hand,
950 2108 1032 2139 aber
1057 2109 1119 2138 mit
1142 2109 1237 2139 einer
1262 2108 1467 2146 Korrektur,
1493 2108 1549 2139 die
1574 2107 1695 2139 Othlos
1722 2106 1826 2138 Hand
1851 2116 1893 2137 zu

338 2157 411 2186 sein
438 2155 581 2185 scheiut.

540 2287 622 2323 253.
654 2287 712 2330 (6.)
749 2287 895 2323 Versus
921 2295 1041 2330 super
1066 2286 1315 2330 sequentiam
1341 2285 1472 2321 sancti
1499 2285 1694 2330 Spiritus.

601 2370 706 2407 Assit
735 2370 809 2406 iam
837 2369 944 2406 nobis
977 2369 1176 2406 clementia
1207 2369 1363 2415 spiritus
1396 2369 1496 2418 almi,

595 2428 697 2473 Quae
727 2426 799 2462 sibi
832 2436 896 2462 cor
927 2429 1095 2462 nostrum
1128 2424 1243 2462 faciat
1272 2425 1477 2462 consistere
1508 2425 1700 2474 templum,

593 2483 801 2529 Expellens
832 2482 921 2519 inde
953 2488 1192 2528 peccatorum
1224 2493 1340 2528 genus
1371 2493 1493 2521 omne.

595 2539 758 2586 Spiritus
789 2539 900 2581 alme,
933 2539 1016 2575 veni
1048 2550 1115 2575 nos
1147 2543 1185 2575 et
1216 2538 1372 2584 dignare
1404 2538 1513 2585 tueri,

527 2600 547 2635 5
596 2596 674 2633 Fac
705 2597 837 2642 procul
870 2595 1079 2632 horrendas
1112 2595 1159 2632 de
1189 2601 1318 2632 nostro
1351 2595 1463 2631 corde
1495 2594 1682 2632 tenebras.

595 2653 651 2689 Tu
683 2652 898 2689 consolator
929 2655 965 2687 ct
996 2663 1113 2698 purae
1148 2652 1283 2688 mentis
1315 2656 1471 2697 amator,

595 2708 701 2747 lnfer
732 2709 895 2745 chrisma
926 2712 1027 2745 tuum
1060 2709 1223 2745 clemens
1254 2709 1291 2745 in
1323 2713 1477 2754 pectora
1509 2707 1690 2747 nostrum.

598 2766 653 2802 Tu
685 2777 833 2812 quoque
864 2769 1080 2802 cunctorum
1113 2765 1315 2801 mundator
1345 2764 1582 2812 flagitiorum,

594 2823 800 2860 Mundatos
832 2821 992 2858 hominis
1023 2821 1151 2858 oculos
1183 2819 1244 2858 fac
1275 2821 1485 2870 interiores,

502 2881 550 2917 10
599 2879 650 2917 Ut
679 2879 734 2915 sic
766 2879 962 2915 caelestem
995 2889 1204 2914 mereamur
1236 2888 1390 2914 cernere
1420 2882 1578 2925 patrem,

598 2937 713 2980 Quem
746 2939 901 2981 possunt
934 2934 1032 2971 oculi
1064 2935 1245 2971 iustorum
1279 2944 1432 2970 cernere
1462 2933 1545 2971 soli.
