1914 3223
78 273 143 312 10.

72 994 136 1036 11.

70 1719 133 1758 12.

72 2252 137 2290 15.

691 182 739 186 —
799 159 879 200 381

179 271 231 311 Ut
259 273 435 319 fraymen
465 272 560 309 mali
584 272 725 319 pwnici

173 328 239 366 Ita
267 340 388 375 yemte
417 332 508 366 tuae
536 329 627 365 milii

231 385 371 422 Factae
385 391 467 422 sunt
480 386 515 421 in
526 385 804 432 respondendo,

175 441 270 478 Nam
305 442 339 478 vi
370 442 475 478 verbi
506 442 667 488 angelici

174 498 236 535 Sic.
278 509 342 534 cor
373 504 474 534 tuum
508 496 686 545 frangens
719 499 804 545 vici,

228 555 334 600 Quod
367 555 456 591 mini
489 555 725 592 oboediendo

172 610 440 659 Respontlisti,
480 612 579 657 quod
611 611 805 658 implendo

174 667 280 703 Velle
312 679 444 716 mcum,
480 668 750 715 congaudendo

231 724 390 760 Volebas
422 724 513 760 mini
544 725 664 762 subici

171 780 314 827 Sciens,
348 781 447 827 quod
480 781 728 827 concipiendo

168 837 234 875 Me
263 841 375 883 atquc
407 838 653 883 parturiendo

226 894 341 941 Virgo
372 898 522 940 poteras
556 894 699 940 perfici.

168 995 322 1041 Absque
353 1006 406 1040 eo,
439 996 542 1041 quad
571 996 685 1032 tacite

166 1051 408 1089 Inlriwsecus
439 1052 660 1089 abscondite

226 1108 338 1146 Latet
367 1109 404 1145 in
436 1109 519 1145 sinu
553 1109 717 1157 nwntali,

170 1164 233 1202 Sic
263 1176 484 1202 succurrere
516 1166 688 1212 perditae

169 1222 238 1260 Ovi
270 1232 375 1258 meae
406 1228 441 1258 et
473 1223 638 1259 traditae

224 1278 420 1325 Supplicio
451 1279 651 1325 gehennali

170 1335 331 1372 Voluisti
361 1340 398 1371 te
428 1336 536 1372 totali

168 1391 282 1439 Signo
315 1402 495 1438 expresso
528 1393 649 1429 vocali

222 1448 410 1494 Exposita
445 1449 624 1495 explicite

166 1505 378 1542 Provisioni
411 1505 529 1552 regali

167 1562 263 1599 Voto
294 1562 532 1598 intentionali

221 1619 276 1655 Te
306 1629 522 1665 supponens
554 1620 729 1666 gratuite.

164 1720 275 1759 Sicut
304 1721 423 1758 turris
454 1721 674 1767 spectabilis

162 1777 308 1823 David,
342 1776 452 1814 fortis
484 1783 519 1814 et
551 1778 701 1825 nobilis,

207 1833 370 1872 *Collum
404 1838 513 1872 tuum
543 1835 746 1880 invenitur,

168 1890 242 1927 Per
271 1891 370 1939 quod
402 1902 548 1938 pauper
578 1897 615 1927 et
646 1892 798 1930 humilis

165 1948 200 1984 A
231 1952 268 1984 te
299 1952 354 1983 est
387 1947 618 1994 receptibilis

222 2004 273 2041 Et
304 2004 454 2051 recipit,
485 2006 584 2051 quod
614 2005 795 2055 largitur3

502 2152 529 2190 C
545 2152 742 2190 hristus
782 2153 841 2191 ad

168 2253 198 2291 Ο
231 2253 372 2290 dilecta
403 2254 574 2300 ecclesia,

165 2309 257 2346 Duo
289 2310 406 2347 ubera
439 2311 565 2348 dulcia

221 2367 310 2404 Tua
343 2367 519 2404 dicuntur
550 2370 715 2404 rectores

163 2422 261 2469 Duo,
293 2424 356 2470 qui
383 2424 608 2470 temporalia

163 2479 314 2526 Regunt
345 2485 392 2528 et⁴
412 2481 613 2528 spiritalia,

223 2536 314 2573 Tam
327 2537 490 2574 minores
501 2548 610 2583 quam
622 2537 783 2574 maiores
796 2549 806 2587 3

166 2591 217 2628 Hi
248 2597 434 2639 tamquam
466 2593 661 2630 uberiores

167 2648 264 2685 Olim
295 2660 451 2695 pascere
482 2650 645 2687 minores

221 2704 398 2743 Solebam
431 2717 514 2743 cum
546 2707 756 2757 clementia,

164 2760 260 2798 Esse
290 2772 497 2809 pauperum
527 2767 672 2801 tutores

164 2816 216 2854 Et
245 2828 372 2855 eorum
405 2818 623 2857 defensores

221 2873 378 2921 Sumpta
408 2887 430 2913 a
461 2887 519 2913 me
550 2877 703 2915 vicaria.

868 630 955 696 ⁴13.

888 1383 953 1421 14.

885 2256 949 2295 16.

994 275 1177 320 Ecclesia,
1210 275 1306 311 sieut
1337 275 1469 315 scitur,

989 332 1102 377 Quasi
1135 332 1269 368 collum
1302 332 1495 369 stabilitur

1047 388 1119 425 Vel
1152 389 1367 437 uthcanalis
1399 388 1549 434 habilis,

991 445 1063 481 Per
1093 455 1201 490 quain
1234 445 1281 481 ad
1312 451 1348 483 te
1369 445 1623 491 pertransitur

990 500 1040 536 Et
1071 501 1118 537 atl
1152 501 1298 546 plebem
1331 502 1392 548 pie
1423 502 1510 550 itur,

1049 557 1142 593 lnnn
1186 563 1224 593 tu
1257 558 1300 594 tis
1333 558 1622 604 compassibilis.

989 661 1095 706 (guae
1126 662 1177 696 est
1208 671 1293 695 cum
1317 659 1622 706 propnqnaculss

991 713 1265 753 Defensoribus
1297 717 1439 752 sedulis

1048 772 1224 809 Primitus
1256 773 1462 819 aedificata

986 828 1036 865 Et
1068 829 1179 865 inodo
1212 830 1455 876 nugigerulis,

987 885 1087 923 Proli
1120 884 1239 930 dolor,
1272 886 1331 922 vel
1364 884 1562 922 infantulis

1044 942 1272 988 Saepissime
1303 942 1446 978 sociata

986 999 1055 1047 Ita,
1089 999 1188 1045 quod
1221 999 1295 1035 iam
1327 998 1519 1035 debellata

985 1054 1156 1091 Fortiter
1187 1060 1224 1091 et
1253 1055 1476 1101 impugnata

1043 1111 1323 1158 Subiacensque
1355 1111 1533 1158 periculis

986 1168 1231 1215 Nequaquam
1264 1173 1319 1205 est
1353 1168 1563 1216 defensata,

986 1226 1273 1271 Propugnacula
1305 1231 1482 1271 quassata

1042 1282 1148 1331 Sunt,
1182 1282 1326 1318 cunctis
1356 1286 1463 1330 patet
1484 1281 1617 1321 oculis,

985 1382 1098 1419 Mille
1128 1393 1172 1420 ex
1202 1394 1246 1419 ea
1277 1383 1382 1419 aurei

984 1439 1192 1485 pluresque
1216 1440 1388 1485 pendent
1418 1439 1528 1486 clipei

1038 1495 1330 1542 Amnum-aque
1360 1496 1521 1543 fortium

983 1551 1117 1590 Omnis
1149 1557 1182 1588 et
1215 1557 1301 1589 suut
1332 1553 1553 1590 Maccabaei

981 1609 1119 1647 Omnes
1150 1620 1220 1655 per
1250 1620 1344 1655 eam,
1377 1610 1441 1656 qui
1474 1609 1507 1646 ei

1038 1665 1147 1702 Nunc
1184 1664 1326 1702 faciunt
1359 1667 1612 1713 contrarium,

982 1722 1190 1759 Pessimum
1224 1729 1281 1758 est
1311 1723 1576 1760 commercium

983 1779 1137 1816 Sumere
1168 1778 1389 1816 beneficium

1037 1836 1089 1873 Et
1121 1836 1296 1872 ducatum
1328 1837 1423 1873 aciei

980 1893 1025 1930 In
1059 1893 1183 1929 dantis
1216 1893 1489 1939 praeiudicium

982 1949 1051 1985 Vel
1083 1949 1162 1985 eius
1195 1949 1451 1986 dam'nificium

1037 2006 1172 2042 Totum
1210 2006 1248 2042 in
1280 2010 1498 2055 contemptu
1530 2007 1616 2045 mei.

882 2153 1172 2191 ecclesiam.

983 2254 1093 2291 Nunc
1122 2255 1221 2292 sieut
1251 2256 1325 2292 duo
1356 2255 1513 2293 hinnuli

984 2311 1168 2359 Capreae,
1202 2313 1264 2359 qui
1296 2312 1343 2349 ob
1375 2312 1506 2359 pabuli

1040 2368 1197 2406 Causam
1231 2369 1354 2405 sciunt
1384 2374 1421 2406 te
1452 2381 1597 2420 sugere,

980 2425 1097 2463 Fiunt
1127 2426 1287 2462 necdum
1320 2425 1501 2475 edentuli,

983 2482 1076 2520 Cum
1107 2483 1275 2529 sugendo
1306 2488 1346 2518 ut
1376 2483 1514 2519 aemuli

1037 2538 1206 2575 Morsum
1239 2539 1359 2576 sciant
1391 2537 1574 2587 infligere,

980 2593 1139 2633 Gemelli
1168 2596 1292 2632 sciunt
1321 2606 1479 2642 pascere

981 2652 1030 2690 Se
1061 2657 1124 2688 tuo
1156 2652 1271 2698 duplo
1302 2652 1423 2689 latere

1037 2708 1110 2753 Sic,
1144 2709 1243 2755 quod
1275 2708 1561 2753 adulescentuli,

979 2765 1132 2802 Assueti
1163 2775 1374 2815 accurrere,

979 2821 1060 2859 Iam
1092 2832 1163 2858 non
1192 2821 1345 2869 habent,
1376 2833 1448 2869 qno
1470 2822 1611 2870 vivere,

1037 2877 1120 2914 Nisi
1152 2878 1260 2925 panis
1291 2878 1367 2914 sint
1396 2878 1581 2925 quaeruli.
