1914 3223
679 143 990 182 —115—

260 256 431 304 Namque
463 257 528 294 diu
559 257 728 294 la'crimis
759 267 909 306 pascor,
942 262 1163 304 noctemque
1197 256 1374 302 diemque

260 314 462 352 consociat
493 314 668 362 gemituS‚
701 313 822 350 tolero
855 314 942 350 dum
977 314 1078 351 dicta
1111 307 1315 362 ridentum,

259 370 324 407 Me
356 371 424 407 tibi
456 371 519 417 qui
552 371 679 407 vacuis
711 369 852 416 spebus
884 370 1047 407 servisse
1081 369 1265 408 ferebant.

260 427 363 463 Hinc
392 431 430 463 et
460 437 528 473 ego
560 426 669 463 laetis
700 432 844 463 maesta
873 427 972 463 inter
1002 427 1138 473 gaudia
1172 427 1267 463 votis

184 484 233 522 10
265 483 428 521 Afficior
458 487 635 530 totusque
669 483 796 520 anima
828 484 1041 520 exsultante
1073 483 1254 526 resolvor,

263 543 341 587 Spe
374 543 513 585 certus,
547 540 720 587 quoniam
755 540 962 577 venerandi
994 540 1123 577 limina
1156 539 1285 588 templi

260 597 462 644 Ingrediar
493 597 715 643 genitorque
748 596 801 633 tui
833 597 902 633 sub
935 597 1097 633 nominis
1127 597 1213 632 aula

264 654 440 691 Carmina
470 653 640 690 laetitiae
673 652 871 699 laudisque
903 664 1038 690 sonare
1069 653 1247 699 perennis

267 712 343 748 lum
378 710 487 746 liceat
520 709 699 756 fulvoque
732 710 852 756 lyram
885 719 1110 756 percurrere
1142 709 1301 756 plectro.

184 768 231 804 15
265 772 389 813 Quare
420 776 509 813 ergo
540 770 717 811 maestas,
750 777 854 802 mens
887 778 908 803 o
938 766 1187 813 gemebunda,
1221 767 1393 812 quzrelas

265 823 395 860 Yolvis
428 827 462 859 et
494 823 678 861 anxifcris
712 823 880 860 turbaris
912 823 1040 860 saucia
1072 822 1201 859 curis?

265 880 361 925 Quin
395 880 512 926 magis
544 891 566 916 a
596 880 760 917 Domino
792 880 908 916 vitam
941 890 1097 926 sperare
1129 884 1327 919 memento.

267 937 405 983 Credo,
438 936 523 983 pius
554 937 703 983 genitor
733 937 975 973 lacrimarum
1007 935 1160 973 flumina
1192 936 1322 982 siccet,

266 993 401 1030 Induat
434 998 470 1029 et
501 993 693 1039 placidum
728 992 1069 1030 dulcis-confessio
1102 993 1260 1032 vultum.

186 1052 238 1089 20
271 1050 368 1087 Nam
400 1060 505 1087 meus
536 1050 685 1086 interno
720 1050 887 1086 exundat
920 1050 967 1087 de
998 1054 1152 1096 pectore
1182 1050 1330 1098 luctus3

266 1107 392 1144 Mente
423 1107 564 1153 quippe
596 1107 649 1143 tui
682 1117 887 1143 memorem
920 1105 1025 1151 facit,
1057 1107 1155 1143 alme
1187 1111 1348 1156 creator,

269 1164 355 1209 lpse
387 1164 481 1200 situs
512 1164 672 1212 patriae,
707 1174 802 1210 quae
834 1163 994 1201 collibus
1025 1164 1191 1210 undique
1222 1163 1332 1200 laetis

268 1220 401 1259 Cincta
433 1220 540 1266 nitet,
571 1221 734 1257 mediam
768 1220 942 1257 Iordanis
975 1224 1011 1257 et
1040 1220 1149 1257 alluit
1181 1220 1283 1257 unda

268 1277 495 1319 Fecundans
529 1277 674 1323 patrios
706 1277 827 1314 vitreo
860 1277 906 1314 de
937 1278 1084 1324 gurgite
1116 1288 1283 1323 CampOS.

185 1336 236 1372 25
270 1334 383 1380 Ecce7
418 1334 492 1370 tuis
523 1334 660 1371 tumidi
691 1334 802 1370 iussis
836 1332 964 1370 fremit
995 1334 1168 1380 aequoris
1199 1338 1338 1377 aestus,

270 1390 454 1436 Spumeus
485 1390 598 1436 inque
630 1391 752 1427 vicem
784 1389 913 1427 fervor
944 1391 1135 1427 concurrit
1165 1390 1306 1438 abyssi,

272 1447 335 1483 Me
367 1447 561 1484 coniurato
593 1452 743 1484 certans
774 1457 833 1483 me
863 1447 1028 1493 perdere
1059 1446 1188 1492 fluctu,

272 1503 347 1540 Sed
379 1511 443 1540 tua
473 1504 677 1541 mandatur
707 1504 842 1550 pietas.
877 1515 973 1551 quae
1003 1504 1088 1541 luce
1120 1504 1195 1541 diei

272 1560 421 1598 Clarior
453 1571 472 1596 e
503 1561 658 1597 summis
688 1566 773 1598 atra
805 1561 873 1598 sub
906 1566 1015 1598 nocte
1046 1559 1222 1608 refulget.

189 1619 240 1656 30
273 1617 379 1654 Haec
408 1617 519 1654 labiis
552 1617 701 1667 clausis,
735 1618 803 1654 sed
835 1618 962 1655 cordis
994 1628 1086 1654 voce
1118 1616 1308 1664 frequenti

273 1674 470 1720 Deprecor
498 1675 708 1720 implorans
740 1678 830 1721 tete,
864 1686 952 1721 spes
982 1675 1094 1712 unica
1126 1675 1239 1718 vitae,

272 1732 341 1778 Qui
374 1741 444 1778 me,
475 1730 640 1778 inquam,
673 1731 775 1768 solus
807 1742 938 1768 sueras
971 1730 1178 1768 defendere
1209 1730 1255 1768 ab
1287 1730 1396 1767 hoste

274 1788 473 1834 Solarique
503 1788 588 1834 pius
618 1792 814 1828 maestum.
878 1790 989 1826 Nunc
1020 1799 1137 1835 quare
1169 1791 1328 1835 repente

272 1844 421 1881 Oblitus
453 1845 582 1881 miseri
613 1845 739 1882 vultus
771 1845 913 1882 avertis
946 1846 1083 1893 egenti,

193 1903 242 1939 35
278 1900 550 1948 Solivagusque
581 1912 702 1948 gemo,
735 1901 840 1939 dirus
873 1902 961 1939 dum
990 1901 1200 1949 praevalet,
1232 1900 1383 1938 hostis?

276 1958 347 2003 Qui
378 1968 460 1995 mea
492 1959 715 1996 decrucians
747 1959 883 1995 vinclis
906 1965 954 1995 set
985 1958 1143 1996 verbere
1175 1957 1357 2005 membra,

276 2016 439 2061 Insuper
470 2016 553 2063 ipsa
584 2013 666 2053 fero
697 2015 906 2053 bacchatur
934 2017 972 2053 in
1004 2026 1090 2053 ossa
1120 2013 1249 2052 furore

272 2071 579 2119 Exprobratque,
613 2073 667 2109 tui
700 2077 855 2109 cunctas
886 2073 1050 2111 lascivus
1080 2072 1121 2109 in
1152 2072 1266 2109 horas

275 2128 442 2176 Rclligio
474 2129 574 2176 quod
607 2140 713 2166 cassa
744 2129 823 2177 fiat,
856 2129 1074 2176 frustraque
1105 2128 1265 2176 perenni

192 2187 244 2224 40
277 2184 439 2222 Sedulus
470 2186 702 2232 obsequium
731 2186 906 2223 arderem
939 2185 1091 2224 deferre
1121 2185 1282 2223 tonanti.

276 2243 351 2280 Sed
382 2253 486 2289 rogo,
519 2243 611 2289 quid
638 2245 779 2290 tristes,
812 2243 939 2280 anima
968 2254 990 2280 o
1021 2242 1286 2287 tremebunda,
1321 2241 1490 2287 loquelas

280 2299 417 2336 Versas
450 2303 486 2336 et
517 2299 670 2346 stupido
702 2300 862 2336 variaris
892 2300 932 2337 in
959 2299 1073 2337 anxia
1104 2297 1291 2346 quaestu?

277 2356 480 2402 Desipiant
511 2357 625 2394 caeci.
659 2356 729 2393 tibi
760 2356 808 2393 sit
840 2367 927 2403 spes
957 2357 1068 2393 unica
1101 2356 1289 2403 Christus,

279 2413 419 2459 Terge‘t
449 2412 497 2450 ab
528 2413 593 2449 ille
624 2413 744 2450 oculis
776 2413 918 2450 luctum
951 2414 1131 2459 vultuque
1167 2411 1357 2450 ruborem.

197 2472 246 2508 45
280 2469 350 2514 Qui
381 2469 472 2506 mihi
503 2479 642 2516 perpes
671 2470 742 2506 erit
773 2470 888 2514 Deus,
921 2470 977 2506 illi
1008 2480 1126 2516 usque
1157 2479 1227 2515 per
1257 2479 1392 2505 aevum

279 2525 390 2563 Dona
421 2537 552 2563 canam
582 2527 738 2563 memori
769 2537 920 2573 semper
950 2525 1174 2573 replicanda
1207 2525 1340 2563 relatu.

168 2650 310 2681 Collect.
345 2659 408 2680 ms.
434 2649 664 2690 Sangallense
698 2659 788 2681 saec.
816 2647 868 2681 10.
918 2649 1002 2681 Cod.
1028 2649 1230 2691 Sangallen.
1268 2646 1344 2680 265.
1371 2648 1411 2679 A.
1429 2665 1471 2670 —
1499 2648 1642 2680 Collect.

78 2703 139 2725 ms.
165 2695 199 2727 S.
224 2694 407 2726 Michaelis
433 2695 660 2736 Bambergen.
687 2705 777 2726 saec.
805 2692 891 2726 ¹⁰1'11.
941 2694 1024 2726 Cod.
1057 2695 1286 2735 Bambergen.
1321 2695 1347 2725 Β
1378 2694 1413 2725 II
1449 2691 1499 2725 10.
1538 2694 1575 2725 B.
1601 2710 1644 2715 ——

80 2739 222 2772 Collect.
248 2751 309 2771 ms.
336 2740 549 2780 Tegurinum
576 2750 666 2772 saec..
694 2737 781 2771 ¹⁰l11.
831 2740 918 2772 clm.
944 2740 1125 2771 Monacen.
1155 2737 1276 2771 19413.
1301 2739 1338 2771 C.
1365 2756 1407 2760 —-
1434 2739 1563 2770 Homil.
1583 2750 1644 2770 ms.

80 2785 438 2817 Benedictohuranum
464 2795 555 2817 saec.
582 2783 637 2816 319.
688 2785 775 2817 Clm.
801 2786 983 2816 Monacen.
1009 2783 1109 2815 4547.
1136 2785 1213 2816 add.
1239 2795 1329 2816 saec.
1357 2782 1410 2816 11.
1438 2785 1480 2816 D.

168 2829 189 2862 2
215 2831 307 2863 alma
331 2832 373 2862 D.
399 2849 443 2852 —
468 2828 488 2861 6
514 2831 672 2872 Namque
698 2830 758 2862 diu
784 2828 935 2861 lacrimis
962 2840 1086 2871 poscor
1111 2831 1150 2861 B.
1175 2847 1219 2851 —
1245 2829 1263 2862 7
1292 2831 1379 2862 Cum
1405 2831 1515 2861 sociat
1540 2831 1581 2862 A.
1603 2848 1645 2853 —

81 2870 101 2906 8
133 2877 215 2917 quia
248 2878 284 2908 B.
319 2894 363 2898 —
395 2876 415 2908 9
448 2876 577 2918 gaudia
608 2876 701 2907 veris
734 2878 771 2908 (2.
805 2893 848 2898 --
885 2874 924 2907 10
957 2875 1099 2907 Affieiar
1129 2876 1241 2915 ACD3
1275 2875 1431 2908 resolvar
1466 2876 1568 2908 BCD.
1602 2892 1647 2897 -—

1387 2928 1437 2963 ὅ*
