1914 3223
295 268 362 306 20.

294 608 362 646 21.

295 948 359 985 22.

293 1289 359 1326 23.

292 1629 359 1666 24.

294 1971 359 2007 25.

717 177 771 181 —
835 129 913 194 1⁴39
974 178 1027 182 μ-

409 266 516 304 Haec
546 268 688 314 quippe
718 268 799 305 visa
831 267 1055 306 festinantes
1087 269 1232 316 poplite

408 325 570 362 Peracta
599 324 741 361 sanctis
774 325 953 362 dixerunt
984 326 1203 372 discipulis:

409 379 594 424 Surrexit,
627 391 727 429 ecce,
762 381 960 428 Dominus,
992 388 1032 418 ut
1065 383 1226 428 dixerat,

409 437 452 474 In
485 436 674 475 Gallilaea
704 438 842 474 montis
873 448 988 484 super
1020 439 1197 475 verticem

409 493 506 531 Illuc
537 498 667 531 euntes
700 505 765 531 vos
797 505 879 530 eum
912 495 1102 531 videbitis.

411 606 559 644 Cursim
592 610 776 643 venerunt
808 607 983 644 undecim
1017 607 1195 654 discipuli

408 664 451 700 In
484 662 723 710 Gallilaeam‚
756 664 820 700 sed
862 664 994 702 Petrus
1027 675 1072 702 ex
1104 665 1253 701 nomine

407 720 522 757 Venit
554 724 722 767 vocatus,
755 720 938 767 suavique
970 721 1133 758 Domino

406 776 691 822 Adoraverunt,
723 776 859 823 quibus
891 777 1025 814 vulnus
1056 778 1210 815 lanceae

408 833 585 872 Ostendit
616 837 729 879 atque
761 833 953 871 clavorum
987 834 1158 881 vestigia.

407 946 548 993 Magno
580 945 682 983 beati
713 951 800 983 sunt
831 947 950 994 gavisi
981 947 1119 994 gaudio

407 1003 619 1049 Omnesque
649 1014 806 1050 prorsus
838 1002 968 1040 felices
1002 1004 1202 1050 discipuli3

405 1060 566 1107 Quidam
600 1060 743 1096 labenti
777 1060 1000 1097 dubitabant
1032 1067 1198 1107 pectore,

406 1116 607 1155 Firmabat
637 1127 732 1153 unus
765 1117 950 1155 Thomas:
984 1117 1068 1154 Nisi
1101 1118 1232 1155 videro

410 1173 527 1210 Latus
558 1178 744 1222 apertum,
778 1185 853 1210 non
885 1174 1052 1221 credam,
1085 1185 1152 1223 per
1182 1175 1367 1213 lanceam.

381 1287 491 1323 -Nisi
521 1291 690 1324 sacratas
721 1285 862 1324 fixuras
891 1287 929 1323 in
959 1287 1131 1324 manibus

407 1344 590 1392 Tangam,
623 1342 800 1380 foderunt
833 1355 925 1390 quas
958 1344 1147 1381 clavorum
1180 1344 1316 1390 iacula,

409 1400 493 1437 Non
532 1401 696 1438 credam.
759 1400 864 1437 Iesus
898 1401 969 1447 cui,
1005 1401 1125 1437 dulcis
1157 1401 1354 1448 Dominus,

410 1458 610 1503 Palpanda.
641 1457 810 1493 membra
843 1458 1028 1493 concessit
1060 1457 1258 1503 continu03

407 1514 605 1562 Dominus,
637 1514 772 1561 inquit,
803 1525 906 1550 meus
939 1518 975 1550 et
1006 1514 1108 1551 Deus
1140 1524 1257 1554 meus,

406 1627 514 1664 Tunc
545 1626 642 1665 dixit
672 1627 769 1664 illis:
804 1628 883 1665 Pax
915 1626 1034 1676 vobis,
1068 1638 1126 1675 en,
1157 1638 1225 1674 ego
1256 1638 1361 1674 sum,

407 1684 537 1722 Omnis
571 1687 740 1730 potestas
771 1684 809 1720 in
843 1684 947 1720 caelo
979 1694 1061 1720 cum
1092 1684 1212 1731 gloria

406 1741 478 1778 Est
511 1741 602 1778 data
632 1740 737 1786 mihi,
770 1740 845 1777 fixo
877 1741 992 1777 corde
1024 1741 1181 1786 credite,

406 1798 450 1834 In
481 1801 586 1834 terra
617 1808 762 1835 summa
793 1801 975 1845 potestas,
1008 1798 1169 1835 victoria

405 1854 505 1892 Mihi
535 1854 704 1892 manebit
735 1865 806 1901 per
835 1859 990 1891 aeterna
1018 1855 1181 1892 saecula.

408 1967 485 2005 Cur
517 1967 624 2016 dicis,
657 1968 732 2004 alta
766 1967 837 2004 Dei
868 1967 1065 2015 sapientia,

406 2026 517 2063 Hanc
547 2035 628 2061 esse
659 2024 729 2061 tibi
760 2030 985 2071 potestatem
1019 2024 1211 2072 traditam,

406 2083 524 2128 Quam
555 2092 706 2128 semper
736 2081 854 2118 habes
886 2092 968 2117 cum
996 2086 1105 2128 patre
1134 2081 1380 2131 consimilem,

407 2138 546 2175 Datam
580 2139 648 2175 sed
681 2138 805 2174 carnis
837 2148 907 2185 per
938 2143 1111 2175 naturam
1143 2138 1345 2187 subditam,

407 2195 466 2232 De
498 2199 621 2232 matre
653 2199 784 2232 sancta
817 2205 926 2241 quam
960 2195 1096 2231 venisti
1127 2195 1305 2232 sumere?

407 2310 441 2346 A
473 2313 584 2356 patre
616 2307 706 2344 data
736 2319 810 2344 uon
844 2307 1013 2344 ereditur
1043 2308 1155 2345 aliter

408 2365 608 2413 Gignendo
637 2364 710 2401 nisi
741 2364 852 2401 modo
883 2363 1078 2412 ineffabili,

409 2422 508 2459 Nam
541 2432 692 2468 semper
721 2432 853 2467 aequa,
886 2431 1037 2469 semper
1068 2432 1223 2468 compar
1252 2421 1374 2468 gloria

411 2479 517 2516 Patri
549 2478 692 2524 tibique
724 2482 929 2524 sanctoque
961 2478 1111 2524 spiritui

409 2536 555 2581 Manet,
588 2539 769 2582 potestas,
805 2535 935 2579 virtus,
968 2535 1060 2583 laus,
1095 2534 1309 2582 imperium.

297 2659 303 2666 ·
357 2679 366 2687 .
410 2648 569 2696 Spirans
600 2648 638 2684 in
670 2658 733 2684 eos
763 2645 971 2684 insufflavit
1004 2647 1188 2694 protinus,

412 2707 603 2745 Sanctum.
636 2702 823 2751 profatur,
855 2703 1018 2750 accipite
1050 2704 1238 2750 spiritum,

409 2763 570 2800 Peccata
601 2772 758 2807 quorum
791 2760 988 2797 commissa
1020 2760 1224 2806 dimittitis,

409 2819 532 2856 Erunt
565 2818 734 2864 remissa,
767 2826 998 2863 quorumque
1028 2816 1219 2865 tenebitis,

410 2875 535 2912 Erunt.
566 2879 734 2918 retenta3
769 2873 825 2910 his
857 2873 1074 2920 praeceptis
1101 2873 1242 2911 edidit:
