<?xml version="1.0" encoding="UTF-8"?>
<!DOCTYPE html PUBLIC "-//W3C//DTD XHTML 1.0 Transitional//EN"
    "http://www.w3.org/TR/xhtml1/DTD/xhtml1-transitional.dtd">
<html xmlns="http://www.w3.org/1999/xhtml" xml:lang="en" lang="en">
 <head>
  <title>
</title>
<meta http-equiv="Content-Type" content="text/html;charset=utf-8" />
  <meta name='ocr-system' content='tesseract 3.04.00' />
  <meta name='ocr-capabilities' content='ocr_page ocr_carea ocr_par ocr_line ocrx_word'/>
</head>
<body>
  <div class='ocr_page' id='page_1' title='image "./hymnographilatin01drevuoft_0835.png"; bbox 0 0 1914 3223; ppageno 0'>
   <div class='ocr_carea' id='block_1_1' title="bbox 71 300 208 338">
    <p class='ocr_par' dir='ltr' id='par_1_1' title="bbox 71 300 208 338">
     <span class='ocr_line' id='line_1_1' title="bbox 71 300 208 338; baseline 0.029 -7"><span class='ocrx_word' id='word_1_1' title='bbox 71 328 74 331; x_wconf 76' lang='grc'>,</span> <span class='ocrx_word' id='word_1_2' title='bbox 136 300 208 338; x_wconf 64' lang='lat' dir='ltr'>(ia.</span> 
     </span>
    </p>
   </div>
   <div class='ocr_carea' id='block_1_2' title="bbox 133 569 203 607">
    <p class='ocr_par' dir='ltr' id='par_1_2' title="bbox 133 569 203 607">
     <span class='ocr_line' id='line_1_2' title="bbox 133 569 203 607; baseline 0 0"><span class='ocrx_word' id='word_1_3' title='bbox 133 569 203 607; x_wconf 84' lang='lat' dir='ltr'>7a.</span> 
     </span>
    </p>
   </div>
   <div class='ocr_carea' id='block_1_3' title="bbox 135 1010 206 1047">
    <p class='ocr_par' dir='ltr' id='par_1_3' title="bbox 135 1010 206 1047">
     <span class='ocr_line' id='line_1_3' title="bbox 135 1010 206 1047; baseline 0 0"><span class='ocrx_word' id='word_1_4' title='bbox 135 1010 206 1047; x_wconf 88' lang='lat' dir='ltr'>8a.</span> 
     </span>
    </p>
   </div>
   <div class='ocr_carea' id='block_1_4' title="bbox 136 1339 206 1377">
    <p class='ocr_par' dir='ltr' id='par_1_4' title="bbox 136 1339 206 1377">
     <span class='ocr_line' id='line_1_4' title="bbox 136 1339 206 1377; baseline 0.014 -2"><span class='ocrx_word' id='word_1_5' title='bbox 136 1339 206 1377; x_wconf 72' lang='lat'>92.</span> 
     </span>
    </p>
   </div>
   <div class='ocr_carea' id='block_1_5' title="bbox 109 1554 207 1592">
    <p class='ocr_par' dir='ltr' id='par_1_5' title="bbox 109 1554 207 1592">
     <span class='ocr_line' id='line_1_5' title="bbox 109 1554 207 1592; baseline 0.01 -1"><span class='ocrx_word' id='word_1_6' title='bbox 109 1554 207 1592; x_wconf 86' lang='lat' dir='ltr'>10a.</span> 
     </span>
    </p>
   </div>
   <div class='ocr_carea' id='block_1_6' title="bbox 110 1825 206 1862">
    <p class='ocr_par' dir='ltr' id='par_1_6' title="bbox 110 1825 206 1862">
     <span class='ocr_line' id='line_1_6' title="bbox 110 1825 206 1862; baseline 0 0"><span class='ocrx_word' id='word_1_7' title='bbox 110 1825 206 1862; x_wconf 88' lang='lat' dir='ltr'>11a.</span> 
     </span>
    </p>
   </div>
   <div class='ocr_carea' id='block_1_7' title="bbox 109 2040 207 2077">
    <p class='ocr_par' dir='ltr' id='par_1_7' title="bbox 109 2040 207 2077">
     <span class='ocr_line' id='line_1_7' title="bbox 109 2040 207 2077; baseline 0 0"><span class='ocrx_word' id='word_1_8' title='bbox 109 2040 207 2077; x_wconf 84' lang='lat' dir='ltr'>12a.</span> 
     </span>
    </p>
   </div>
   <div class='ocr_carea' id='block_1_8' title="bbox 109 2369 209 2407">
    <p class='ocr_par' dir='ltr' id='par_1_8' title="bbox 109 2369 209 2407">
     <span class='ocr_line' id='line_1_8' title="bbox 109 2369 209 2407; baseline 0 -1"><span class='ocrx_word' id='word_1_9' title='bbox 109 2369 159 2407; x_wconf 85' lang='lat'>13</span> <span class='ocrx_word' id='word_1_10' title='bbox 174 2380 209 2406; x_wconf 88' lang='lat' dir='ltr'>a.</span> 
     </span>
    </p>
   </div>
   <div class='ocr_carea' id='block_1_9' title="bbox 736 183 1043 224">
    <p class='ocr_par' dir='ltr' id='par_1_9' title="bbox 736 183 1043 224">
     <span class='ocr_line' id='line_1_9' title="bbox 736 183 1043 224; baseline 0.003 -1"><span class='ocrx_word' id='word_1_11' title='bbox 736 183 1043 224; x_wconf 82' lang='lat'>—277—</span> 
     </span>
    </p>
   </div>
   <div class='ocr_carea' id='block_1_10' title="bbox 244 297 726 510">
    <p class='ocr_par' dir='ltr' id='par_1_10' title="bbox 244 297 683 392">
     <span class='ocr_line' id='line_1_10' title="bbox 244 297 683 344; baseline -0.002 -9"><span class='ocrx_word' id='word_1_12' title='bbox 244 298 293 335; x_wconf 80' lang='lat' dir='ltr'>Et</span> <span class='ocrx_word' id='word_1_13' title='bbox 325 297 448 344; x_wconf 86' lang='lat' dir='ltr'>primo</span> <span class='ocrx_word' id='word_1_14' title='bbox 480 307 683 344; x_wconf 86' lang='lat' dir='ltr'>congressu</span> 
     </span>
     <span class='ocr_line' id='line_1_11' title="bbox 250 353 620 392; baseline 0 -2"><span class='ocrx_word' id='word_1_15' title='bbox 250 353 393 392; x_wconf 83' lang='lat' dir='ltr'>rabiem</span> <span class='ocrx_word' id='word_1_16' title='bbox 427 353 620 391; x_wconf 83' lang='lat' dir='ltr'>Iudaicam</span> 
     </span>
    </p>

    <p class='ocr_par' dir='ltr' id='par_1_11' title="bbox 246 410 726 510">
     <span class='ocr_line' id='line_1_12' title="bbox 246 410 502 447; baseline -0.004 0"><span class='ocrx_word' id='word_1_17' title='bbox 246 411 285 447; x_wconf 92' lang='lat' dir='ltr'>in</span> <span class='ocrx_word' id='word_1_18' title='bbox 316 410 502 447; x_wconf 78' lang='lat' dir='ltr'>Damasco</span> 
     </span>
     <span class='ocr_line' id='line_1_13' title="bbox 246 465 726 510; baseline 0.002 -6"><span class='ocrx_word' id='word_1_19' title='bbox 246 465 472 504; x_wconf 87' lang='lat' dir='ltr'>confuderat</span> <span class='ocrx_word' id='word_1_20' title='bbox 500 466 581 503; x_wconf 85' lang='lat' dir='ltr'>acri</span> <span class='ocrx_word' id='word_1_21' title='bbox 600 466 726 510; x_wconf 78' lang='lat' dir='ltr'>bello.</span> 
     </span>
    </p>
   </div>
   <div class='ocr_carea' id='block_1_11' title="bbox 244 567 737 945">
    <p class='ocr_par' dir='ltr' id='par_1_12' title="bbox 244 567 714 662">
     <span class='ocr_line' id='line_1_14' title="bbox 244 567 714 615; baseline -0.002 -10"><span class='ocrx_word' id='word_1_22' title='bbox 244 568 418 615; x_wconf 90' lang='lat' dir='ltr'>Denique</span> <span class='ocrx_word' id='word_1_23' title='bbox 449 567 521 604; x_wconf 88' lang='lat' dir='ltr'>iste</span> <span class='ocrx_word' id='word_1_24' title='bbox 553 567 714 614; x_wconf 87' lang='lat' dir='ltr'>belliger</span> 
     </span>
     <span class='ocr_line' id='line_1_15' title="bbox 246 625 404 662; baseline 0 -1"><span class='ocrx_word' id='word_1_25' title='bbox 246 625 404 662; x_wconf 88' lang='lat' dir='ltr'>eximius</span> 
     </span>
    </p>

    <p class='ocr_par' dir='ltr' id='par_1_13' title="bbox 246 682 376 719">
     <span class='ocr_line' id='line_1_16' title="bbox 246 682 376 719; baseline -0.015 0"><span class='ocrx_word' id='word_1_26' title='bbox 246 682 376 719; x_wconf 84' lang='lat' dir='ltr'>Asiam</span> 
     </span>
    </p>

    <p class='ocr_par' dir='ltr' id='par_1_14' title="bbox 246 737 737 831">
     <span class='ocr_line' id='line_1_17' title="bbox 247 737 737 784; baseline -0.004 -9"><span class='ocrx_word' id='word_1_27' title='bbox 247 742 285 775; x_wconf 87' lang='lat' dir='ltr'>et</span> <span class='ocrx_word' id='word_1_28' title='bbox 315 737 481 784; x_wconf 87' lang='lat' dir='ltr'>Lybiam</span> <span class='ocrx_word' id='word_1_29' title='bbox 513 737 737 774; x_wconf 84' lang='lat' dir='ltr'>indomitam</span> 
     </span>
     <span class='ocr_line' id='line_1_18' title="bbox 246 794 451 831; baseline -0.005 0"><span class='ocrx_word' id='word_1_30' title='bbox 246 794 451 831; x_wconf 84' lang='lat' dir='ltr'>monarcho</span> 
     </span>
    </p>

    <p class='ocr_par' dir='ltr' id='par_1_15' title="bbox 246 851 409 898">
     <span class='ocr_line' id='line_1_19' title="bbox 246 851 409 898; baseline -0.006 -10"><span class='ocrx_word' id='word_1_31' title='bbox 246 851 409 898; x_wconf 89' lang='lat' dir='ltr'>primato</span> 
     </span>
    </p>

    <p class='ocr_par' dir='ltr' id='par_1_16' title="bbox 248 904 721 945">
     <span class='ocr_line' id='line_1_20' title="bbox 248 904 721 945; baseline 0 -1"><span class='ocrx_word' id='word_1_32' title='bbox 248 907 471 945; x_wconf 85' lang='lat' dir='ltr'>tributarias</span> <span class='ocrx_word' id='word_1_33' title='bbox 504 917 586 943; x_wconf 90' lang='lat' dir='ltr'>esse</span> <span class='ocrx_word' id='word_1_34' title='bbox 618 904 721 944; x_wconf 86' lang='lat' dir='ltr'>fecit.</span> 
     </span>
    </p>
   </div>
   <div class='ocr_carea' id='block_1_12' title="bbox 242 1008 766 1282">
    <p class='ocr_par' dir='ltr' id='par_1_17' title="bbox 242 1008 486 1046">
     <span class='ocr_line' id='line_1_21' title="bbox 242 1008 486 1046; baseline -0.008 0"><span class='ocrx_word' id='word_1_35' title='bbox 242 1008 316 1046; x_wconf 92' lang='lat' dir='ltr'>Hic</span> <span class='ocrx_word' id='word_1_36' title='bbox 348 1008 486 1046; x_wconf 90' lang='lat' dir='ltr'>Cilicos</span> 
     </span>
    </p>

    <p class='ocr_par' dir='ltr' id='par_1_18' title="bbox 246 1064 766 1282">
     <span class='ocr_line' id='line_1_22' title="bbox 246 1064 591 1112; baseline 0 -11"><span class='ocrx_word' id='word_1_37' title='bbox 246 1070 358 1112; x_wconf 81' lang='lat' dir='ltr'>atque</span> <span class='ocrx_word' id='word_1_38' title='bbox 387 1064 591 1110; x_wconf 85' lang='lat' dir='ltr'>Achaicos,</span> 
     </span>
     <span class='ocr_line' id='line_1_23' title="bbox 246 1121 647 1170; baseline -0.005 -11"><span class='ocrx_word' id='word_1_39' title='bbox 246 1121 428 1170; x_wconf 90' lang='lat' dir='ltr'>Rhodios,</span> <span class='ocrx_word' id='word_1_40' title='bbox 462 1122 647 1168; x_wconf 89' lang='lat' dir='ltr'>Iconium,</span> 
     </span>
     <span class='ocr_line' id='line_1_24' title="bbox 247 1178 766 1227; baseline 0 -13"><span class='ocrx_word' id='word_1_41' title='bbox 247 1178 570 1227; x_wconf 80' lang='lat' dir='ltr'>Thessalonicam,</span> <span class='ocrx_word' id='word_1_42' title='bbox 605 1179 766 1216; x_wconf 90' lang='lat' dir='ltr'>Pontum</span> 
     </span>
     <span class='ocr_line' id='line_1_25' title="bbox 248 1234 643 1282; baseline 0 -11"><span class='ocrx_word' id='word_1_43' title='bbox 248 1234 513 1282; x_wconf 86' lang='lat' dir='ltr'>Galatiamque</span> <span class='ocrx_word' id='word_1_44' title='bbox 540 1235 643 1281; x_wconf 82' lang='lat' dir='ltr'>vicit,</span> 
     </span>
    </p>
   </div>
   <div class='ocr_carea' id='block_1_13' title="bbox 247 1336 656 1496">
    <p class='ocr_par' dir='ltr' id='par_1_19' title="bbox 247 1336 656 1496">
     <span class='ocr_line' id='line_1_26' title="bbox 248 1336 656 1384; baseline 0 -11"><span class='ocrx_word' id='word_1_45' title='bbox 248 1337 319 1374; x_wconf 88' lang='lat' dir='ltr'>His</span> <span class='ocrx_word' id='word_1_46' title='bbox 350 1348 420 1384; x_wconf 92' lang='lat' dir='ltr'>pro</span> <span class='ocrx_word' id='word_1_47' title='bbox 451 1336 656 1374; x_wconf 88' lang='lat' dir='ltr'>sudoribus</span> 
     </span>
     <span class='ocr_line' id='line_1_27' title="bbox 248 1393 631 1431; baseline 0 -1"><span class='ocrx_word' id='word_1_48' title='bbox 248 1394 302 1430; x_wconf 89' lang='lat' dir='ltr'>sic</span> <span class='ocrx_word' id='word_1_49' title='bbox 333 1404 415 1430; x_wconf 90' lang='lat' dir='ltr'>eum</span> <span class='ocrx_word' id='word_1_50' title='bbox 448 1393 631 1431; x_wconf 89' lang='lat' dir='ltr'>Dominus</span> 
     </span>
     <span class='ocr_line' id='line_1_28' title="bbox 247 1450 454 1496; baseline 0 -10"><span class='ocrx_word' id='word_1_51' title='bbox 247 1450 454 1496; x_wconf 84' lang='lat' dir='ltr'>coronavit,</span> 
     </span>
    </p>
   </div>
   <div class='ocr_carea' id='block_1_14' title="bbox 245 1553 854 1769">
    <p class='ocr_par' dir='ltr' id='par_1_20' title="bbox 245 1553 497 1600">
     <span class='ocr_line' id='line_1_29' title="bbox 245 1553 497 1600; baseline -0.008 -9"><span class='ocrx_word' id='word_1_52' title='bbox 245 1554 335 1591; x_wconf 85' lang='lat' dir='ltr'>Post</span> <span class='ocrx_word' id='word_1_53' title='bbox 366 1553 497 1600; x_wconf 86' lang='lat' dir='ltr'>longos</span> 
     </span>
    </p>

    <p class='ocr_par' dir='ltr' id='par_1_21' title="bbox 247 1607 854 1713">
     <span class='ocr_line' id='line_1_30' title="bbox 247 1607 854 1646; baseline 0 -1"><span class='ocrx_word' id='word_1_54' title='bbox 247 1610 285 1646; x_wconf 92' lang='lat' dir='ltr'>in</span> <span class='ocrx_word' id='word_1_55' title='bbox 307 1608 486 1646; x_wconf 84' lang='lat' dir='ltr'>membris</span> <span class='ocrx_word' id='word_1_56' title='bbox 508 1608 639 1645; x_wconf 90' lang='lat' dir='ltr'>mundi</span> <span class='ocrx_word' id='word_1_57' title='bbox 658 1607 854 1646; x_wconf 89' lang='lat' dir='ltr'>conflictus</span> 
     </span>
     <span class='ocr_line' id='line_1_31' title="bbox 248 1666 706 1713; baseline -0.004 -10"><span class='ocrx_word' id='word_1_58' title='bbox 248 1671 362 1713; x_wconf 84' lang='lat' dir='ltr'>caput</span> <span class='ocrx_word' id='word_1_59' title='bbox 392 1666 515 1712; x_wconf 85' lang='lat' dir='ltr'>ipsum</span> <span class='ocrx_word' id='word_1_60' title='bbox 548 1666 706 1703; x_wconf 85' lang='lat' dir='ltr'>Romam</span> 
     </span>
    </p>

    <p class='ocr_par' dir='ltr' id='par_1_22' title="bbox 246 1722 749 1769">
     <span class='ocr_line' id='line_1_32' title="bbox 246 1722 749 1769; baseline 0.002 -10"><span class='ocrx_word' id='word_1_61' title='bbox 246 1723 284 1760; x_wconf 93' lang='lat' dir='ltr'>in</span> <span class='ocrx_word' id='word_1_62' title='bbox 316 1723 460 1769; x_wconf 83' lang='lat' dir='ltr'>impetu</span> <span class='ocrx_word' id='word_1_63' title='bbox 489 1722 627 1759; x_wconf 88' lang='lat' dir='ltr'>mentis</span> <span class='ocrx_word' id='word_1_64' title='bbox 657 1722 749 1760; x_wconf 85' lang='lat' dir='ltr'>adit.</span> 
     </span>
    </p>
   </div>
   <div class='ocr_carea' id='block_1_15' title="bbox 243 1823 856 1985">
    <p class='ocr_par' dir='ltr' id='par_1_23' title="bbox 243 1823 856 1985">
     <span class='ocr_line' id='line_1_33' title="bbox 243 1823 856 1871; baseline -0.002 -10"><span class='ocrx_word' id='word_1_65' title='bbox 243 1825 359 1871; x_wconf 82' lang='lat' dir='ltr'>Quem</span> <span class='ocrx_word' id='word_1_66' title='bbox 403 1835 513 1861; x_wconf 91' lang='lat' dir='ltr'>verus</span> <span class='ocrx_word' id='word_1_67' title='bbox 545 1828 671 1861; x_wconf 83' lang='lat' dir='ltr'>tantas</span> <span class='ocrx_word' id='word_1_68' title='bbox 702 1823 856 1861; x_wconf 89' lang='lat' dir='ltr'>sibimet</span> 
     </span>
     <span class='ocr_line' id='line_1_34' title="bbox 249 1879 531 1918; baseline 0 -1"><span class='ocrx_word' id='word_1_69' title='bbox 249 1892 316 1918; x_wconf 84' lang='lat' dir='ltr'>rex</span> <span class='ocrx_word' id='word_1_70' title='bbox 346 1879 531 1918; x_wconf 86' lang='lat' dir='ltr'>ferentem</span> 
     </span>
     <span class='ocr_line' id='line_1_35' title="bbox 250 1938 538 1985; baseline 0 -11"><span class='ocrx_word' id='word_1_71' title='bbox 250 1938 346 1974; x_wconf 86' lang='lat' dir='ltr'>vidit</span> <span class='ocrx_word' id='word_1_72' title='bbox 377 1938 538 1985; x_wconf 87' lang='lat' dir='ltr'>laureas,</span> 
     </span>
    </p>
   </div>
   <div class='ocr_carea' id='block_1_16' title="bbox 246 2036 853 2313">
    <p class='ocr_par' dir='ltr' id='par_1_24' title="bbox 246 2036 853 2143">
     <span class='ocr_line' id='line_1_36' title="bbox 246 2036 853 2087; baseline 0 -11"><span class='ocrx_word' id='word_1_73' title='bbox 246 2039 357 2076; x_wconf 90' lang='lat' dir='ltr'>Nunc</span> <span class='ocrx_word' id='word_1_74' title='bbox 374 2050 508 2087; x_wconf 83' lang='lat' dir='ltr'>preces</span> <span class='ocrx_word' id='word_1_75' title='bbox 526 2038 675 2076; x_wconf 84' lang='lat' dir='ltr'>fundite</span> <span class='ocrx_word' id='word_1_76' title='bbox 687 2036 853 2086; x_wconf 78' lang='lat' dir='ltr'>sedulas,</span> 
     </span>
     <span class='ocr_line' id='line_1_37' title="bbox 247 2096 560 2143; baseline 0.003 -11"><span class='ocrx_word' id='word_1_77' title='bbox 247 2096 309 2142; x_wconf 89' lang='lat' dir='ltr'>qui</span> <span class='ocrx_word' id='word_1_78' title='bbox 340 2096 463 2143; x_wconf 84' lang='lat' dir='ltr'>gratia</span> <span class='ocrx_word' id='word_1_79' title='bbox 494 2107 560 2133; x_wconf 90' lang='lat' dir='ltr'>vos</span> 
     </span>
    </p>

    <p class='ocr_par' dir='ltr' id='par_1_25' title="bbox 248 2153 732 2202">
     <span class='ocr_line' id='line_1_38' title="bbox 248 2153 732 2202; baseline 0 -12"><span class='ocrx_word' id='word_1_80' title='bbox 248 2153 392 2190; x_wconf 75' lang='lat' dir='ltr'>Christi</span> <span class='ocrx_word' id='word_1_81' title='bbox 421 2153 541 2190; x_wconf 88' lang='lat' dir='ltr'>nostis</span> <span class='ocrx_word' id='word_1_82' title='bbox 569 2153 732 2202; x_wconf 86' lang='lat' dir='ltr'>indigos,</span> 
     </span>
    </p>

    <p class='ocr_par' dir='ltr' id='par_1_26' title="bbox 246 2210 598 2256">
     <span class='ocr_line' id='line_1_39' title="bbox 246 2210 598 2256; baseline 0 -10"><span class='ocrx_word' id='word_1_83' title='bbox 246 2210 334 2256; x_wconf 85' lang='lat' dir='ltr'>quia</span> <span class='ocrx_word' id='word_1_84' title='bbox 366 2210 505 2247; x_wconf 88' lang='lat' dir='ltr'>Paulus</span> <span class='ocrx_word' id='word_1_85' title='bbox 537 2210 598 2246; x_wconf 89' lang='lat' dir='ltr'>hic</span> 
     </span>
    </p>

    <p class='ocr_par' dir='ltr' id='par_1_27' title="bbox 250 2266 796 2313">
     <span class='ocr_line' id='line_1_40' title="bbox 250 2266 796 2313; baseline 0 -10"><span class='ocrx_word' id='word_1_86' title='bbox 250 2277 407 2313; x_wconf 86' lang='lat' dir='ltr'>magnus</span> <span class='ocrx_word' id='word_1_87' title='bbox 439 2271 495 2303; x_wconf 84' lang='lat' dir='ltr'>est</span> <span class='ocrx_word' id='word_1_88' title='bbox 526 2267 629 2313; x_wconf 85' lang='lat' dir='ltr'>apud</span> <span class='ocrx_word' id='word_1_89' title='bbox 662 2266 796 2312; x_wconf 91' lang='lat' dir='ltr'>Deum,</span> 
     </span>
    </p>
   </div>
   <div class='ocr_carea' id='block_1_17' title="bbox 246 2368 770 2641">
    <p class='ocr_par' dir='ltr' id='par_1_28' title="bbox 246 2368 697 2415">
     <span class='ocr_line' id='line_1_41' title="bbox 246 2368 697 2415; baseline 0 -10"><span class='ocrx_word' id='word_1_90' title='bbox 246 2368 325 2405; x_wconf 84' lang='lat' dir='ltr'>Nos</span> <span class='ocrx_word' id='word_1_91' title='bbox 359 2368 475 2415; x_wconf 86' lang='lat' dir='ltr'>igitur</span> <span class='ocrx_word' id='word_1_92' title='bbox 505 2369 697 2414; x_wconf 87' lang='lat' dir='ltr'>supplices</span> 
     </span>
    </p>

    <p class='ocr_par' dir='ltr' id='par_1_29' title="bbox 249 2424 484 2462">
     <span class='ocr_line' id='line_1_42' title="bbox 249 2424 484 2462; baseline 0 -1"><span class='ocrx_word' id='word_1_93' title='bbox 249 2426 288 2461; x_wconf 89' lang='lat' dir='ltr'>in</span> <span class='ocrx_word' id='word_1_94' title='bbox 320 2424 390 2462; x_wconf 85' lang='lat' dir='ltr'>hac</span> <span class='ocrx_word' id='word_1_95' title='bbox 423 2424 484 2461; x_wconf 90' lang='lat' dir='ltr'>die</span> 
     </span>
    </p>

    <p class='ocr_par' dir='ltr' id='par_1_30' title="bbox 247 2481 770 2583">
     <span class='ocr_line' id='line_1_43' title="bbox 247 2481 770 2529; baseline -0.002 -11"><span class='ocrx_word' id='word_1_96' title='bbox 247 2492 317 2518; x_wconf 87' lang='lat' dir='ltr'>nec</span> <span class='ocrx_word' id='word_1_97' title='bbox 346 2492 422 2518; x_wconf 91' lang='lat' dir='ltr'>non</span> <span class='ocrx_word' id='word_1_98' title='bbox 452 2481 554 2518; x_wconf 90' lang='lat' dir='ltr'>omni</span> <span class='ocrx_word' id='word_1_99' title='bbox 586 2485 770 2529; x_wconf 87' lang='lat' dir='ltr'>tempore,</span> 
     </span>
     <span class='ocr_line' id='line_1_44' title="bbox 247 2538 428 2583; baseline 0 -9"><span class='ocrx_word' id='word_1_100' title='bbox 247 2549 268 2574; x_wconf 95' lang='lat' dir='ltr'>o</span> <span class='ocrx_word' id='word_1_101' title='bbox 300 2538 428 2583; x_wconf 86' lang='lat' dir='ltr'>Paule,</span> 
     </span>
    </p>

    <p class='ocr_par' dir='ltr' id='par_1_31' title="bbox 250 2593 674 2641">
     <span class='ocr_line' id='line_1_45' title="bbox 250 2593 674 2641; baseline 0 -11"><span class='ocrx_word' id='word_1_102' title='bbox 250 2605 330 2631; x_wconf 86' lang='lat' dir='ltr'>cum</span> <span class='ocrx_word' id='word_1_103' title='bbox 366 2594 515 2631; x_wconf 66' lang='lat' dir='ltr'>Christo</span> <span class='ocrx_word' id='word_1_104' title='bbox 547 2593 674 2641; x_wconf 84' lang='lat' dir='ltr'>refice,</span> 
     </span>
    </p>
   </div>
   <div class='ocr_carea' id='block_1_18' title="bbox 911 295 1027 341">
    <p class='ocr_par' dir='ltr' id='par_1_32' title="bbox 911 295 1027 341">
     <span class='ocr_line' id='line_1_46' title="bbox 911 295 1027 341; baseline -0.009 -5"><span class='ocrx_word' id='word_1_105' title='bbox 911 337 914 341; x_wconf 79' lang='grc'><strong>,</strong></span> <span class='ocrx_word' id='word_1_106' title='bbox 955 295 1027 336; x_wconf 82' lang='lat' dir='ltr'>6b.</span> 
     </span>
    </p>
   </div>
   <div class='ocr_carea' id='block_1_19' title="bbox 957 567 1029 607">
    <p class='ocr_par' dir='ltr' id='par_1_33' title="bbox 957 567 1029 607">
     <span class='ocr_line' id='line_1_47' title="bbox 957 567 1029 607; baseline 0.014 -2"><span class='ocrx_word' id='word_1_107' title='bbox 957 567 1029 607; x_wconf 88' lang='lat' dir='ltr'>7b.</span> 
     </span>
    </p>
   </div>
   <div class='ocr_carea' id='block_1_20' title="bbox 957 1007 1030 1046">
    <p class='ocr_par' dir='ltr' id='par_1_34' title="bbox 957 1007 1030 1046">
     <span class='ocr_line' id='line_1_48' title="bbox 957 1007 1030 1046; baseline 0 -1"><span class='ocrx_word' id='word_1_108' title='bbox 957 1007 1030 1046; x_wconf 83' lang='lat' dir='ltr'>Sb.</span> 
     </span>
    </p>
   </div>
   <div class='ocr_carea' id='block_1_21' title="bbox 955 1336 1029 1375">
    <p class='ocr_par' dir='ltr' id='par_1_35' title="bbox 955 1336 1029 1375">
     <span class='ocr_line' id='line_1_49' title="bbox 955 1336 1029 1375; baseline -0.027 0"><span class='ocrx_word' id='word_1_109' title='bbox 955 1336 1029 1375; x_wconf 84' lang='lat' dir='ltr'>9b.</span> 
     </span>
    </p>
   </div>
   <div class='ocr_carea' id='block_1_22' title="bbox 927 1550 1029 1590">
    <p class='ocr_par' dir='ltr' id='par_1_36' title="bbox 927 1550 1029 1590">
     <span class='ocr_line' id='line_1_50' title="bbox 927 1550 1029 1590; baseline 0 0"><span class='ocrx_word' id='word_1_110' title='bbox 927 1552 978 1590; x_wconf 89' lang='grc'>10</span> <span class='ocrx_word' id='word_1_111' title='bbox 993 1550 1029 1590; x_wconf 92' lang='lat' dir='ltr'>b.</span> 
     </span>
    </p>
   </div>
   <div class='ocr_carea' id='block_1_23' title="bbox 929 1823 1030 1863">
    <p class='ocr_par' dir='ltr' id='par_1_37' title="bbox 929 1823 1030 1863">
     <span class='ocr_line' id='line_1_51' title="bbox 929 1823 1030 1863; baseline 0.02 -2"><span class='ocrx_word' id='word_1_112' title='bbox 929 1824 977 1862; x_wconf 86' lang='lat'>11</span> <span class='ocrx_word' id='word_1_113' title='bbox 993 1823 1030 1863; x_wconf 91' lang='lat' dir='ltr'>b.</span> 
     </span>
    </p>
   </div>
   <div class='ocr_carea' id='block_1_24' title="bbox 927 2039 1028 2078">
    <p class='ocr_par' dir='ltr' id='par_1_38' title="bbox 927 2039 1028 2078">
     <span class='ocr_line' id='line_1_52' title="bbox 927 2039 1028 2078; baseline 0 0"><span class='ocrx_word' id='word_1_114' title='bbox 927 2039 1028 2078; x_wconf 89' lang='lat' dir='ltr'>12b.</span> 
     </span>
    </p>
   </div>
   <div class='ocr_carea' id='block_1_25' title="bbox 927 2367 1028 2407">
    <p class='ocr_par' dir='ltr' id='par_1_39' title="bbox 927 2367 1028 2407">
     <span class='ocr_line' id='line_1_53' title="bbox 927 2367 1028 2407; baseline 0.01 -1"><span class='ocrx_word' id='word_1_115' title='bbox 927 2367 1028 2407; x_wconf 84' lang='grc'><strong>131).</strong></span> 
     </span>
    </p>
   </div>
   <div class='ocr_carea' id='block_1_26' title="bbox 1067 297 1612 514">
    <p class='ocr_par' dir='ltr' id='par_1_40' title="bbox 1067 297 1421 334">
     <span class='ocr_line' id='line_1_54' title="bbox 1067 297 1421 334; baseline 0 0"><span class='ocrx_word' id='word_1_116' title='bbox 1067 297 1218 334; x_wconf 88' lang='lat' dir='ltr'>Exinde</span> <span class='ocrx_word' id='word_1_117' title='bbox 1250 297 1421 334; x_wconf 82' lang='lat' dir='ltr'>collectis</span> 
     </span>
    </p>

    <p class='ocr_par' dir='ltr' id='par_1_41' title="bbox 1068 354 1446 457">
     <span class='ocr_line' id='line_1_55' title="bbox 1068 354 1446 391; baseline 0.003 -1"><span class='ocrx_word' id='word_1_118' title='bbox 1068 354 1211 390; x_wconf 88' lang='lat' dir='ltr'>viribus</span> <span class='ocrx_word' id='word_1_119' title='bbox 1242 354 1446 391; x_wconf 83' lang='lat' dir='ltr'>Arabicam</span> 
     </span>
     <span class='ocr_line' id='line_1_56' title="bbox 1069 410 1234 457; baseline 0 -10"><span class='ocrx_word' id='word_1_120' title='bbox 1069 410 1234 457; x_wconf 80' lang='lat' dir='ltr'>experiri</span> 
     </span>
    </p>

    <p class='ocr_par' dir='ltr' id='par_1_42' title="bbox 1068 466 1612 514">
     <span class='ocr_line' id='line_1_57' title="bbox 1068 466 1612 514; baseline 0.002 -10"><span class='ocrx_word' id='word_1_121' title='bbox 1068 466 1263 514; x_wconf 83' lang='lat' dir='ltr'>profectus</span> <span class='ocrx_word' id='word_1_122' title='bbox 1295 471 1349 503; x_wconf 91' lang='lat' dir='ltr'>est</span> <span class='ocrx_word' id='word_1_123' title='bbox 1382 466 1612 505; x_wconf 76' lang='lat' dir='ltr'>barbariem.</span> 
     </span>
    </p>
   </div>
   <div class='ocr_carea' id='block_1_27' title="bbox 1065 566 1639 954">
    <p class='ocr_par' dir='ltr' id='par_1_43' title="bbox 1068 566 1609 661">
     <span class='ocr_line' id='line_1_58' title="bbox 1068 566 1609 605; baseline 0 0"><span class='ocrx_word' id='word_1_124' title='bbox 1068 567 1255 605; x_wconf 85' lang='lat' dir='ltr'>Noctibus</span> <span class='ocrx_word' id='word_1_125' title='bbox 1286 573 1363 605; x_wconf 84' lang='lat' dir='ltr'>tam</span> <span class='ocrx_word' id='word_1_126' title='bbox 1395 566 1609 605; x_wconf 81' lang='lat' dir='ltr'>indefessus</span> 
     </span>
     <span class='ocr_line' id='line_1_59' title="bbox 1068 624 1275 661; baseline -0.005 0"><span class='ocrx_word' id='word_1_127' title='bbox 1068 628 1110 661; x_wconf 92' lang='lat' dir='ltr'>ut</span> <span class='ocrx_word' id='word_1_128' title='bbox 1141 624 1275 661; x_wconf 89' lang='lat' dir='ltr'>diebus</span> 
     </span>
    </p>

    <p class='ocr_par' dir='ltr' id='par_1_44' title="bbox 1066 681 1264 718">
     <span class='ocr_line' id='line_1_60' title="bbox 1066 681 1264 718; baseline -0.005 0"><span class='ocrx_word' id='word_1_129' title='bbox 1066 681 1116 718; x_wconf 88' lang='lat' dir='ltr'>ad</span> <span class='ocrx_word' id='word_1_130' title='bbox 1145 681 1264 718; x_wconf 88' lang='lat' dir='ltr'>solam</span> 
     </span>
    </p>

    <p class='ocr_par' dir='ltr' id='par_1_45' title="bbox 1065 737 1475 831">
     <span class='ocr_line' id='line_1_61' title="bbox 1068 737 1475 785; baseline -0.002 -11"><span class='ocrx_word' id='word_1_131' title='bbox 1068 737 1203 774; x_wconf 89' lang='lat' dir='ltr'>summi</span> <span class='ocrx_word' id='word_1_132' title='bbox 1232 737 1475 785; x_wconf 72' lang='lat' dir='ltr'>imperatoris</span> 
     </span>
     <span class='ocr_line' id='line_1_62' title="bbox 1065 794 1331 831; baseline 0 -1"><span class='ocrx_word' id='word_1_133' title='bbox 1065 794 1219 830; x_wconf 85' lang='lat' dir='ltr'>laudem</span> <span class='ocrx_word' id='word_1_134' title='bbox 1250 799 1331 831; x_wconf 64' lang='lat' dir='ltr'>arte</span> 
     </span>
    </p>

    <p class='ocr_par' dir='ltr' id='par_1_46' title="bbox 1068 851 1276 887">
     <span class='ocr_line' id='line_1_63' title="bbox 1068 851 1276 887; baseline 0.005 -1"><span class='ocrx_word' id='word_1_135' title='bbox 1068 854 1105 886; x_wconf 87' lang='lat' dir='ltr'>et</span> <span class='ocrx_word' id='word_1_136' title='bbox 1135 851 1276 887; x_wconf 86' lang='lat' dir='ltr'>virtute</span> 
     </span>
    </p>

    <p class='ocr_par' dir='ltr' id='par_1_47' title="bbox 1068 907 1639 954">
     <span class='ocr_line' id='line_1_64' title="bbox 1068 907 1639 954; baseline 0.002 -11"><span class='ocrx_word' id='word_1_137' title='bbox 1068 907 1218 953; x_wconf 89' lang='lat' dir='ltr'>palmae</span> <span class='ocrx_word' id='word_1_138' title='bbox 1248 907 1406 954; x_wconf 80' lang='lat' dir='ltr'>gloriam</span> <span class='ocrx_word' id='word_1_139' title='bbox 1439 907 1639 944; x_wconf 81' lang='lat' dir='ltr'>asciscere.</span> 
     </span>
    </p>
   </div>
   <div class='ocr_carea' id='block_1_28' title="bbox 1069 1008 1615 1282">
    <p class='ocr_par' dir='ltr' id='par_1_48' title="bbox 1070 1008 1280 1053">
     <span class='ocr_line' id='line_1_65' title="bbox 1070 1008 1280 1053; baseline -0.005 -8"><span class='ocrx_word' id='word_1_140' title='bbox 1070 1008 1280 1053; x_wconf 83' lang='lat' dir='ltr'>Emathios,</span> 
     </span>
    </p>

    <p class='ocr_par' dir='ltr' id='par_1_49' title="bbox 1069 1065 1615 1282">
     <span class='ocr_line' id='line_1_66' title="bbox 1070 1065 1437 1114; baseline -0.003 -12"><span class='ocrx_word' id='word_1_141' title='bbox 1070 1065 1203 1114; x_wconf 85' lang='lat' dir='ltr'>Troas,</span> <span class='ocrx_word' id='word_1_142' title='bbox 1236 1065 1437 1114; x_wconf 82' lang='lat' dir='ltr'>Ephesios,</span> 
     </span>
     <span class='ocr_line' id='line_1_67' title="bbox 1069 1121 1494 1167; baseline 0.002 -10"><span class='ocrx_word' id='word_1_143' title='bbox 1069 1122 1232 1166; x_wconf 82' lang='lat' dir='ltr'>Atticos,</span> <span class='ocrx_word' id='word_1_144' title='bbox 1266 1121 1494 1167; x_wconf 82' lang='lat' dir='ltr'>Corinthios,</span> 
     </span>
     <span class='ocr_line' id='line_1_68' title="bbox 1069 1175 1615 1229; baseline 0 -13"><span class='ocrx_word' id='word_1_145' title='bbox 1069 1175 1435 1229; x_wconf 60' lang='lat' dir='ltr'>Pamphilieosfflue]</span> <span class='ocrx_word' id='word_1_146' title='bbox 1472 1178 1615 1225; x_wconf 69' lang='lat' dir='ltr'>Cretas,</span> 
     </span>
     <span class='ocr_line' id='line_1_69' title="bbox 1070 1235 1530 1282; baseline 0 -11"><span class='ocrx_word' id='word_1_147' title='bbox 1070 1235 1241 1272; x_wconf 87' lang='lat' dir='ltr'>Thraces</span> <span class='ocrx_word' id='word_1_148' title='bbox 1272 1239 1309 1271; x_wconf 89' lang='lat' dir='ltr'>et</span> <span class='ocrx_word' id='word_1_149' title='bbox 1341 1236 1530 1282; x_wconf 75' lang='lat' dir='ltr'>Illyricos.</span> 
     </span>
    </p>
   </div>
   <div class='ocr_carea' id='block_1_29' title="bbox 1068 1337 1524 1488">
    <p class='ocr_par' dir='ltr' id='par_1_50' title="bbox 1068 1337 1524 1488">
     <span class='ocr_line' id='line_1_70' title="bbox 1068 1337 1418 1374; baseline -0.003 0"><span class='ocrx_word' id='word_1_150' title='bbox 1068 1337 1120 1374; x_wconf 91' lang='lat' dir='ltr'>Ut</span> <span class='ocrx_word' id='word_1_151' title='bbox 1151 1347 1292 1374; x_wconf 85' lang='lat' dir='ltr'>arcana</span> <span class='ocrx_word' id='word_1_152' title='bbox 1324 1337 1418 1374; x_wconf 89' lang='lat' dir='ltr'>caeli</span> 
     </span>
     <span class='ocr_line' id='line_1_71' title="bbox 1068 1394 1524 1440; baseline 0 -11"><span class='ocrx_word' id='word_1_153' title='bbox 1068 1394 1175 1440; x_wconf 89' lang='lat' dir='ltr'>prius</span> <span class='ocrx_word' id='word_1_154' title='bbox 1206 1394 1381 1440; x_wconf 76' lang='lat' dir='ltr'>intraret,</span> <span class='ocrx_word' id='word_1_155' title='bbox 1413 1405 1524 1440; x_wconf 86' lang='lat' dir='ltr'>quam</span> 
     </span>
     <span class='ocr_line' id='line_1_72' title="bbox 1069 1449 1220 1488; baseline 0.007 -1"><span class='ocrx_word' id='word_1_156' title='bbox 1069 1449 1220 1488; x_wconf 88' lang='lat' dir='ltr'>obierit.</span> 
     </span>
    </p>
   </div>
   <div class='ocr_carea' id='block_1_30' title="bbox 1067 1552 1597 1770">
    <p class='ocr_par' dir='ltr' id='par_1_51' title="bbox 1067 1552 1597 1703">
     <span class='ocr_line' id='line_1_73' title="bbox 1068 1552 1314 1589; baseline 0.004 -1"><span class='ocrx_word' id='word_1_157' title='bbox 1068 1552 1178 1589; x_wconf 84' lang='lat' dir='ltr'>Hanc</span> <span class='ocrx_word' id='word_1_158' title='bbox 1209 1556 1314 1589; x_wconf 86' lang='lat' dir='ltr'>tanto</span> 
     </span>
     <span class='ocr_line' id='line_1_74' title="bbox 1067 1609 1597 1657; baseline 0.004 -12"><span class='ocrx_word' id='word_1_159' title='bbox 1067 1609 1360 1655; x_wconf 85' lang='lat' dir='ltr'>propulsaverat</span> <span class='ocrx_word' id='word_1_160' title='bbox 1391 1609 1597 1657; x_wconf 73' lang='lat' dir='ltr'>triumpho,</span> 
     </span>
     <span class='ocr_line' id='line_1_75' title="bbox 1068 1666 1446 1703; baseline 0 -1"><span class='ocrx_word' id='word_1_161' title='bbox 1068 1666 1166 1702; x_wconf 91' lang='lat' dir='ltr'>mole</span> <span class='ocrx_word' id='word_1_162' title='bbox 1197 1669 1238 1702; x_wconf 88' lang='lat' dir='ltr'>ut</span> <span class='ocrx_word' id='word_1_163' title='bbox 1268 1666 1446 1703; x_wconf 90' lang='lat' dir='ltr'>vincendi</span> 
     </span>
    </p>

    <p class='ocr_par' dir='ltr' id='par_1_52' title="bbox 1068 1723 1574 1770">
     <span class='ocr_line' id='line_1_76' title="bbox 1068 1723 1574 1770; baseline 0.004 -12"><span class='ocrx_word' id='word_1_164' title='bbox 1068 1723 1151 1769; x_wconf 86' lang='lat' dir='ltr'>ipse</span> <span class='ocrx_word' id='word_1_165' title='bbox 1182 1732 1329 1769; x_wconf 91' lang='lat' dir='ltr'>quoque</span> <span class='ocrx_word' id='word_1_166' title='bbox 1360 1726 1574 1770; x_wconf 84' lang='lat' dir='ltr'>oppeteret.</span> 
     </span>
    </p>
   </div>
   <div class='ocr_carea' id='block_1_31' title="bbox 1067 1818 1602 1983">
    <p class='ocr_par' dir='ltr' id='par_1_53' title="bbox 1067 1818 1602 1983">
     <span class='ocr_line' id='line_1_77' title="bbox 1067 1818 1602 1872; baseline 0.002 -12"><span class='ocrx_word' id='word_1_167' title='bbox 1067 1824 1222 1869; x_wconf 76' lang='lat' dir='ltr'>Simoni,</span> <span class='ocrx_word' id='word_1_168' title='bbox 1257 1818 1392 1861; x_wconf 81' lang='lat' dir='ltr'>d&#39;ucum</span> <span class='ocrx_word' id='word_1_169' title='bbox 1425 1825 1602 1872; x_wconf 84' lang='lat' dir='ltr'>principi,</span> 
     </span>
     <span class='ocr_line' id='line_1_78' title="bbox 1069 1884 1369 1927; baseline 0.003 -11"><span class='ocrx_word' id='word_1_170' title='bbox 1069 1891 1154 1917; x_wconf 85' lang='lat' dir='ltr'>mox</span> <span class='ocrx_word' id='word_1_171' title='bbox 1186 1884 1369 1927; x_wconf 88' lang='lat' dir='ltr'>coaequat</span> 
     </span>
     <span class='ocr_line' id='line_1_79' title="bbox 1067 1937 1345 1983; baseline 0.004 -10"><span class='ocrx_word' id='word_1_172' title='bbox 1067 1938 1104 1974; x_wconf 88' lang='lat' dir='ltr'>in</span> <span class='ocrx_word' id='word_1_173' title='bbox 1136 1947 1223 1974; x_wconf 85' lang='lat' dir='ltr'>arce</span> <span class='ocrx_word' id='word_1_174' title='bbox 1254 1937 1345 1983; x_wconf 91' lang='lat' dir='ltr'>poli.</span> 
     </span>
    </p>
   </div>
   <div class='ocr_carea' id='block_1_32' title="bbox 1066 2039 1674 2304">
    <p class='ocr_par' dir='ltr' id='par_1_54' title="bbox 1067 2039 1674 2142">
     <span class='ocr_line' id='line_1_80' title="bbox 1067 2039 1674 2086; baseline 0.002 -9"><span class='ocrx_word' id='word_1_175' title='bbox 1067 2039 1119 2077; x_wconf 86' lang='lat' dir='ltr'>Ut</span> <span class='ocrx_word' id='word_1_176' title='bbox 1151 2049 1285 2086; x_wconf 87' lang='lat' dir='ltr'>preces</span> <span class='ocrx_word' id='word_1_177' title='bbox 1318 2039 1445 2076; x_wconf 85' lang='lat' dir='ltr'>dando</span> <span class='ocrx_word' id='word_1_178' title='bbox 1478 2041 1674 2078; x_wconf 85' lang='lat' dir='ltr'>continuas</span> 
     </span>
     <span class='ocr_line' id='line_1_81' title="bbox 1067 2096 1416 2142; baseline 0.003 -10"><span class='ocrx_word' id='word_1_179' title='bbox 1067 2107 1224 2142; x_wconf 84' lang='lat' dir='ltr'>magnus</span> <span class='ocrx_word' id='word_1_180' title='bbox 1253 2096 1319 2132; x_wconf 88' lang='lat' dir='ltr'>ille</span> <span class='ocrx_word' id='word_1_181' title='bbox 1349 2107 1416 2133; x_wconf 88' lang='lat' dir='ltr'>nos</span> 
     </span>
    </p>

    <p class='ocr_par' dir='ltr' id='par_1_55' title="bbox 1066 2152 1400 2199">
     <span class='ocr_line' id='line_1_82' title="bbox 1066 2152 1400 2199; baseline -0.003 -10"><span class='ocrx_word' id='word_1_182' title='bbox 1066 2153 1105 2189; x_wconf 91' lang='lat' dir='ltr'>in</span> <span class='ocrx_word' id='word_1_183' title='bbox 1136 2152 1400 2199; x_wconf 78' lang='lat' dir='ltr'>paradisiacis,</span> 
     </span>
    </p>

    <p class='ocr_par' dir='ltr' id='par_1_56' title="bbox 1066 2210 1524 2304">
     <span class='ocr_line' id='line_1_83' title="bbox 1066 2210 1494 2256; baseline 0 -11"><span class='ocrx_word' id='word_1_184' title='bbox 1066 2210 1105 2246; x_wconf 91' lang='lat' dir='ltr'>in</span> <span class='ocrx_word' id='word_1_185' title='bbox 1137 2220 1232 2256; x_wconf 84' lang='lat' dir='ltr'>quae</span> <span class='ocrx_word' id='word_1_186' title='bbox 1263 2214 1394 2255; x_wconf 86' lang='lat' dir='ltr'>raptus</span> <span class='ocrx_word' id='word_1_187' title='bbox 1427 2214 1494 2256; x_wconf 77' lang='lat' dir='ltr'>est7</span> 
     </span>
     <span class='ocr_line' id='line_1_84' title="bbox 1069 2265 1524 2304; baseline 0.002 -2"><span class='ocrx_word' id='word_1_188' title='bbox 1069 2265 1230 2302; x_wconf 87' lang='lat' dir='ltr'>collocet</span> <span class='ocrx_word' id='word_1_189' title='bbox 1261 2275 1384 2302; x_wconf 90' lang='lat' dir='ltr'>secum</span> <span class='ocrx_word' id='word_1_190' title='bbox 1419 2266 1524 2304; x_wconf 89' lang='lat' dir='ltr'>locis.</span> 
     </span>
    </p>
   </div>
   <div class='ocr_carea' id='block_1_33' title="bbox 1067 2366 1581 2639">
    <p class='ocr_par' dir='ltr' id='par_1_57' title="bbox 1068 2366 1437 2470">
     <span class='ocr_line' id='line_1_85' title="bbox 1068 2366 1437 2406; baseline -0.003 -1"><span class='ocrx_word' id='word_1_191' title='bbox 1068 2368 1121 2406; x_wconf 88' lang='lat' dir='ltr'>Ut</span> <span class='ocrx_word' id='word_1_192' title='bbox 1152 2367 1317 2403; x_wconf 86' lang='lat' dir='ltr'>stadium</span> <span class='ocrx_word' id='word_1_193' title='bbox 1348 2366 1437 2404; x_wconf 88' lang='lat' dir='ltr'>fidei</span> 
     </span>
     <span class='ocr_line' id='line_1_86' title="bbox 1070 2424 1281 2470; baseline -0.005 -9"><span class='ocrx_word' id='word_1_194' title='bbox 1070 2424 1281 2470; x_wconf 83' lang='lat' dir='ltr'>legitimum</span> 
     </span>
    </p>

    <p class='ocr_par' dir='ltr' id='par_1_58' title="bbox 1067 2480 1581 2573">
     <span class='ocr_line' id='line_1_87' title="bbox 1067 2480 1581 2526; baseline 0 -9"><span class='ocrx_word' id='word_1_195' title='bbox 1067 2480 1167 2517; x_wconf 84' lang='lat' dir='ltr'>haud</span> <span class='ocrx_word' id='word_1_196' title='bbox 1200 2480 1311 2516; x_wconf 85' lang='lat' dir='ltr'>lassis</span> <span class='ocrx_word' id='word_1_197' title='bbox 1343 2486 1581 2526; x_wconf 78' lang='lat' dir='ltr'>permeantes</span> 
     </span>
     <span class='ocr_line' id='line_1_88' title="bbox 1071 2537 1242 2573; baseline -0.006 0"><span class='ocrx_word' id='word_1_198' title='bbox 1071 2537 1242 2573; x_wconf 86' lang='lat' dir='ltr'>cursibus</span> 
     </span>
    </p>

    <p class='ocr_par' dir='ltr' id='par_1_59' title="bbox 1069 2598 1525 2639">
     <span class='ocr_line' id='line_1_89' title="bbox 1069 2598 1525 2639; baseline -0.002 -10"><span class='ocrx_word' id='word_1_199' title='bbox 1069 2604 1245 2631; x_wconf 84' lang='lat' dir='ltr'>coronam</span> <span class='ocrx_word' id='word_1_200' title='bbox 1278 2598 1525 2639; x_wconf 83' lang='lat' dir='ltr'>reportemus.</span> 
     </span>
    </p>
   </div>
   <div class='ocr_carea' id='block_1_34' title="bbox 108 2679 1674 2859">
    <p class='ocr_par' dir='ltr' id='par_1_60' title="bbox 108 2679 1674 2859">
     <span class='ocr_line' id='line_1_90' title="bbox 196 2679 1672 2726; baseline -0.003 -10"><span class='ocrx_word' id='word_1_201' title='bbox 196 2684 359 2726; x_wconf 84' lang='lat' dir='ltr'>Sequeut.</span> <span class='ocrx_word' id='word_1_202' title='bbox 387 2694 447 2715; x_wconf 77' lang='lat' dir='ltr'>ms,</span> <span class='ocrx_word' id='word_1_203' title='bbox 474 2683 701 2723; x_wconf 68' lang='lat' dir='ltr'>Sangallense</span> <span class='ocrx_word' id='word_1_204' title='bbox 728 2684 810 2714; x_wconf 87' lang='lat' dir='ltr'>anni</span> <span class='ocrx_word' id='word_1_205' title='bbox 839 2680 935 2714; x_wconf 85' lang='lat'>1507.</span> <span class='ocrx_word' id='word_1_206' title='bbox 985 2682 1067 2714; x_wconf 64' lang='lat'><em>(2011.</em></span> <span class='ocrx_word' id='word_1_207' title='bbox 1095 2682 1294 2723; x_wconf 80' lang='lat' dir='ltr'>Sangallen.</span> <span class='ocrx_word' id='word_1_208' title='bbox 1322 2682 1504 2720; x_wconf 31' lang='lat' dir='ltr'>&amp;Brandem</span> <span class='ocrx_word' id='word_1_209' title='bbox 1528 2679 1603 2712; x_wconf 75' lang='grc'>546.</span> <span class='ocrx_word' id='word_1_210' title='bbox 1630 2699 1672 2703; x_wconf 88' lang='grc'>-</span> 
     </span>
     <span class='ocr_line' id='line_1_91' title="bbox 109 2725 1674 2766; baseline -0.001 -7"><span class='ocrx_word' id='word_1_211' title='bbox 109 2726 138 2765; x_wconf 80' lang='grc'>7,</span> <span class='ocrx_word' id='word_1_212' title='bbox 173 2727 193 2759; x_wconf 79' lang='grc'>5</span> <span class='ocrx_word' id='word_1_213' title='bbox 224 2730 290 2761; x_wconf 90' lang='lat' dir='ltr'>arti</span> <span class='ocrx_word' id='word_1_214' title='bbox 333 2746 371 2750; x_wconf 81' lang='lat'>—</span> <span class='ocrx_word' id='word_1_215' title='bbox 409 2726 472 2766; x_wconf 64' lang='lat'>821,</span> <span class='ocrx_word' id='word_1_216' title='bbox 504 2726 524 2759; x_wconf 84' lang='grc'>2</span> <span class='ocrx_word' id='word_1_217' title='bbox 557 2732 591 2759; x_wconf 87' lang='lat' dir='ltr'>et</span> <span class='ocrx_word' id='word_1_218' title='bbox 615 2728 796 2759; x_wconf 79' lang='lat' dir='ltr'>Achaicos.</span> <span class='ocrx_word' id='word_1_219' title='bbox 822 2746 866 2750; x_wconf 94' lang='lat'>—</span> <span class='ocrx_word' id='word_1_220' title='bbox 898 2725 959 2759; x_wconf 63' lang='lat'>921.</span> <span class='ocrx_word' id='word_1_221' title='bbox 986 2727 1006 2758; x_wconf 80' lang='lat'>2</span> <span class='ocrx_word' id='word_1_222' title='bbox 1032 2729 1082 2759; x_wconf 86' lang='lat' dir='ltr'>sic</span> <span class='ocrx_word' id='word_1_223' title='bbox 1110 2738 1186 2758; x_wconf 83' lang='lat' dir='ltr'>eum</span> <span class='ocrx_word' id='word_1_224' title='bbox 1213 2729 1396 2759; x_wconf 81' lang='lat' dir='ltr'>coronavit</span> <span class='ocrx_word' id='word_1_225' title='bbox 1422 2728 1603 2758; x_wconf 85' lang='lat' dir='ltr'>Dominus.</span> <span class='ocrx_word' id='word_1_226' title='bbox 1630 2744 1674 2748; x_wconf 92' lang='lat'>—-</span> 
     </span>
     <span class='ocr_line' id='line_1_92' title="bbox 110 2770 1672 2814; baseline 0 -10"><span class='ocrx_word' id='word_1_227' title='bbox 110 2772 192 2811; x_wconf 75' lang='lat'>131),</span> <span class='ocrx_word' id='word_1_228' title='bbox 221 2774 236 2806; x_wconf 91' lang='lat'>1</span> <span class='ocrx_word' id='word_1_229' title='bbox 263 2774 428 2805; x_wconf 81' lang='lat' dir='ltr'>studium.</span> <span class='ocrx_word' id='word_1_230' title='bbox 456 2793 497 2796; x_wconf 94' lang='lat'>—</span> <span class='ocrx_word' id='word_1_231' title='bbox 523 2771 585 2811; x_wconf 82' lang='lat' dir='ltr'>3b‚</span> <span class='ocrx_word' id='word_1_232' title='bbox 611 2770 632 2804; x_wconf 81' lang='lat'><strong>3</strong></span> <span class='ocrx_word' id='word_1_233' title='bbox 662 2773 754 2805; x_wconf 85' lang='lat' dir='ltr'>haud</span> <span class='ocrx_word' id='word_1_234' title='bbox 779 2773 900 2814; x_wconf 77' lang='lat' dir='ltr'>lapsis.</span> <span class='ocrx_word' id='word_1_235' title='bbox 926 2790 970 2793; x_wconf 91' lang='lat'>—</span> <span class='ocrx_word' id='word_1_236' title='bbox 995 2773 1204 2804; x_wconf 71' lang='lat' dir='ltr'>Aufsclirift:</span> <span class='ocrx_word' id='word_1_237' title='bbox 1237 2774 1289 2804; x_wconf 88' lang='lat' dir='ltr'>De</span> <span class='ocrx_word' id='word_1_238' title='bbox 1314 2773 1536 2803; x_wconf 69' lang='lat' dir='ltr'>sanctissimo</span> <span class='ocrx_word' id='word_1_239' title='bbox 1563 2771 1672 2804; x_wconf 84' lang='lat' dir='ltr'>Paulo</span> 
     </span>
     <span class='ocr_line' id='line_1_93' title="bbox 108 2817 1673 2859; baseline -0.002 -8"><span class='ocrx_word' id='word_1_240' title='bbox 108 2820 268 2859; x_wconf 83' lang='lat' dir='ltr'>apostolo</span> <span class='ocrx_word' id='word_1_241' title='bbox 301 2830 342 2850; x_wconf 84' lang='lat' dir='ltr'>ac</span> <span class='ocrx_word' id='word_1_242' title='bbox 374 2820 529 2859; x_wconf 83' lang='lat' dir='ltr'>gentium</span> <span class='ocrx_word' id='word_1_243' title='bbox 563 2819 704 2849; x_wconf 83' lang='lat' dir='ltr'>doctore</span> <span class='ocrx_word' id='word_1_244' title='bbox 738 2820 773 2849; x_wconf 89' lang='lat' dir='ltr'>in</span> <span class='ocrx_word' id='word_1_245' title='bbox 807 2819 1133 2849; x_wconf 78' lang='lat' dir='ltr'>commemoratione</span> <span class='ocrx_word' id='word_1_246' title='bbox 1161 2818 1315 2850; x_wconf 75' lang='lat' dir='ltr'>eiusdem</span> <span class='ocrx_word' id='word_1_247' title='bbox 1344 2817 1490 2858; x_wconf 69' lang='lat' dir='ltr'>„liddy</span> <span class='ocrx_word' id='word_1_248' title='bbox 1518 2817 1673 2849; x_wconf 84' lang='lat' dir='ltr'>Karlo-</span> 
     </span>
    </p>
   </div>
   <div class='ocr_carea' id='block_1_35' title="bbox 108 2862 336 2897">
    <p class='ocr_par' dir='ltr' id='par_1_61' title="bbox 108 2862 336 2897">
     <span class='ocr_line' id='line_1_94' title="bbox 108 2862 336 2897; baseline 0.004 -3"><span class='ocrx_word' id='word_1_249' title='bbox 108 2862 336 2897; x_wconf 58' lang='lat' dir='ltr'>mannicif‘</span> 
     </span>
    </p>
   </div>
   <div class='ocr_carea' id='block_1_36' title="bbox 382 2861 1674 2906">
    <p class='ocr_par' dir='ltr' id='par_1_62' title="bbox 382 2861 1674 2906">
     <span class='ocr_line' id='line_1_95' title="bbox 382 2861 1674 2906; baseline -0.001 -11"><span class='ocrx_word' id='word_1_250' title='bbox 382 2865 457 2906; x_wconf 79' lang='lat' dir='ltr'>vgl.</span> <span class='ocrx_word' id='word_1_251' title='bbox 484 2865 561 2895; x_wconf 83' lang='lat' dir='ltr'>eine</span> <span class='ocrx_word' id='word_1_252' title='bbox 587 2865 721 2902; x_wconf 76' lang='lat' dir='ltr'>zweite,</span> <span class='ocrx_word' id='word_1_253' title='bbox 746 2863 929 2895; x_wconf 82' lang='lat' dir='ltr'>dcrselben</span> <span class='ocrx_word' id='word_1_254' title='bbox 955 2863 1074 2895; x_wconf 80' lang='lat' dir='ltr'>Weise</span> <span class='ocrx_word' id='word_1_255' title='bbox 1103 2863 1263 2905; x_wconf 74' lang='lat' dir='ltr'>folgende</span> <span class='ocrx_word' id='word_1_256' title='bbox 1288 2863 1446 2904; x_wconf 69' lang='lat' dir='ltr'>Sequmiz</span> <span class='ocrx_word' id='word_1_257' title='bbox 1474 2863 1527 2893; x_wconf 74' lang='lat' dir='ltr'>bei</span> <span class='ocrx_word' id='word_1_258' title='bbox 1548 2861 1674 2894; x_wconf 69' lang='lat' dir='ltr'>Dume-</span> 
     </span>
    </p>
   </div>
   <div class='ocr_carea' id='block_1_37' title="bbox 109 2906 1672 2950">
    <p class='ocr_par' dir='ltr' id='par_1_63' title="bbox 109 2906 1672 2950">
     <span class='ocr_line' id='line_1_96' title="bbox 109 2906 1672 2950; baseline -0.001 -10"><span class='ocrx_word' id='word_1_259' title='bbox 109 2909 151 2940; x_wconf 83' lang='lat' dir='ltr'>ril</span> <span class='ocrx_word' id='word_1_260' title='bbox 176 2910 202 2948; x_wconf 92' lang='grc' dir='ltr'>Ι,</span> <span class='ocrx_word' id='word_1_261' title='bbox 231 2908 294 2941; x_wconf 76' lang='lat'>163</span> <span class='ocrx_word' id='word_1_262' title='bbox 319 2909 351 2940; x_wconf 85' lang='lat' dir='ltr'>ff.</span> <span class='ocrx_word' id='word_1_263' title='bbox 378 2910 447 2941; x_wconf 87' lang='lat' dir='ltr'>und</span> <span class='ocrx_word' id='word_1_264' title='bbox 474 2910 558 2941; x_wconf 84' lang='lat' dir='ltr'>iiber</span> <span class='ocrx_word' id='word_1_265' title='bbox 584 2909 684 2941; x_wconf 88' lang='lat' dir='ltr'>beide</span> <span class='ocrx_word' id='word_1_266' title='bbox 711 2908 867 2946; x_wconf 81' lang='lat' dir='ltr'>Bartsch,</span> <span class='ocrx_word' id='word_1_267' title='bbox 892 2909 948 2940; x_wconf 89' lang='lat' dir='ltr'>die</span> <span class='ocrx_word' id='word_1_268' title='bbox 975 2908 1034 2940; x_wconf 86' lang='lat' dir='ltr'>lat.</span> <span class='ocrx_word' id='word_1_269' title='bbox 1054 2910 1258 2950; x_wconf 69' lang='lat' dir='ltr'>Sequenzen</span> <span class='ocrx_word' id='word_1_270' title='bbox 1283 2908 1343 2941; x_wconf 86' lang='lat' dir='ltr'>des</span> <span class='ocrx_word' id='word_1_271' title='bbox 1361 2909 1460 2947; x_wconf 81' lang='grc' dir='ltr'><strong>Μ.Λ.,</strong></span> <span class='ocrx_word' id='word_1_272' title='bbox 1493 2906 1553 2941; x_wconf 72' lang='grc'>157</span> <span class='ocrx_word' id='word_1_273' title='bbox 1579 2908 1611 2939; x_wconf 80' lang='lat' dir='ltr'>ff.</span> <span class='ocrx_word' id='word_1_274' title='bbox 1632 2925 1672 2929; x_wconf 93' lang='lat'>——</span> 
     </span>
    </p>
   </div>
  </div>
 </body>
</html>
