2031 3289
990 203 1039 208 —
1101 179 1182 220 288

564 295 671 341 Quod
701 299 852 331 satanas
883 294 987 330 virus
1018 294 1171 330 molitur
1201 291 1360 330 fundere
1392 294 1508 342 dirus,

568 351 725 397 Subrue,
759 351 970 397 pessumda,
1005 351 1089 386 vivo
1120 349 1184 397 pia
1214 348 1317 386 fonte
1350 350 1531 400 redunda,

567 407 665 445 Sana
699 407 869 443 doctrina
900 417 966 443 nos
997 406 1121 443 imbue
1152 406 1429 451 caelicolarum,

566 464 698 510 Plana,
732 463 870 511 divina,
904 463 950 499 de
979 461 1132 499 flumine
1161 462 1474 502 christicolarum.

964 541 1138 589 Explicit
1166 541 1310 579 titulus.

543 709 624 744 293.
660 709 718 752 (6.)
752 708 901 753 Incipit
925 709 1013 744 laus
1039 709 1079 744 et
1107 709 1309 753 speculum
1333 708 1498 752 reginae
1525 708 1729 744 caelorum

910 766 1102 801 adversus
1131 765 1377 801 haereticos.

408 874 476 911 la.
509 873 539 910 O
570 872 695 909 Maria
724 871 905 919 piissima,

501 929 610 966 Omni
643 929 756 966 laude
787 929 1019 976 dignissima,

562 986 681 1023 Plena
712 985 782 1022 Dei
814 988 947 1034 gratia,

408 1090 478 1126 221.
510 1088 609 1124 Vera
637 1090 771 1130 mater,
805 1087 910 1134 virgo
942 1097 1043 1132 vera,

507 1144 609 1181 Deus
640 1154 752 1180 verus
784 1148 840 1180 est
871 1153 1003 1181 revera

561 1200 667 1238 Sicut
695 1201 735 1237 in
764 1200 1011 1237 mundissima

409 1305 479 1342 3a.
513 1302 599 1339 Tibi
631 1302 754 1350 datus,
787 1313 808 1339 a
838 1302 990 1339 sedibus

505 1359 682 1396 Aeternis
714 1364 749 1395 et
782 1358 973 1405 regalibus

562 1416 633 1453 Dei
664 1416 784 1462 pat-ris
814 1416 980 1461 veniens,

407 1520 477 1556 4a.
512 1518 610 1556 Hinc
643 1517 804 1555 Iudaeus
835 1516 1000 1554 infidelis

505 1574 719 1612 Erubescat
748 1578 783 1610 et
815 1574 981 1611 crudelis

564 1631 613 1668 Et
643 1641 770 1667 omnes
801 1631 994 1679 haeretici,

407 1737 476 1773 5a.
510 1734 612 1778 Quae
645 1743 776 1770 caecos
806 1733 923 1770 trahit
955 1733 1068 1770 hodie

504 1791 547 1827 In
580 1789 727 1827 foveam
758 1788 954 1836 perfidiae,

561 1846 696 1894 Gregis
729 1847 803 1883 dux
834 1846 1009 1895 erratici,

406 1951 473 1987 ea.
510 1948 601 1985 Nam
632 1948 796 1985 divinam
820 1950 924 1995 virgo
946 1949 1104 1995 prolem,

506 2006 606 2042 Vera
636 2006 742 2051 virgo
773 2016 901 2041 verum
933 2005 1046 2041 solem

561 2061 732 2099 Genuisti
764 2062 977 2110 Dominum,

413 2175 477 2203 (a.
509 2163 773 2203 Confundatur
801 2164 1023 2209 haereticus,

506 2221 719 2267 Resipiscat
751 2220 992 2267 phreneticus

560 2279 609 2315 Et
641 2277 760 2314 omnis
792 2288 991 2324 erroneus,

405 2383 475 2420 Sa.
510 2380 611 2417 Caeli
634 2391 793 2427 namque
814 2378 882 2416 flos
907 2384 943 2415 ct
961 2377 1105 2416 fructus

503 2437 555 2474 Et
581 2437 705 2474 suavis
736 2438 825 2475 inde
857 2436 991 2473 ductus

560 2493 664 2531 Odor
694 2493 925 2537 indeficiens,

409 2588 480 2625 9a.
512 2584 614 2622 Deus
646 2584 954 2632 omnipotentiae,

506 2641 678 2689 Abyssus
707 2641 916 2688 sapientiae

566 2699 699 2737 Omnia
729 2698 977 2745 prospiciens,

383 2790 478 2827 102³.
513 2789 702 2835 Splendor
733 2794 914 2835 paternae
942 2789 1083 2835 gloriae

507 2846 701 2892 Verusque
732 2846 785 2881 sol
819 2845 985 2882 iustitiae

563 2903 722 2940 Mariam
756 2902 935 2939 divinitus

1215 872 1287 910 lb.
1320 872 1417 908 Vera
1448 874 1568 907 mater
1598 871 1679 907 veri
1704 870 1788 919 Dei,

1317 928 1514 968 Miserere,
1549 937 1700 974 quaeso,
1733 927 1820 974 mei,

1378 984 1501 1031 Digna
1534 984 1604 1021 Dei
1634 984 1766 1031 gloria.
1794 1033 1796 1035 Ι

1219 1086 1292 1126 2b.
1322 1087 1443 1123 Verus
1475 1086 1583 1123 homo
1614 1083 1737 1122 factus
1765 1085 1803 1122 in
1833 1089 1883 1132 te,

1322 1142 1409 1179 Tibi
1441 1143 1562 1191 datus,
1595 1141 1883 1179 circumcinctae

1378 1198 1512 1236 Gratia
1542 1198 1773 1245 plenissima,

1219 1302 1291 1340 3b.
1325 1302 1446 1338 Verus
1477 1301 1592 1347 Deus,
1625 1311 1735 1338 verus
1765 1300 1875 1338 homo

1323 1358 1505 1404 Virginali
1537 1362 1601 1395 tua
1632 1357 1742 1394 domo

1367 1414 1485 1451 ‘Sicut
1514 1415 1570 1451 sol
1599 1414 1810 1461 egrediens.

1218 1516 1290 1555 4b.
1323 1515 1535 1554 Erubescat
1564 1526 1654 1563 gens
1689 1526 1839 1562 vesana,

1321 1574 1423 1620 Quae
1454 1576 1611 1610 vocatur
1641 1572 1854 1621 publicana,

1379 1629 1513 1676 Gregis
1554 1629 1662 1675 plebs
1698 1629 1920 1676 phrenetici,

1217 1732 1289 1770 bb.
1321 1732 1561 1770 Erubescant
1591 1731 1820 1768 haesitantes

1318 1789 1367 1826 Et
1399 1800 1421 1826 a
1452 1788 1526 1825 fide
1559 1788 1752 1825 deviantes

1375 1846 1426 1882 Et
1457 1855 1584 1882 omnes
1615 1845 1856 1885 schismatici,

1214 1947 1284 1987 6b.
1317 1946 1539 1984 Deformata
1570 1951 1858 1995 restaurantem‚

1317 2004 1470 2041 Illibata
1502 2007 1798 2052 conservantem,

1375 2061 1610 2098 Salvatorem
1641 2060 1855 2098 hominum·

1218 2164 1288 2202 71).
1320 2162 1489 2201 Infidelis
1521 2162 1731 2210 erubescat,

1319 2220 1392 2257 Sed
1424 2219 1549 2256 fidelis
1581 2220 1782 2257 hilarescat

1375 2276 1470 2313 Fide
1500 2276 1574 2312 iam
1603 2276 1773 2316 idoneus.

1215 2379 1285 2419 8b.
1323 2380 1411 2417 Flos
1444 2383 1480 2416 et
1511 2378 1655 2415 fructus
1686 2353 1882 2426 spiritalis,

1318 2435 1449 2473 Dulcis
1480 2436 1575 2473 odor
1605 2439 1642 2471 et
1673 2434 1797 2471 vitalis

1375 2493 1542 2540 Angelos
1572 2490 1756 2538 afficiens,

1219 2584 1290 2622 Ob.
1322 2584 1386 2621 Sol
1416 2583 1688 2621 inviolabiliter

1322 2641 1529 2678 Penetrans
1561 2645 1596 2677 et
1629 2639 1801 2676 exsiliter

1377 2698 1527 2734 Intrans
1560 2701 1597 2733 et
1627 2695 1835 2743 egrediens,

1192 2790 1241 2826 10
1255 2788 1290 2828 b.
1323 2787 1371 2824 Et
1403 2787 1584 2833 virginem
1616 2785 1860 2837 conservavit,

1321 2844 1367 2881 Εἴ
1400 2844 1582 2889 virginem
1613 2841 1833 2881 fecundavit

1379 2902 1477 2938 Luce
1509 2901 1564 2936 sui
1598 2899 1766 2949 spiritus,
