1914 3223
821 194 872 233 25

163 305 198 343 l,
236 304 250 337 1
279 307 339 339 Sol
363 317 442 339 ecce
464 308 579 349 surgit
604 317 740 344 aureuS,
766 307 856 337 Edit.
885 324 921 327 —
955 305 988 344 1,
1015 305 1035 337 2
1060 306 1210 337 facescat
1237 305 1318 335 DN:
1345 304 1483 334 fatiscat
1509 303 1626 342 D11L;

66 350 212 382 fatescat
238 352 313 391 AF3
345 353 481 384 fatescit
518 350 559 384 K.
594 369 637 374 —
665 351 694 390 l,
719 350 740 383 4
765 352 886 383 devios
914 353 949 383 B.
979 369 1009 372 -
1047 350 1078 389 3,
1104 348 1125 382 2
1148 351 1218 382 Nec
1244 350 1364 389 lingua
1391 347 1537 379 mendax
1565 358 1627 378 nec

63 396 357 429 ABDFHIKLN.
386 415 414 419 w
452 397 482 432 ἲῖ,
509 397 576 430 RN
596 397 695 430 Oculi
722 408 764 429 ne
795 398 875 434 DL;
901 397 1003 428 Oculi
1025 408 1085 428 uec
1112 395 1333 436 Alsslf'll‘lKN.
1367 411 1409 415 —
1445 392 1475 430 3,
1510 391 1529 424 4
1557 394 1627 424 Nec

65 450 160 519 113]ῗῖ
174 442 349 518 ΑΙέΡῚΚΝ.
385 461 424 465 -
460 442 499 480 4,
538 442 550 474 l
587 443 793 485 Speculator
825 446 893 474 stat
928 443 963 473 Β.
991 459 1032 462 —
1067 440 1098 475 4.
1124 438 1144 471 3
1172 441 1335 482 perspicit
1364 439 1400 469 A.
1459 457 1470 459 ⁷-
1498 438 1622 470 Doxol.

452 587 511 623 25.
547 589 604 630 (4.)
641 589 788 624 Versus
814 587 860 622 de
887 587 1031 622 Natale
1054 570 1230 621 Domini.

635 652 804 686 (cathem.
830 652 890 689 XI,
916 649 1047 684 1—225.

102 772 111 781 .
141 742 237 789 Quid
260 748 328 791 est,
361 745 458 790 quod
488 749 610 781 artum
634 744 813 781 circulum

144 798 208 836 Sol
238 799 311 836 iam
346 811 544 838 recurrens
577 799 746 838 deserit?

141 855 364 894 Christusne
394 857 507 894 terris
538 858 718 904 nascitur,

95 938 98 943 -
143 912 211 958 Qui
243 913 338 950 lucis
370 918 478 960 auget
510 913 728 951 tramitem‘.>

102 1044 109 1052 .
146 1014 242 1060 Heu,
275 1025 384 1061 quam
418 1014 587 1062 fugacem
619 1016 778 1062 gratiam

141 1070 296 1108 Festina
327 1071 504 1109 volvebat
537 1073 632 1119 dies,

143 1128 260 1173 Quam
288 1139 408 1175 paene
438 1129 662 1166 subductam
694 1127 815 1165 facem

142 1184 286 1222 Sensim
320 1185 442 1222 recisa
474 1185 712 1223 extinxerat!

103 1314 111 1322 .
145 1285 295 1324 Caelum
327 1287 489 1324 nitescat
518 1288 668 1335 laetius,

142 1341 323 1380 Gratetur
353 1349 389 1380 et
421 1344 588 1391 gaudens
620 1345 765 1393 humus,

142 1399 295 1438 Scandit
329 1401 516 1446 gradatim
550 1402 672 1439 denuo

142 1455 256 1493 Iubar
285 1457 432 1504 priores
463 1457 595 1498 lineas,

98 1587 108 1604 ,
139 1558 314 1607 Emerge,
347 1559 468 1596 dulcis
499 1560 622 1606 pusio,

142 1616 259 1661 Quem
290 1621 412 1653 mater
443 1616 523 1653 edit
554 1617 708 1655 castitas

141 1672 287 1709 Parens
319 1678 354 1709 et
386 1683 522 1719 expers
554 1674 735 1721 coniugis,

141 1729 332 1766 Mediator
361 1736 397 1766 et
431 1730 572 1777 duplex
601 1740 730 1777 genus.

886 746 922 783 5.
957 743 1016 780 Ex
1048 752 1112 778 ore
1141 741 1347 788 quamlibet
1375 741 1495 787 patris

957 799 1016 837 Sis
1047 803 1151 835 ortus
1183 803 1218 834 et
1251 797 1366 834 verbo
1398 797 1536 843 editus,

956 857 1097 893 'samen
1130 859 1288 901 paterno
1319 854 1357 890 in
1389 857 1542 900 pectore

956 912 1097 959 Sophia
1129 911 1294 948 callebas
1325 911 1442 957 priuS.

898 1016 923 1050 “.
958 1016 1061 1060 Quae
1082 1018 1255 1060 prompta
1281 1012 1424 1049 caelum
1442 1003 1624 1054 condidit,

958 1071 1112 1109 Caelum
1146 1070 1319 1116 diemque
1350 1072 1387 1105 et
1417 1072 1552 1115 cetera,

959 1128 1107 1164 Virtute
1137 1126 1243 1163 verbi
1275 1125 1407 1162 effecta
1438 1130 1522 1161 sunt

957 1185 1061 1221 Haec
1079 1188 1224 1220 cuncta.
1246 1194 1328 1219 nam
1342 1181 1497 1219 verbum
1510 1181 1625 1220 Deus.

912 1317 920 1325 .
953 1286 1026 1323 Sed
1060 1286 1246 1322 ordinatis
1277 1284 1436 1321 saeculis

952 1344 1166 1388 Rerumque
1199 1342 1344 1387 digesto
1376 1345 1476 1377 statu

952 1399 1150 1436 Fundator
1180 1399 1262 1445 ipse
1291 1401 1327 1434 et
1357 1395 1497 1434 artifex

953 1455 1165 1494 Permansit
1198 1455 1235 1491 in
1267 1454 1387 1501 patris
1418 1454 1514 1503 sinu,

914 1592 920 1598 .
955 1559 1086 1595 Donec
1117 1561 1241 1594 rotata
1271 1555 1462 1592 annalium

955 1615 1322 1652 Transvolverentur
1353 1612 1469 1658 milia,

954 1674 1080 1718 Atque
1112 1672 1192 1717 ipse
1223 1673 1443 1717 peccantem
1477 1668 1540 1704 diu

955 1729 1142 1775 Dignatus
1173 1727 1301 1764 orbem
1334 1726 1486 1762 viseret.

159 1829 288 1870 Hymn.
313 1840 376 1862 ms.
402 1830 435 1861 S.
461 1831 634 1862 Johannis
653 1831 857 1863 Laudunen.
884 1840 974 1862 saec.
995 1828 1044 1862 10.
1090 1829 1172 1862 Cod.
1192 1829 1337 1862 Bernen.
1363 1829 1440 1863 455.
1470 1847 1511 1851 —
1545 1829 1573 1868 l,
1598 1811 1619 1861 4

65 1874 174 1915 augit.
201 1891 244 1896 —
269 1873 300 1913 5,
326 1873 347 1907 3
372 1877 407 1907 in
432 1876 527 1908 fehlt.
553 1894 597 1898 —
622 1875 652 1915 6,
679 1875 699 1909 3
724 1877 821 1908 verbi
848 1876 1017 1908 effecerat.
1038 1869 1087 1897 ἶ-
1113 1874 1142 1910 6,
1167 1873 1188 1906 4
1217 1884 1296 1905 nam
1324 1877 1477 1908 herbum.
1505 1895 1546 1899 -—-

503 1987 561 2022 26.
596 1988 654 2029 (5)
689 1988 732 2021 In
760 1987 985 2022 Nativitate
1010 1988 1185 2023 Domini.

422 2051 589 2089 [Cathenr
617 2053 676 2090 lx,
705 2050 853 2084 10-12:
884 2050 1032 2092 19—‘273
1061 2050 1151 2084 109-
1174 2051 1258 2092 111).

91 2131 126 2168 1.
158 2130 281 2168 Corde
311 2136 421 2169 natus
452 2143 497 2169 ex
528 2133 698 2179 parentis

212 2192 298 2224 ante
328 2190 456 2226 mundi
489 2190 698 2235 exordium,

156 2243 283 2290 Alpha
313 2249 349 2281 et
381 2246 410 2282 Ο
443 2247 739 2293 cognominatus,

210 2301 292 2347 ipse
322 2300 405 2339 fons
437 2307 473 2339 et
504 2303 672 2340 clausula

158 2355 341 2408 Omnium,
385 2370 479 2406 quae
510 2365 608 2405 sunt,
648 2359 811 2404 fuerunt,

211 2425 380 2462 quaeque
410 2421 494 2462 post
531 2415 656 2455 futura
688 2421 775 2453 sunt

213 2472 446 2509 saeculorum
478 2474 650 2510 saeculis.

91 2573 128 2610 2.
158 2571 188 2609 Ο
218 2571 349 2611 beatus
380 2579 511 2621 partus
542 2575 619 2625 ille,

213 2629 318 2676 virgo
349 2641 430 2668 cum
461 2642 651 2679 puerpera

157 2684 291 2722 Edidit
322 2692 488 2725 nostram
521 2689 679 2726 salutem

215 2739 293 2780 feta
323 2749 452 2781 sancto
483 2745 634 2793 spiritu,

158 2796 209 2834 Et
237 2809 344 2849 puer,
377 2801 598 2848 redemptor
628 2801 743 2843 orbis,

215 2866 256 2892 os
286 2862 473 2895 sacratum
506 2858 665 2905 protulit

215 2913 449 2952 saeculorum
481 2915 655 2952 saeculis

897 2136 932 2172 3.
968 2133 1111 2171 Psallat
1141 2133 1303 2170 altitudo
1336 2134 1443 2182 caeli,

1022 2190 1188 2236 psallant
1220 2201 1347 2228 omnes
1379 2191 1514 2237 angeli,

966 2247 1156 2293 Quidquid
1187 2251 1243 2283 est
1274 2247 1424 2283 virtutis
1455 2258 1623 2294 usquam,

1024 2304 1165 2350 psallat
1195 2304 1232 2340 in
1263 2303 1413 2340 laudem
1447 2303 1529 2349 Dei,

970 2361 1085 2398 Nulla
1114 2360 1326 2407 linguarum
1359 2361 1522 2408 silescat,

1027 2428 1099 2454 vox
1130 2422 1164 2453 et
1197 2417 1316 2453 omnis
1349 2421 1524 2453 consonet

1025 2474 1259 2511 saeculorum
1292 2473 1464 2512 saeculis
1502 2479 1505 2483 “

898 2578 934 2613 4.
968 2576 1080 2622 Ecce,
1111 2585 1219 2621 quem
1252 2579 1356 2611 vates
1387 2575 1545 2611 vetustis

1027 2632 1275 2668 concinebant
1305 2632 1478 2673 saeculis,

970 2691 1086 2734 Quem
1119 2688 1390 2734 prophetarum
1422 2688 1554 2725 fideles

1025 2744 1184 2791 paginae
1214 2745 1508 2791 spoponderant.

968 2801 1118 2838 Emicat
1151 2801 1359 2847 promissus
1391 2801 1493 2847 olim,

1028 2861 1162 2894 cuncta
1194 2857 1409 2894 collaudent
1441 2868 1524 2895 eum

1020 2914 1262 2951 saeculorum
1293 2915 1465 2952 saeculis.
