1914 3223
162 519 198 557 1.

780 164 829 169 —
897 141 972 181 163
1034 167 1081 170 —

734 306 803 344 139.
838 308 919 350 (29.)
953 307 1124 344 Sabbata.

228 518 258 555 Ο
288 522 437 565 quanta,
471 517 596 564 qualia

285 579 372 611 sunt
401 574 466 611 illa
497 572 676 620 Sabbata,

229 631 332 678 Quae
361 640 509 678 semper
539 629 701 666 celebrat

285 698 447 735 superna
477 687 593 733 curia,
627 710 632 715 ·

227 747 328 790 Quae
357 742 465 780 fessis
496 742 655 789 requies,

285 810 379 847 quae
410 810 551 837 merces
582 797 754 845 fortibus,

230 858 320 894 l'um
353 857 424 893 erit
453 856 577 893 onmia

284 913 384 951 Dens
417 913 453 950 in
485 912 676 949 omnibus!

161 1030 197 1064 2.
233 1027 327 1063 Vere
360 1026 562 1063 Ierusalem

285 1089 337 1119 cst
371 1083 437 1119 illa
468 1083 612 1131 civitas,

229 1139 341 1178 Cuius
374 1151 446 1186 pax
479 1140 572 1185 iugis
604 1145 671 1179 est,

285 1207 426 1232 summa
457 1195 680 1242 iucunditas,

231 1252 303 1290 Ubi
334 1263 407 1289 non
439 1252 634 1298 praevenit

287 1319 362 1345 rem
396 1308 635 1351 desiderium,

229 1364 307 1401 Nec
339 1356 526 1402 desiderio

288 1422 407 1458 minus
438 1427 493 1457 est
523 1420 740 1467 praemium.

159 1536 195 1573 3.
228 1535 317 1580 Quis
348 1544 424 1578 rex,
458 1543 552 1579 quae
583 1533 697 1577 omia,

151 2640 185 2670 S.

283 1591 392 1638 quale
423 1590 613 1637 palatium,

227 1648 330 1693 Quae
361 1658 446 1695 pax,
478 1657 572 1692 quae
604 1645 761 1692 requies,

283 1703 380 1750 quod
410 1702 502 1739 illud
534 1702 721 1749 gaudium,

227 1760 347 1797 Huius
377 1759 580 1807 participes

283 1820 470 1864 exponant
499 1816 653 1863 gloriae,

226 1873 277 1917 Si,
309 1877 484 1920 quantum
516 1873 693 1916 sentiunt,

284 1930 426 1975 possint
457 1930 682 1976 exprimere.

571 2043 606 2079 7.
643 2042 800 2079 Perenni
830 2042 989 2080 Domino

798 401 851 433 Ad
877 401 1060 443 vesperas.

966 518 1004 554 4.
1037 516 1216 553 Nostrum
1250 522 1305 552 est
1336 516 1486 553 interim

1095 578 1252 609 mentvun
1287 572 1430 619 erigere

1037 630 1087 667 Et
1117 630 1205 665 totis
1236 629 1396 675 patriam

1093 685 1189 723 votis
1220 691 1402 732 appetere

1036 742 1086 779 Et
1116 742 1164 778 ad
1198 742 1400 779 Ierusalem

1091 810 1113 835 a
1146 798 1356 846 Babylonia

1039 855 1126 892 Post
1158 855 1269 902 longa
1299 855 1449 897 remedi

1092 911 1244 949 tandem
1277 912 1421 950 exsilia.

996 1055 1003 1062 .
1038 1024 1122 1061 Illic
1153 1025 1335 1062 molestiis

1093 1081 1207 1118 linitis
1238 1081 1410 1118 omnibus

1036 1137 1165 1175 Securi
1197 1138 1343 1175 cantica

1093 1194 1181 1231 Sion
1215 1195 1459 1243 cantabimus,

1037 1250 1085 1287 Et
1114 1251 1217 1297 iuges
1247 1252 1387 1297 gratias

1093 1308 1139 1343 sle
1171 1308 1278 1344 donis
1310 1308 1453 1354 gratiae

1036 1365 1153 1400 Beata
1183 1362 1323 1400 referet

1090 1420 1198 1467 plebs
1229 1421 1310 1465 tibi,
1343 1421 1515 1458 Domine.

994 1562 1003 1570 .
1035 1533 1121 1570 Illic
1151 1543 1196 1569 ex
1227 1532 1393 1570 Sabbato

1091 1590 1269 1626 succedet
1301 1589 1518 1639 Sabbatum,

1037 1646 1177 1692 Perpes
1208 1646 1353 1683 laetitia

1090 1702 1417 1750 sabbatizantium,

1034 1759 1114 1796 Nec
1144 1759 1352 1796 ineffabiles

1089 1816 1289 1853 cessabunt
1319 1816 1439 1861 iubili,

1031 1873 1131 1919 Quos
1163 1873 1447 1910 decantabimus

1088 1933 1123 1965 et
1154 1941 1222 1966 nos
1251 1936 1288 1966 et
1317 1929 1453 1976 angeli.

696 2109 831 2145 perpes
862 2099 911 2135 sit
941 2098 1061 2146 gloria

637 2155 695 2193 Ex
727 2166 798 2202 quo
829 2158 928 2201 sunt,
961 2165 1029 2201 per
1059 2165 1167 2201 quem
1199 2160 1296 2200 sunt,

695 2213 731 2248 in
763 2222 835 2258 quo
866 2217 953 2248 sunt
983 2212 1128 2249 omnia:

637 2268 694 2305 Ex
725 2279 798 2315 quo
830 2272 928 2316 sunt,
960 2272 1068 2315 pater
1102 2272 1170 2316 est,

693 2335 762 2372 per
792 2335 899 2371 quem
931 2329 1028 2370 sunt,
1059 2324 1171 2369 filim,

637 2382 679 2418 ln
710 2391 782 2428 quo
812 2388 910 2430 sunt,
942 2381 1064 2428 patris
1095 2386 1133 2418 et

691 2438 757 2475 filii
789 2437 957 2485 spirituS.

240 2550 265 2580 Β
304 2548 358 2579 fol.
392 2549 476 2581 6612.
511 2566 551 2570 —
584 2550 610 2581 C
640 2549 697 2581 sol.
733 2548 816 2581 3922.
851 2567 894 2572 —
927 2549 1010 2582 Cod.
1045 2549 1244 2591 Sangallen.
1278 2546 1344 2580 525
1378 2559 1466 2580 saec.
1508 2547 1556 2580 14.
1592 2549 1626 2581 S.

149 2592 180 2625 ‘2-
208 2592 229 2625 8
253 2605 352 2625 omne
377 2599 428 2625 est
453 2596 488 2626 C.
514 2612 555 2616 —
580 2593 617 2632 3,
642 2593 663 2626 6
686 2605 860 2636 exponens
885 2597 922 2627 U.
949 2613 991 2617 —-
1015 2592 1048 2633 3,
1073 2593 1091 2626 7
1120 2596 1272 2626 sentiens
1297 2596 1334 2626 U.
1354 2611 1397 2616 --
1424 2593 1456 2633 6,
1483 2592 1498 2625 1
1526 2595 1605 2626 Illic
1630 2605 1702 2626 nec.

210 2658 251 2662 --
279 2638 542 2681 Stroplienfnlge
568 2640 602 2671 in
630 2641 670 2671 S:
698 2638 725 2678 1,
750 2638 781 2678 3,
806 2638 836 2678 2,
862 2638 893 2679 5,
918 2640 948 2672 6.
973 2638 1006 2679 4,
1033 2639 1064 2671 7.

1430 2921 1496 2953 11*
