2031 3289
302 313 371 352 63.

306 702 371 739 64.

306 1091 372 1128 65.

307 1476 375 1514 66.

309 1859 375 1898 67.

312 2243 380 2281 68.

315 2627 380 2665 69.

928 196 1235 237 —636—

418 313 476 350 Tu
507 323 572 349 vas
605 310 740 360 mellis,
772 311 885 348 lactis
915 314 1012 361 uter,

416 368 626 415 scaturigo,
659 365 743 403 fons
775 370 812 403 et
838 367 938 403 luter

471 423 698 470 Purgativus
729 422 910 469 sordium,

416 480 557 519 Christi
588 480 707 516 lectus
741 482 779 516 et
804 478 954 526 lectica,

418 537 576 585 Sponsa,
608 538 730 572 mater
761 538 798 571 et
828 535 958 586 amica,

474 593 607 629 Velum
639 595 676 628 et
705 591 921 630 tentorium.

419 701 476 737 Tu
508 698 592 737 fons
624 710 674 743 es,
705 699 769 746 qui
799 709 873 736 non
895 698 1049 747 arescis,

420 756 477 793 Tu
493 755 562 793 flos
580 767 631 805 es,
663 755 818 802 quinon
833 755 1049 802 marcescis,

477 812 653 852 paradisi
683 811 815 860 lilium,

419 869 474 906 Tu
507 869 674 906 nutantis
707 878 746 905 es
776 867 950 917 bacillus,

420 926 478 962 Tu
508 925 674 962 tonantis
705 935 744 961 es
775 923 956 971 pulvillus

475 982 526 1019 Et
555 981 851 1020 reclinatorium.

419 1091 477 1129 Tu
507 1089 672 1136 portella
702 1089 828 1136 procis
860 1088 1002 1138 clausa,

420 1146 529 1184 Salus
560 1146 696 1192 aegris,
730 1144 840 1182 fessis
871 1155 1006 1193 pausa,

474 1202 664 1239 Tristibus
694 1201 918 1250 tripudium,

419 1259 679 1296 Sabbatismus
712 1257 881 1305 fatigatis

418 1316 470 1353 Et
500 1315 687 1352 morbosis
719 1314 893 1351 sanitatis

476 1372 530 1409 Es
562 1371 820 1409 electuarium.

421 1475 480 1512 Tu
510 1474 678 1511 naucleri
709 1472 831 1510 nostri
858 1473 983 1524 linter,
1131 1473 1194 1511 73.

424 1530 481 1567 Tu
513 1531 649 1567 catella
679 1530 758 1567 sive
789 1529 936 1575 spinter

481 1588 578 1624 Luto
610 1587 767 1633 iungens
798 1584 965 1634 figulum,

422 1643 479 1680 Tu
509 1643 674 1690 pastoris
706 1653 745 1679 es
776 1642 934 1692 magale,

428 1701 509 1745 Qua
539 1699 672 1736 fideles
703 1699 752 1736 ad
783 1698 897 1735 vitale

477 1756 606 1794 Minat
636 1766 725 1792 oves
755 1754 949 1801 pabulum.

424 1859 519 1908 Ave,
553 1858 670 1907 virgo,
703 1867 837 1893 norma
866 1867 1025 1902 morum,
1131 1857 1196 1896 74.

424 1916 516 1964 Ave,
549 1914 640 1951 lima
670 1913 861 1962 vitiorum,

481 1972 576 2020 Ave,
609 1980 715 2007 serra
745 1970 927 2015 sordium,

424 2031 517 2072 Ave,
550 2027 661 2074 pyxis
695 2026 858 2076 deitatis,

424 2086 518 2131 Ave,
551 2093 717 2120 summae
748 2083 957 2121 maiestatis

482 2141 636 2178 Sacrum
669 2139 910 2177 breviarium.

427 2243 522 2289 Ave,
557 2241 661 2288 virgo
693 2241 768 2288 pia,
800 2251 896 2287 quae
927 2251 995 2278 nos
1135 2242 1199 2279 75.

428 2298 729 2336 Proseuchantes
761 2301 798 2334 et
828 2307 964 2344 egenos

483 2355 651 2394 Suscitas
684 2354 730 2391 de
761 2354 940 2403 pulvere,

431 2411 571 2448 Nostra
606 2415 775 2447 nostrum
807 2410 938 2447 herum
970 2410 1062 2447 hera

429 2467 542 2505 Salva
573 2470 696 2505 tamen
730 2467 806 2505 alvi
836 2476 922 2503 sera

482 2524 660 2562 Meruisti
691 2533 840 2570 parere.

427 2627 522 2672 Ave,
555 2625 658 2662 cuius
689 2625 754 2671 pia
784 2625 892 2672 prole
1131 2624 1196 2663 76.

427 2683 651 2720 Peccatores
683 2684 769 2718 suut
799 2692 822 2718 a
851 2680 949 2718 mole

484 2740 728 2777 Peccatorum
759 2737 884 2786 liberi,

428 2799 530 2841 Quae
561 2795 706 2842 potenti
737 2795 862 2831 caelos
893 2794 1021 2843 palmo

428 2851 723 2888 Concludentem
755 2851 881 2888 brevis
912 2851 1010 2889 almo

485 2908 593 2944 Vallo
624 2908 743 2945 vallas
774 2908 884 2945 uteri.

1125 700 1189 738 71.

1128 1089 1192 1129 72.

1121 312 1184 349 70.
1231 311 1330 347 Miro
1361 311 1523 358 quodam
1555 314 1780 357 argumento

1232 366 1323 404 Cum
1356 367 1534 404 extremis
1565 367 1785 405 adiumento

1288 423 1475 470 Virginali
1506 423 1632 460 medio

1230 478 1358 516 Minus
1389 478 1508 516 infers
1541 481 1587 517 de
1618 479 1765 524 maiori,

1231 535 1305 573 Sed
1337 539 1375 572 et
1403 536 1524 573 maius
1556 536 1603 572 de
1633 536 1792 583 minori3

1286 591 1397 629 Felix
1428 593 1520 629 haec
1551 591 1687 632 illatio.

1237 701 1332 748 Ave,
1365 699 1484 747 virgo,
1517 699 1621 736 cuius
1653 709 1740 737 rore

1235 756 1401 793 Mundus
1431 760 1519 792 ante
1548 754 1688 792 florens
1717 753 1811 792 flore

1293 811 1479 849 Redivivo
1511 811 1636 861 viruit,

1233 869 1329 915 Ave,
1361 871 1492 914 mater,
1525 871 1656 911 mater,
1689 878 1771 914 ave,

1237 925 1351 963 Cuius
1383 924 1489 961 dirae
1518 925 1650 961 mortis
1680 936 1702 962 a
1731 934 1801 961 vae

1291 982 1429 1019 Partus
1459 992 1527 1018 nos
1559 981 1711 1027 eripuit.

1239 1089 1335 1136 Ave,
1368 1088 1479 1125 stella
1509 1088 1706 1136 matutina,

1237 1146 1339 1190 Quae
1369 1147 1544 1182 nutantes
1575 1145 1615 1181 in
1644 1143 1772 1182 labina

1294 1201 1404 1238 Vitae
1433 1201 1534 1248 regis
1563 1200 1753 1246 lubricae3

1242 1258 1338 1303 Ave,
1370 1258 1487 1307 virgo,
1521 1268 1631 1304 quam
1663 1268 1777 1304 super
1806 1267 1847 1295 se

1240 1314 1529 1361 Recognoscunt
1559 1318 1700 1351 tersam
1730 1319 1854 1352 tersae
1896 1340 1898 1343 ψ

1300 1371 1468 1408 Virtutes
1499 1371 1690 1408 uranicae.

1241 1473 1335 1522 Ave,
1368 1472 1549 1518 templum
1581 1472 1804 1521 Salomonis,

1239 1529 1333 1579 Ave,
1366 1529 1486 1566 vellus
1519 1528 1722 1576 Gedeonis,

1296 1589 1392 1634 Ave,
1425 1585 1532 1621 verbi
1563 1585 1701 1628 casula.

1240 1643 1285 1680 In
1316 1653 1389 1689 qua
1421 1642 1522 1678 Deus
1553 1641 1775 1678 incarnatur

1244 1698 1297 1736 Ut
1327 1702 1480 1736 ansatus
1511 1702 1685 1735 teneatur

1304 1755 1468 1792 Nostrae
1499 1754 1623 1791 carnis
1654 1754 1797 1793 ansula.

1241 1857 1338 1903 Ave,
1371 1856 1477 1903 virgo
1509 1856 1686 1903 gloriosa,

1241 1913 1356 1951 Cuius
1386 1922 1536 1959 semper
1567 1915 1624 1949 est
1654 1912 1797 1949 rimosa
1850 1942 1852 1944 .

1299 1969 1437 2006 Manus
1468 1968 1750 2015 indigentibus,

1239 2026 1296 2063 Tu
1326 2026 1431 2062 lusco
1461 2026 1538 2070 lux,
1570 2029 1611 2062 tu
1633 2024 1771 2062 claudo
1792 2034 1873 2074 pes,

1239 2082 1486 2120 Aerumnosis
1517 2092 1638 2128 opem,
1669 2091 1761 2129 opes

1299 2137 1430 2176 Influis
1460 2138 1651 2184 inopibus,

1246 2242 1339 2290 Ave,
1373 2239 1490 2287 virgo,
1523 2249 1633 2286 quam
1664 2238 1833 2276 turbavit

1245 2297 1329 2345 Ille,
1361 2297 1424 2343 qui
1452 2300 1489 2332 te
1519 2295 1701 2334 salutavit

1301 2354 1345 2391 In
1377 2352 1561 2399 conclavi,
1594 2351 1773 2400 Gabriel;

1246 2410 1319 2447 Per
1348 2413 1385 2446 te
1417 2413 1541 2446 rectus
1571 2408 1612 2446 fit
1644 2408 1830 2455 obliquus,

1246 2467 1320 2505 Per
1347 2469 1384 2502 te
1415 2475 1510 2512 puer
1540 2464 1581 2502 fit
1612 2465 1802 2513 antiquus,

1302 2523 1360 2560 De
1391 2533 1463 2569 quo
1494 2523 1648 2568 scripsit
1677 2521 1827 2559 Daniel.

1242 2624 1337 2672 Ave,
1370 2623 1478 2672 virgo
1510 2622 1736 2671 columbina,

1241 2680 1373 2727 Sedes,
1405 2679 1532 2727 aedes,
1565 2677 1720 2716 officina

1298 2736 1417 2774 Grata
1448 2735 1518 2772 Dei
1554 2735 1642 2785 filio,

1243 2793 1356 2831 Cuius
1387 2792 1513 2830 cordis
1544 2792 1582 2828 in
1612 2791 1764 2829 asbesto

1243 2849 1422 2889 Caritatis
1455 2847 1517 2886 fax
1548 2848 1706 2885 honesto

1297 2905 1524 2944 Flammavit
1555 2904 1744 2942 incendio.
