1914 3223
90 255 185 294 129.

97 673 190 713 130.

93 1090 187 1129 131.

91 1509 186 1550 132.

93 1928 188 1968 133.

92 2347 188 2386 134.

710 161 763 166 -
825 137 1029 181 641,-

231 255 326 303 Ave,
361 253 479 301 virgo,
512 263 578 290 vas
609 252 802 299 pudicum,

232 311 294 348 Ad
316 321 427 357 quam
444 309 546 347 auris
563 319 632 356 per
650 309 838 356 posticum

292 367 404 404 Venit
434 376 501 402 rex
533 366 750 410 astissonus,

227 424 342 463 Cuius
373 427 505 470 pectus
537 422 717 471 clipeavit

230 481 281 518 Et
312 479 359 517 ab
392 479 499 517 hoste
531 477 747 517 defensavit

284 537 482 573 Increatus
512 535 696 582 trigonus,

236 671 340 709 Deus
370 675 481 718 pater
510 670 629 717 gignit
659 674 801 716 natum,

236 728 307 774 Qui
330 738 413 764 cum
430 732 540 775 patre
557 727 678 773 spirat
695 725 837 777 flatum,

292 784 407 831 Ecce,
449 788 595 820 scutum
627 784 837 830 trigonum!

234 841 342 879 Istud
376 844 522 878 scutum
554 844 603 888 te,
636 840 775 884 Maria,

235 897 376 935 Contra
406 897 483 934 tela
514 897 586 934 tuit
600 894 634 945 ¹)
666 898 740 933 tria

287 954 438 1003 Mundi,
451 954 587 1003 carnis,
601 954 839 990 daemonum.

233 1089 333 1128 Dum
365 1093 402 1126 te
432 1089 557 1138 laudo,
599 1093 720 1126 mater
751 1089 837 1137 Dei,

232 1146 481 1183 Verecundor
510 1149 669 1192 propter
698 1145 771 1182 mei

288 1202 428 1240 Sens'us
459 1202 585 1240 scabri
616 1202 812 1248 sairosim;

232 1259 332 1297 Nam
363 1259 416 1296 nil
446 1270 516 1307 ago
547 1263 585 1296 te
615 1258 820 1309 laudando,

232 1316 307 1354 Sed
320 1327 399 1353 rem
409 1315 595 1365 grandem
608 1314 837 1353 defalcando

290 1373 412 1410 Pecco
443 1383 514 1420 per
543 1373 778 1420 tapeiussim.

233 1509 337 1547 Deus
368 1509 407 1547 in
439 1514 476 1546 te
507 1519 548 1546 se
576 1508 754 1555 minorat,

232 1565 447 1604 Minoratus
478 1569 516 1602 te
546 1565 707 1602 maiorat

288 1622 511 1661 Sanctitatis
541 1622 664 1669 apice,

231 1680 349 1726 Quam
366 1679 455 1716 dum
468 1690 583 1716 conor
595 1677 872 1726 commendare,

233 1735 340 1773 Nihil
371 1736 505 1783 loquor
534 1735 573 1772 in
603 1738 710 1773 tanta
740 1744 795 1782 re,

291 1791 367 1830 Sed
399 1791 561 1829 cornicis
588 1791 724 1829 ethice.

238 1928 376 1966 Omnes
408 1927 504 1964 caeli
534 1927 774 1974 philomenae

235 1983 486 2022 Laetabundo
517 1983 587 2020 tibi
618 1983 731 2030 plene

288 2041 430 2078 Dulces
463 2044 617 2078 cantant
638 2040 834 2086 modulos3

235 2097 310 2136 Sed
342 2097 553 2135 succumbit
580 2096 778 2134 harmonia

232 2155 328 2202 Quia
358 2155 491 2200 vincis,
523 2165 545 2190 0
574 2154 712 2197 Maria,

291 2212 405 2250 Tanti
436 2211 524 2248 meli
556 2210 700 2247 titulos,

235 2347 329 2385 Cum
348 2357 421 2384 non
439 2347 561 2393 possis
574 2346 686 2383 laude
700 2345 840 2394 claudi,

234 2402 290 2440 Te
321 2403 513 2441 laudando
544 2407 631 2440 tuae
659 2402 764 2439 laudi

289 2461 436 2498 Vereor
467 2459 681 2508 detrahere,

235 2517 354 2562 Quam
367 2527 441 2553 non
453 2520 579 2562 potest
591 2514 742 2555 Cherub
757 2514 886 2561 chelys

235 2572 359 2619 Digne
391 2572 514 2620 dignis
544 2572 655 2617 stilis,
688 2572 796 2608 melis

290 2628 467 2676 Digniter
497 2629 683 2666 attollere.

205 2773 232 2814 ¹)
267 2774 363 2805 cluit.
390 2791 433 2794 —

206 2817 234 2860 2)
269 2820 373 2851 Fone.
400 2835 442 2840 —

206 2861 234 2906 8)
273 2866 377 2897 Uaro.
406 2881 445 2885 —

913 253 1005 291 135.

913 670 1005 710 136.

912 1088 1005 1127 137.

912 1507 1004 1547 138.

913 1926 1007 1966 139.

915 2344 1006 2385 140.

157 2924 183 2950 D
191 2932 206 2950 r
215 2931 231 2950 e
239 2931 258 2949 v
267 2931 283 2949 e
293 2931 306 2948 s
317 2945 324 2956 ,
349 2922 552 2950 Lateinische
574 2922 865 2956 Hymnendichter.
903 2921 947 2949 11.

1053 251 1184 290 Omnis
1216 255 1334 301 actas,
1366 250 1486 288 omnis
1517 260 1629 288 sexus

1051 309 1271 357 Inclinatus,
1306 318 1455 356 curvus,
1487 305 1620 357 flexus,

1108 364 1238 404 Omnis
1265 364 1380 401 cosmi
1410 363 1525 409 natio,

1051 422 1181 460 Omnis
1213 421 1308 458 caeli
1339 419 1601 468 symphonista

1051 478 1106 516 Te
1137 478 1340 528 collaudat,
1382 477 1450 514 sed
1480 487 1553 514 non
1585 476 1658 514 ista

1109 533 1260 572 Sufficit
1290 534 1471 573 laudatio.

1052 669 1139 707 Tibi
1161 669 1292 707 laudes
1316 679 1465 716 curvae,
1497 679 1652 717 pronae,

1053 726 1147 763 Tam
1165 727 1314 773 puellae
1333 737 1444 773 quam
1461 729 1657 763 matronae

1109 783 1299 830 Senesque
1331 793 1414 820 cum
1445 782 1573 829 pueris

1053 839 1184 878 Phono
1216 837 1380 876 fundunt
1408 837 1615 886 indefesso,

1051 898 1151 944 Quas
1182 896 1361 933 virtutum
1393 895 1586 932 inaccesso

1109 952 1240 990 Phono
1254 950 1288 1002 2)
1320 951 1620 999 supergrederis.

1053 1088 1134 1125 Nec
1151 1088 1340 1125 Homerus
1352 1098 1473 1133 neque
1487 1087 1597 1124 Maro
1605 1083 1658 1136 3),

1055 1145 1172 1191 Virgo
1205 1145 1322 1192 clara,
1354 1144 1443 1181 stilo
1476 1143 1578 1180 claro

1107 1201 1260 1238 Laudes
1291 1206 1374 1238 tuas
1406 1204 1571 1247 caneret,

1050 1259 1170 1295 Immo
1201 1267 1322 1305 neque
1353 1257 1510 1295 Gabriel
1541 1260 1579 1292 te

1050 1315 1175 1362 Digna
1206 1325 1325 1363 musa,
1358 1314 1471 1361 digno
1503 1313 1600 1350 celte

1109 1371 1364 1409 Lucubrando
1394 1371 1579 1418 pingeret.

1051 1508 1146 1557 Ave,
1180 1507 1285 1544 cuius
1316 1507 1355 1544 in
1386 1505 1507 1553 figura

1055 1565 1195 1602 Potens
1212 1564 1298 1611 plus
1315 1574 1426 1611 quam
1443 1573 1505 1599 ars
1522 1566 1657 1599 natura

1112 1620 1328 1667 Descripsit
1357 1619 1559 1667 ingenium,

1052 1677 1128 1715 Sed
1161 1682 1297 1714 natura
1327 1675 1594 1714 succumbente

1052 1734 1126 1771 Dei
1154 1734 1279 1780 patris'
1306 1744 1368 1770 ars
1399 1732 1544 1769 intente

1111 1790 1324 1837 Complevit
1353 1789 1558 1836 negotium.

1052 1927 1149 1974 Ave,
1182 1925 1287 1962 cuius
1319 1923 1563 1972 pulchritudo

1054 1983 1144 2021 Plus
1162 1982 1325 2033 excellit,
1344 1979 1528 2029 quidquid
1542 1979 1653 2029 cudo,

1080 2040 1199 2085 Quam
1229 2039 1294 2076 lux
1327 2039 1417 2076 solis
1449 2036 1631 2082 faculam3

1053 2096 1169 2143 Ergo,
1201 2096 1265 2143 qui
1295 2105 1354 2132 me
1383 2094 1620 2132 laudatorem

1053 2152 1226 2189 Laudum
1243 2153 1343 2199 leget
1359 2156 1395 2188 et
1416 2150 1653 2197 scriptorem,

1111 2209 1295 2246 Irridebit
1325 2209 1479 2246 ululam.

1055 2346 1150 2392 Ave,
1183 2345 1302 2392 virgo,
1333 2354 1428 2391 qnae
1460 2343 1625 2381 candore

1052 2401 1170 2439 Nives
1202 2401 1321 2438 vincis
1353 2405 1389 2438 et
1421 2400 1557 2438 decore

1111 2458 1214 2507 Plus,
1238 2468 1348 2504 quam
1371 2467 1505 2494 corvos
1521 2456 1655 2502 lilium,

1053 2514 1167 2551 Cuius
1199 2515 1303 2551 vultu
1330 2514 1525 2560 sepelitur,

1048 2569 1656 2618 Quidquidsplendensinvenitur

1108 2626 1213 2664 Infra
1246 2627 1317 2664 Dei
1349 2626 1509 2664 radium.

1410 2918 1451 2951 41
