2031 3289
338 273 468 313 pallida
493 276 545 304 est
570 274 659 314 iugis
679 273 762 311 Hs.;
789 273 817 303 G
843 272 925 302 liisst
950 275 1002 302 est
1032 272 1123 312 iugis
1148 271 1199 302 als
1225 271 1508 303 unverstiindlieh
1529 282 1602 303 aus.
1627 289 1670 293 —
1687 270 1718 311 6,
1747 271 1891 304 lnoctis

338 318 400 348 Hs.
428 336 470 340 —
495 316 526 355 7,
552 315 572 348 2
598 317 800 349 subdedisse
819 318 899 354 Hs.;
926 317 955 348 G
973 316 1168 347 vei-bessert
1192 326 1228 347 se
1252 317 1335 356 tibi3
1361 317 1467 348 allein
1493 317 1581 348 auch
1600 317 1656 349 die
1673 317 1890 349 iiberlieferte

336 363 461 394 Lesart
484 362 567 394 l'asst
591 364 691 393 einen
716 366 823 402 guten
849 362 935 392 Sinn
961 372 1013 392 zu.
1044 378 1078 381 —
1111 358 1162 397 13,
1189 359 1209 392 2
1233 371 1377 402 corpora
1402 362 1465 392 Hs.
1493 380 1535 384 -—

430 408 629 439 Gamurrini
656 407 731 438 hiilt
761 406 879 438 diesen
905 407 1066 447 Hymnus
1090 406 1144 436 fiir
1169 405 1230 437 das
1254 406 1363 437 Werk
1389 408 1485 437 einer
1509 408 1618 445 Frau,
1644 407 1710 438 den
1734 407 1892 439 Hilarius

338 453 373 483 111
407 454 482 484 sein
511 451 761 493 Hymuenbuch
788 452 1050 492 aufgenommen
1076 451 1182 489 habe,
1216 451 1285 482 und
1310 452 1445 484 Schanz
1469 452 1591 484 Gesch.
1618 451 1677 484 der
1702 453 1798 485 Rom.
1823 454 1891 485 Lit.

336 498 395 536 IV,
430 496 495 529 204
530 509 560 529 u.
588 497 627 527 f.:
664 496 732 537 „Es
759 497 805 527 ist
830 496 933 527 kaum
959 495 1153 537 glaublich,
1186 496 1260 527 dass
1287 496 1446 528 Hilarius
1471 497 1546 528 hier
1570 498 1617 528 im
1642 497 1774 529 Namen
1799 499 1894 529 einer

335 543 511 584 Jungfrau
537 542 680 583 spricht,
707 542 770 572 wir
793 542 945 582 glauben
970 540 1138 572 vielmehr
1161 541 1217 572 die
1243 541 1424 572 weibliche
1451 542 1594 574 Stimme
1620 542 1728 573 selbst
1753 553 1794 573 zu
1818 553 1892 574 ver-

567 588 707 619 Diesem
731 587 891 618 Glauben
926 589 972 618 ist
1004 586 1111 618 sehon
1143 587 1183 618 L.
1216 586 1400 617 Duchesne
1427 585 1593 625 (Bulletin
1624 588 1770 629 critique
1797 585 1892 622 18872

530 671 545 676 ..
914 632 993 674 Vgl.
1028 631 1115 662 auch
1148 631 1296 662 Zeitsch.
1327 632 1349 661 f.
1383 631 1482 663 kath.
1512 631 1701 673 Theologie
1734 642 1763 663 a.
1797 643 1827 664 a.
1853 633 1893 664 O.

340 679 373 708 s.
397 676 472 709 364.
522 678 696 717 Ubrigens
730 677 824 708 kann
855 677 915 709 der
940 678 1100 718 Hymnus
1133 676 1221 707 auch
1256 676 1351 707 recht
1375 677 1465 707 wohl
1492 677 1551 708 der
1576 677 1681 707 durch
1707 677 1761 708 die
1785 678 1893 709 Taufe

336 587 494 619 nehmen.
501 586 516 601 ‘⁸'

336 634 397 664 Nr.
433 630 488 674 13)
520 634 855 673 entgegengetreten.

990 160 1239 200 „8—

339 722 662 765 wiedergeborenen
688 722 786 754 Seele
816 723 852 753 in
877 723 941 754 deu
967 722 1075 753 Mund
1101 722 1215 761 gelegt
1240 722 1325 752 sein.

406 1097 442 1135 1.

412 2046 433 2081 Cf(

839 901 875 936 3.
911 900 970 942 (3.)
1006 901 1181 943 Hymnus
1207 899 1375 934 Tertius

951 982 1001 1020 (in
1025 981 1091 1012 fine
1116 978 1282 1016 mutilus).

477 1095 586 1133 Adae
618 1095 742 1132 carnis
773 1095 930 1142 gloriam
963 1099 1000 1131 et
1028 1094 1161 1132 caduci
1192 1083 1360 1140 corporis

475 1153 519 1189 In
551 1152 705 1189 caelesti
736 1163 883 1188 rursum
915 1152 1040 1189 Adam
1072 1150 1312 1187 concinamus
1342 1151 1502 1198 proelia⁷

474 1209 547 1246 Per
576 1219 671 1255 quae
701 1208 862 1255 primum
895 1208 1053 1246 Satanas
1085 1212 1141 1243 est
1171 1207 1295 1244 Adam
1327 1208 1447 1244 victus
1477 1208 1516 1244 in
1547 1217 1657 1245 nov0.

438 1362 446 1370 .
478 1332 610 1369 Hostis
642 1330 761 1369 fallax
792 1332 1026 1369 saeculorum
1058 1335 1095 1368 et
1128 1332 1233 1368 dirae
1261 1331 1393 1368 mortis
1424 1329 1563 1368 artifex

472 1390 552 1427 Iam
585 1388 753 1425 consiliis
785 1393 863 1426 toto
894 1388 933 1424 in
963 1388 1054 1424 orbe
1086 1387 1267 1434 viperinis
1300 1388 1454 1424 consitis

473 1446 539 1482 Nil
570 1445 620 1482 ad
651 1445 811 1482 salutem
843 1449 1039 1492 praestare
1070 1455 1175 1491 spem
1207 1444 1405 1481 humanam
1440 1444 1645 1481 existimat.

477 1569 628 1607 Gaudet
658 1569 747 1614 aris,
779 1568 918 1616 gaudet
948 1569 1113 1615 templis,
1146 1568 1285 1614 gaudet
1315 1569 1420 1604 sanie
1451 1567 1638 1612 victimae,

476 1625 627 1663 Gaudet
659 1624 778 1672 falsis,
810 1625 949 1672 gaudet
980 1625 1135 1671 stupris,
1168 1625 1306 1671 gaudet
1339 1624 1430 1661 belli
1460 1624 1655 1673 sanguine,

474 1682 624 1720 Gaudet
655 1682 749 1719 caeli
785 1681 1016 1719 conditorem
1047 1681 1215 1727 ignorari
1245 1681 1430 1728 gentibus,

476 1807 582 1843 Inter
612 1808 717 1842 tanta
750 1805 838 1842 dum
869 1804 1035 1841 exsultat
1067 1807 1219 1841 nostrae
1251 1804 1371 1841 cladis
1402 1802 1548 1851 funera,

475 1863 557 1900 Deo
590 1862 697 1899 audit
726 1862 764 1898 in
797 1861 957 1898 excelsis
989 1860 1156 1897 nuntiari
1187 1861 1344 1908 gloriam

475 1919 525 1956 Et
556 1919 594 1955 111
626 1923 729 1955 terra
759 1928 892 1965 pacem
922 1917 1112 1954 hominum
1144 1917 1349 1954 voluntatis
1379 1917 1554 1964 optimae.

481 2044 613 2080 Terret
646 2045 775 2078 coetus
806 2042 1024 2089 angelorum
1055 2041 1176 2078 laetus
1207 2041 1280 2077 ista
1310 2041 1548 2087 praedicans,

478 2100 615 2136 Terret
646 2098 836 2135 Christum
868 2098 981 2134 terris
1013 2102 1139 2134 natum
1172 2098 1349 2134 nuntians
1380 2097 1610 2144 pastoribus,

478 2157 658 2203 Magnum
689 2155 841 2201 populis
872 2155 960 2191 hinc
992 2153 1158 2190 futurum
1192 2154 1404 2200 desperatis
1435 2153 1624 2200 gaudium.

477 2279 594 2316 Errat
623 2284 752 2326 partes
783 2280 821 2316 in
854 2279 1025 2316 diversas
1056 2278 1172 2314 tantis
1204 2277 1315 2314 rebus
1344 2278 1491 2323 anxius,

474 2336 629 2382 Quaerit
657 2336 783 2373 audax
814 2340 864 2381 et,
899 2336 981 2382 quis
1012 2335 1074 2371 hic
1104 2335 1166 2381 sit,
1200 2333 1267 2371 tali
1298 2334 1432 2381 dignus
1462 2334 1606 2380 nuntio,

476 2392 580 2429 Nihil
612 2393 726 2437 ultra,
758 2403 869 2439 quam
901 2401 1095 2429 commune
1126 2394 1195 2434 est,
1229 2390 1343 2427 terris
1373 2395 1497 2427 ortum
1527 2394 1720 2428 contuens,

481 2517 612 2553 Cernit
642 2520 767 2553 tamen
799 2513 907 2565 (his),
939 2515 1038 2562 quod
1071 2515 1263 2552 Johannes
1294 2515 1331 2551 in
1365 2514 1524 2551 desertis
1556 2514 1752 2560 praedicet

478 2573 602 2625 Aquis
632 2584 800 2609 mersans
831 2573 869 2608 in
899 2572 1079 2609 ,Iordanis
1111 2572 1254 2608 cunctis
1285 2571 1566 2619 paenitentiam,

479 2631 596 2677 Quam
627 2633 806 2675 sequatur
837 2627 1093 2665 confessorum
1126 2628 1322 2664 criminum
1355 2628 1537 2665 remissio.

480 2755 584 2791 Inter
616 2753 760 2799 ‘turbas⁷
794 2763 888 2799 quae
922 2751 1140 2799 frequenter
1170 2751 1448 2798 mergebantur,
1480 2751 1618 2798 accipit

479 2811 616 2847 Vocem
649 2821 669 2846 8
701 2810 806 2846 caelo
837 2809 1141 2857 praedicantem:
1174 2819 1277 2844 meus
1308 2813 1365 2844 est
1394 2808 1455 2844 hic
1485 2806 1597 2854 filius,

478 2867 587 2903 Hunc
619 2867 760 2914 audite,
794 2866 855 2902 1118
887 2866 1059 2909 dilectus,
1092 2865 1128 2900 in
1163 2876 1234 2911 quo
1264 2865 1353 2901 1111111
1386 2861 1630 2910 001nplacet‚“
