1914 3223
706 197 1012 238 —291—

102 318 154 357 34
167 327 201 355 a.
232 316 262 354 O
284 324 369 363 spes
390 317 528 364 nostra,
553 313 627 350 dux
650 316 684 350 et
708 313 821 359 salus,

232 372 301 410 Per
321 382 429 419 quam
451 370 539 408 mali
561 368 679 406 foetet
699 368 820 418 palus,

232 429 302 466 Per
321 438 429 475 quam
452 427 550 464 redit
565 426 684 463 omnis
701 423 821 471 malus

282 485 344 523 Ad
374 484 504 521 salutis
536 483 693 530 veniam,

98 584 198 621 3521.
234 578 819 628 l‘erquamquisquissublimntus

228 638 272 675 Et
304 638 340 674 in
364 637 511 673 Christo
543 641 816 673 consummatus

229 697 380 732 Sursum
409 692 555 730 scandit
586 692 757 736 elimatus

284 751 343 787 Ad
374 750 571 787 caelestem
604 749 774 796 patriam.

108 849 159 886 36
171 858 204 886 u.
239 846 420 883 Miserere
450 845 666 892 paenitenti,

234 902 406 940 Misereri
438 901 644 941 confitenti.

234 959 415 996 Miserere
445 947 637 1003 met‘uenti,

288 1015 414 1053 Mater
442 1014 708 1062 indulgentiae.

102 1113 201 1151 3721.
235 1112 359 1149 Mater
389 1111 487 1148 alma
517 1115 766 1160 peccatorum,

230 1169 296 1206 Pia
326 1168 450 1204 nutrix
483 1178 757 1213 conversorum,

232 1224 453 1262 Revocatrix
486 1235 702 1260 aversorum

286 1281 345 1318 Ad
380 1281 473 1317 viam
507 1280 682 1329 iustitiae,

195 1407 204 1416 .
236 1378 360 1415 Mater
390 1382 530 1417 nostra.
563 1381 682 1413 mater
711 1377 795 1423 Dei,

231 1434 466 1472 Consolutrix
499 1433 635 1470 blanda
668 1434 722 1470 rei

231 1492 273 1528 ln
305 1501 420 1537 agone
450 1494 601 1526 sanctae
631 1490 722 1537 spei,

232 1548 347 1593 ldem,
379 1557 524 1595 precor,
557 1551 637 1582 esto
667 1547 752 1594 mei,

286 1603 336 1641 Ut
365 1603 403 1639 in
436 1603 502 1639 hoc
533 1613 783 1650 permaneam,

101 1702 199 1738 3921.
231 1700 355 1737 Mater
383 1698 686 1746 omnipotentiae,

227 1756 397 1793 Summae
428 1756 532 1803 virgo
563 1755 799 1803 prudentiae,

224 1811 467 1850 Multiformis
498 1823 563 1849 vas
593 1812 748 1861 gratiae,

225 1869 386 1906 Metreta
418 1869 636 1915 sapientiae,

282 1925 450 1962 Paradisi
480 1924 632 1962 flumina

100 2023 152 2059 40
165 2033 198 2061 a.
231 2021 303 2058 Sed
334 2021 489 2068 singulis
518 2021 554 2058 in
587 2031 760 2058 mensura

223 2078 273 2114 Et
302 2078 502 2114 secundum
534 2088 600 2114 sua
630 2079 711 2116 iura

224 2135 286 2179 Et,
318 2140 356 2170 ut
388 2140 449 2171 tna
481 2145 630 2181 semper
660 2145 749 2172 eura

224 2191 380 2228 Pietatis
411 2190 573 2228 reddant
603 2196 699 2238 tura,

280 2247 465 2284 Virtutum
496 2248 711 2294 spiramina.

95 2344 194 2381 4121.
229 2344 351 2381 Primo
382 2355 537 2391 namque
569 2345 773 2392 paenitere,

226 2400 314 2437 Post
343 2400 511 2437 immittis
542 2401 744 2446 continere,

223 2456 323 2493 Hinc
352 2456 508 2493 virtutes
539 2467 726 2501 exercere,

222 2512 341 2550 Deum
372 2513 520 2550 tandem
552 2514 611 2551 hie
643 2515 770 2552 videre

279 2569 352 2606 Per
383 2569 547 2607 nubilum
579 2571 733 2618 speculi.

892 312 990 351 341».
1012 314 1085 351 Per
1114 322 1224 358 quant
1245 321 1401 358 pauper
1430 309 1618 354 spiritalis

1007 370 1144 406 Factus
1176 371 1351 406 constans
1383 371 1420 404 et
1451 366 1576 404 vitalis

1006 426 1096 462 Tuis
1129 423 1250 461 fertur
1280 428 1366 471 post
1395 428 1432 460 te
1462 423 1533 460 alis

1062 483 1124 519 Ad
1159 481 1338 519 virtutum
1369 480 1542 529 gratiam,

893 581 942 617 35
958 577 992 616 b.
1014 579 1102 624 Oro,
1135 577 1225 614 mihi
1257 576 1461 624 peccatori,

1007 635 1117 681 Legis
1150 634 1218 670 Dei
1250 632 1533 680 transgressori,

1003 691 1116 735 Tuae,
1148 690 1231 738 lieu,
1264 689 1514 735 contemptori

1064 747 1177 794 Legis
1209 746 1474 793 continentiae,

898 844 994 883 361».
1013 844 1139 881 Mater
1169 842 1240 880 Dei
1271 841 1536 890 p.·aesidentis,

1009 901 1136 938 Mater
1167 899 1222 936 rei
1251 899 1492 946 paenitentis,

1012 957 1138 995 Mater
1166 956 1247 1003 spei
1278 955 1549 1003 praepollentis

1068 1015 1111 1051 In
1142 1013 1230 1050 filiis
1261 1013 1417 1060 gratiae,

897 1110 994 1149 3712.
1013 1110 1091 1147 Nos
1123 1109 1283 1147 emunda
1313 1118 1454 1156 nosque
1485 1106 1584 1156 fove,

1008 1167 1085 1204 Nos
1117 1166 1320 1215 circumda,
1355 1169 1479 1203 eastra
1509 1175 1616 1202 move

1007 1223 1254 1261 Munimentis
1285 1233 1433 1269 semper
1463 1232 1580 1259 novae

1062 1280 1165 1317 Tuae
1195 1279 1429 1327 diligentiae.

896 1376 993 1416 38b.
1011 1377 1062 1415 Ut
1093 1387 1220 1413 amore
1250 1375 1358 1413 filiali

1008 1434 1125 1470 Matri
1156 1443 1260 1470 meae
1289 1432 1465 1479 spiritali,

1006 1490 1090 1526 Non
1122 1492 1168 1527 de
1199 1489 1322 1537 plebe,
1354 1489 1422 1526 sed
1453 1489 1584 1538 regali,

1006 1546 1206 1584 Liberatus
1236 1544 1338 1583 fluxu
1367 1546 1456 1582 mali

1062 1603 1147 1640 Tibi
1179 1603 1234 1639 sie
1265 1603 1497 1640 cohaeream.

891 1699 987 1738 3912.
1005 1700 1062 1736 Tu
1092 1699 1272 1746 propinas
1305 1698 1510 1745 confitenti,

1009 1756 1083 1793 Sed
1116 1766 1160 1792 ex
1193 1755 1307 1792 eorde
1337 1756 1557 1806 paenitenti,

1002 1813 1057 1849 Tu
1088 1812 1271 1859 propinas
1302 1812 1457 1860 sitienti,

1002 1869 1058 1906 Tu
1089 1869 1266 1915 propinas
1297 1869 1384 1915 piae
1416 1870 1533 1906 menti

1059 1925 1174 1962 Verbi
1206 1925 1277 1962 Dei
1308 1926 1472 1973 numina,

890 2022 989 2062 40b.
1008 2022 1126 2059 Filios
1156 2022 1240 2068 ipsa
1270 2022 1413 2068 veniae,

1002 2079 1121 2116 Filios
1152 2078 1409 2129 castimoniae,

1001 2135 1121 2172 Filios
1152 2134 1246 2172 facis
1277 2136 1434 2182 gratiae,

1001 2192 1119 2231 Filios
1152 2192 1299 2229 demum
1330 2192 1486 2241 gloriae,

1058 2249 1232 2286 Piissima
1264 2249 1427 2288 domina.

889 2346 985 2384 41b.
1004 2346 1119 2395 Ergo,
1150 2346 1262 2382 vitam
1285 2345 1443 2383 horrens
1465 2346 1602 2383 malam

999 2403 1050 2440 Et
1080 2403 1258 2439 ancillam
1291 2403 1414 2439 earnis
1446 2403 1592 2452 Balam,

998 2459 1090 2508 Fae,
1098 2464 1137 2496 ut
1147 2459 1243 2496 hanc
1252 2469 1409 2496 conscen
1417 2460 1508 2496 dens
1516 2459 1626 2510 alam,

998 2515 1079 2553 Deo
1111 2520 1233 2552 tecum
1265 2514 1370 2553 fruar
1401 2517 1527 2563 palam

1055 2573 1099 2610 In
1131 2572 1321 2610 saeculum
1352 2573 1506 2611 saeculi.

536 2660 704 2708 Explicit
732 2661 946 2710 capitulum
975 2663 1166 2709 quintum,

446 2774 640 2822 Incipit
678 2774 862 2812 titulus
902 2775 1256 2814 subiectorum.

192 2856 360 2894 Finalem
392 2857 643 2895 subiectorum
674 2859 880 2897 orationem
914 2861 1105 2908 praesenti
1137 2860 1280 2909 libello,
1315 2861 1404 2899 dum
1435 2860 1560 2900 adhuc
1590 2863 1627 2900 in

78 2912 264 2950 schedulis
290 2924 382 2962 opus
417 2925 525 2951 omne
558 2915 713 2963 lateret,
756 2917 870 2955 tacita
902 2924 1025 2956 mente
1055 2917 1281 2955 subnectere
1309 2919 1543 2966 meditabar,
1576 2920 1628 2956 rei

1352 2983 1420 3017 19*
