<?xml version="1.0" encoding="UTF-8"?>
<!DOCTYPE html PUBLIC "-//W3C//DTD XHTML 1.0 Transitional//EN"
    "http://www.w3.org/TR/xhtml1/DTD/xhtml1-transitional.dtd">
<html xmlns="http://www.w3.org/1999/xhtml" xml:lang="en" lang="en">
 <head>
  <title>
</title>
<meta http-equiv="Content-Type" content="text/html;charset=utf-8" />
  <meta name='ocr-system' content='tesseract 3.04.00' />
  <meta name='ocr-capabilities' content='ocr_page ocr_carea ocr_par ocr_line ocrx_word'/>
</head>
<body>
  <div class='ocr_page' id='page_1' title='image "./hymnographilatin01drevuoft_0980.png"; bbox 0 0 2031 3289; ppageno 0'>
   <div class='ocr_carea' id='block_1_1' title="bbox 842 199 1142 239">
    <p class='ocr_par' dir='ltr' id='par_1_1' title="bbox 842 199 1142 239">
     <span class='ocr_line' id='line_1_1' title="bbox 842 199 1142 239; baseline -0.007 1"><span class='ocrx_word' id='word_1_1' title='bbox 842 199 1142 239; x_wconf 79' lang='lat'>—422—</span> 
     </span>
    </p>
   </div>
   <div class='ocr_carea' id='block_1_2' title="bbox 464 313 1342 530">
    <p class='ocr_par' dir='ltr' id='par_1_2' title="bbox 464 313 1342 530">
     <span class='ocr_line' id='line_1_2' title="bbox 464 313 1342 360; baseline -0.008 -5"><span class='ocrx_word' id='word_1_2' title='bbox 464 320 500 356; x_wconf 91' lang='lat'>5.</span> <span class='ocrx_word' id='word_1_3' title='bbox 534 317 635 354; x_wconf 89' lang='lat' dir='ltr'>Laus</span> <span class='ocrx_word' id='word_1_4' title='bbox 666 314 837 352; x_wconf 89' lang='lat' dir='ltr'>sublimis</span> <span class='ocrx_word' id='word_1_5' title='bbox 867 323 969 360; x_wconf 84' lang='lat' dir='ltr'>opes,</span> <span class='ocrx_word' id='word_1_6' title='bbox 1003 313 1143 350; x_wconf 82' lang='lat' dir='ltr'>crimen</span> <span class='ocrx_word' id='word_1_7' title='bbox 1177 316 1342 360; x_wconf 39' lang='lat' dir='ltr'>egestas?</span> 
     </span>
     <span class='ocr_line' id='line_1_3' title="bbox 531 368 1332 418; baseline -0.007 -8"><span class='ocrx_word' id='word_1_8' title='bbox 531 371 748 418; x_wconf 76' lang='lat' dir='ltr'>PraepoIIet</span> <span class='ocrx_word' id='word_1_9' title='bbox 780 368 939 418; x_wconf 81' lang='lat' dir='ltr'>facinus,</span> <span class='ocrx_word' id='word_1_10' title='bbox 972 369 1101 406; x_wconf 83' lang='lat' dir='ltr'>sordet</span> <span class='ocrx_word' id='word_1_11' title='bbox 1133 369 1332 414; x_wconf 55' lang='lat' dir='ltr'>honestas,</span> 
     </span>
     <span class='ocr_line' id='line_1_4' title="bbox 530 425 1276 471; baseline -0.007 -6"><span class='ocrx_word' id='word_1_12' title='bbox 530 428 600 471; x_wconf 86' lang='lat' dir='ltr'>Ha,</span> <span class='ocrx_word' id='word_1_13' title='bbox 630 438 728 464; x_wconf 89' lang='lat' dir='ltr'>nunc</span> <span class='ocrx_word' id='word_1_14' title='bbox 758 426 930 464; x_wconf 86' lang='lat' dir='ltr'><strong>innocuis</strong></span> <span class='ocrx_word' id='word_1_15' title='bbox 960 425 1043 462; x_wconf 81' lang='lat' dir='ltr'>iura</span> <span class='ocrx_word' id='word_1_16' title='bbox 1074 426 1276 469; x_wconf 79' lang='lat' dir='ltr'>minantur,</span> 
     </span>
     <span class='ocr_line' id='line_1_5' title="bbox 529 481 1252 530; baseline -0.006 -9"><span class='ocrx_word' id='word_1_17' title='bbox 529 483 623 521; x_wconf 88' lang='lat' dir='ltr'>Ausi</span> <span class='ocrx_word' id='word_1_18' title='bbox 654 481 838 530; x_wconf 87' lang='lat' dir='ltr'>flagitium</span> <span class='ocrx_word' id='word_1_19' title='bbox 864 486 1016 528; x_wconf 86' lang='lat' dir='ltr'>sceptra</span> <span class='ocrx_word' id='word_1_20' title='bbox 1046 481 1252 518; x_wconf 79' lang='lat' dir='ltr'>lucrantur.</span> 
     </span>
    </p>
   </div>
   <div class='ocr_carea' id='block_1_3' title="bbox 462 581 1292 800">
    <p class='ocr_par' dir='ltr' id='par_1_3' title="bbox 462 581 1292 800">
     <span class='ocr_line' id='line_1_6' title="bbox 462 581 1292 631; baseline -0.006 -8"><span class='ocrx_word' id='word_1_21' title='bbox 462 586 498 625; x_wconf 88' lang='lat'>6.</span> <span class='ocrx_word' id='word_1_22' title='bbox 531 584 604 630; x_wconf 86' lang='lat' dir='ltr'>Ha,</span> <span class='ocrx_word' id='word_1_23' title='bbox 637 594 747 631; x_wconf 87' lang='lat' dir='ltr'>quam</span> <span class='ocrx_word' id='word_1_24' title='bbox 779 583 943 620; x_wconf 84' lang='lat' dir='ltr'>sollicito</span> <span class='ocrx_word' id='word_1_25' title='bbox 974 583 1130 629; x_wconf 83' lang='lat' dir='ltr'>quisque</span> <span class='ocrx_word' id='word_1_26' title='bbox 1157 581 1292 619; x_wconf 77' lang='lat' dir='ltr'>labore</span> 
     </span>
     <span class='ocr_line' id='line_1_7' title="bbox 532 639 1225 685; baseline -0.004 -7"><span class='ocrx_word' id='word_1_27' title='bbox 532 641 714 679; x_wconf 83' lang='lat' dir='ltr'>Occursat</span> <span class='ocrx_word' id='word_1_28' title='bbox 744 639 889 677; x_wconf 87' lang='lat' dir='ltr'>medico</span> <span class='ocrx_word' id='word_1_29' title='bbox 922 639 1045 676; x_wconf 86' lang='lat' dir='ltr'>carnis</span> <span class='ocrx_word' id='word_1_30' title='bbox 1076 649 1225 685; x_wconf 78' lang='lat' dir='ltr'>amore3</span> 
     </span>
     <span class='ocr_line' id='line_1_8' title="bbox 531 695 1266 741; baseline -0.004 -7"><span class='ocrx_word' id='word_1_31' title='bbox 531 697 588 734; x_wconf 84' lang='lat' dir='ltr'>De</span> <span class='ocrx_word' id='word_1_32' title='bbox 618 696 759 734; x_wconf 83' lang='lat' dir='ltr'>morbis</span> <span class='ocrx_word' id='word_1_33' title='bbox 790 696 935 733; x_wconf 84' lang='lat' dir='ltr'>animae</span> <span class='ocrx_word' id='word_1_34' title='bbox 965 695 1070 732; x_wconf 84' lang='lat' dir='ltr'>nulla</span> <span class='ocrx_word' id='word_1_35' title='bbox 1100 695 1266 741; x_wconf 83' lang='lat' dir='ltr'>querela,</span> 
     </span>
     <span class='ocr_line' id='line_1_9' title="bbox 531 751 1271 800; baseline 0 -10"><span class='ocrx_word' id='word_1_36' title='bbox 531 755 734 800; x_wconf 78' lang='lat' dir='ltr'>Aegrotam</span> <span class='ocrx_word' id='word_1_37' title='bbox 768 752 938 798; x_wconf 79' lang='lat' dir='ltr'>sequitur</span> <span class='ocrx_word' id='word_1_38' title='bbox 968 752 1079 788; x_wconf 83' lang='lat' dir='ltr'>tarda</span> <span class='ocrx_word' id='word_1_39' title='bbox 1111 751 1271 790; x_wconf 79' lang='lat' dir='ltr'>medela.</span> 
     </span>
    </p>
   </div>
   <div class='ocr_carea' id='block_1_4' title="bbox 463 850 1376 1058">
    <p class='ocr_par' dir='ltr' id='par_1_4' title="bbox 463 850 1376 1058">
     <span class='ocr_line' id='line_1_10' title="bbox 463 850 1295 898; baseline -0.002 -8"><span class='ocrx_word' id='word_1_40' title='bbox 463 853 497 890; x_wconf 83' lang='lat'>7.</span> <span class='ocrx_word' id='word_1_41' title='bbox 528 853 608 898; x_wconf 83' lang='lat' dir='ltr'>Quo</span> <span class='ocrx_word' id='word_1_42' title='bbox 638 856 713 889; x_wconf 88' lang='lat' dir='ltr'>tam</span> <span class='ocrx_word' id='word_1_43' title='bbox 746 850 824 888; x_wconf 83' lang='lat' dir='ltr'>fida</span> <span class='ocrx_word' id='word_1_44' title='bbox 856 861 978 888; x_wconf 86' lang='lat' dir='ltr'>comes</span> <span class='ocrx_word' id='word_1_45' title='bbox 1010 851 1079 887; x_wconf 89' lang='lat' dir='ltr'>sim</span> <span class='ocrx_word' id='word_1_46' title='bbox 1112 851 1295 897; x_wconf 80' lang='lat' dir='ltr'>reditura,</span> 
     </span>
     <span class='ocr_line' id='line_1_11' title="bbox 533 906 1353 954; baseline -0.004 -9"><span class='ocrx_word' id='word_1_47' title='bbox 533 909 651 954; x_wconf 82' lang='lat' dir='ltr'>Quam</span> <span class='ocrx_word' id='word_1_48' title='bbox 683 908 831 945; x_wconf 77' lang='lat' dir='ltr'>tristem</span> <span class='ocrx_word' id='word_1_49' title='bbox 865 907 1019 945; x_wconf 82' lang='lat' dir='ltr'>calicem</span> <span class='ocrx_word' id='word_1_50' title='bbox 1051 912 1140 943; x_wconf 88' lang='lat' dir='ltr'>tunc</span> <span class='ocrx_word' id='word_1_51' title='bbox 1172 906 1353 953; x_wconf 70' lang='lat' dir='ltr'>bibitura7</span> 
     </span>
     <span class='ocr_line' id='line_1_12' title="bbox 533 961 1376 1013; baseline -0.005 -11"><span class='ocrx_word' id='word_1_52' title='bbox 533 964 617 1002; x_wconf 83' lang='lat' dir='ltr'>Non</span> <span class='ocrx_word' id='word_1_53' title='bbox 653 964 832 1010; x_wconf 86' lang='lat' dir='ltr'>attendis,</span> <span class='ocrx_word' id='word_1_54' title='bbox 864 964 987 1013; x_wconf 82' lang='lat' dir='ltr'>homo,</span> <span class='ocrx_word' id='word_1_55' title='bbox 1021 963 1196 1010; x_wconf 81' lang='lat' dir='ltr'>quodque</span> <span class='ocrx_word' id='word_1_56' title='bbox 1227 961 1376 1011; x_wconf 78' lang='lat' dir='ltr'>fateris,</span> 
     </span>
     <span class='ocr_line' id='line_1_13' title="bbox 532 1019 1267 1058; baseline -0.004 0"><span class='ocrx_word' id='word_1_57' title='bbox 532 1021 612 1058; x_wconf 73' lang='lat' dir='ltr'>Nec</span> <span class='ocrx_word' id='word_1_58' title='bbox 643 1020 764 1058; x_wconf 80' lang='lat' dir='ltr'>nostri</span> <span class='ocrx_word' id='word_1_59' title='bbox 796 1020 935 1057; x_wconf 77' lang='lat' dir='ltr'>sociam</span> <span class='ocrx_word' id='word_1_60' title='bbox 967 1030 1036 1056; x_wconf 85' lang='lat' dir='ltr'>nec</span> <span class='ocrx_word' id='word_1_61' title='bbox 1069 1019 1267 1057; x_wconf 82' lang='lat' dir='ltr'>revereris.</span> 
     </span>
    </p>
   </div>
   <div class='ocr_carea' id='block_1_5' title="bbox 462 1121 1313 1338">
    <p class='ocr_par' dir='ltr' id='par_1_5' title="bbox 462 1121 1313 1338">
     <span class='ocr_line' id='line_1_14' title="bbox 462 1121 1313 1168; baseline -0.005 -7"><span class='ocrx_word' id='word_1_62' title='bbox 462 1124 499 1164; x_wconf 81' lang='lat'>8.</span> <span class='ocrx_word' id='word_1_63' title='bbox 533 1123 595 1161; x_wconf 87' lang='lat' dir='ltr'>Sic</span> <span class='ocrx_word' id='word_1_64' title='bbox 626 1133 737 1168; x_wconf 84' lang='lat' dir='ltr'>nunc,</span> <span class='ocrx_word' id='word_1_65' title='bbox 770 1122 824 1158; x_wconf 82' lang='lat' dir='ltr'>sie</span> <span class='ocrx_word' id='word_1_66' title='bbox 861 1122 974 1158; x_wconf 81' lang='lat' dir='ltr'>etiam</span> <span class='ocrx_word' id='word_1_67' title='bbox 1005 1126 1091 1158; x_wconf 88' lang='lat' dir='ltr'>sunt</span> <span class='ocrx_word' id='word_1_68' title='bbox 1123 1121 1192 1158; x_wconf 87' lang='lat' dir='ltr'>tibi</span> <span class='ocrx_word' id='word_1_69' title='bbox 1223 1125 1313 1157; x_wconf 79' lang='lat' dir='ltr'>nota</span> 
     </span>
     <span class='ocr_line' id='line_1_15' title="bbox 535 1179 1296 1226; baseline -0.004 -9"><span class='ocrx_word' id='word_1_70' title='bbox 535 1180 612 1217; x_wconf 74' lang='lat' dir='ltr'>Nec</span> <span class='ocrx_word' id='word_1_71' title='bbox 643 1183 803 1226; x_wconf 80' lang='lat' dir='ltr'>prosunt</span> <span class='ocrx_word' id='word_1_72' title='bbox 833 1179 978 1216; x_wconf 79' lang='lat' dir='ltr'>animae</span> <span class='ocrx_word' id='word_1_73' title='bbox 1010 1182 1065 1216; x_wconf 88' lang='lat' dir='ltr'>tot</span> <span class='ocrx_word' id='word_1_74' title='bbox 1097 1189 1164 1215; x_wconf 82' lang='lat' dir='ltr'>sua</span> <span class='ocrx_word' id='word_1_75' title='bbox 1194 1183 1296 1224; x_wconf 74' lang='lat' dir='ltr'>vota,</span> 
     </span>
     <span class='ocr_line' id='line_1_16' title="bbox 532 1233 1230 1283; baseline -0.004 -10"><span class='ocrx_word' id='word_1_76' title='bbox 532 1236 625 1273; x_wconf 83' lang='lat' dir='ltr'>Esto</span> <span class='ocrx_word' id='word_1_77' title='bbox 657 1235 925 1283; x_wconf 84' lang='lat' dir='ltr'>praemonitus,</span> <span class='ocrx_word' id='word_1_78' title='bbox 958 1233 1116 1271; x_wconf 84' lang='lat' dir='ltr'>aedibus</span> <span class='ocrx_word' id='word_1_79' title='bbox 1147 1234 1230 1270; x_wconf 85' lang='lat' dir='ltr'>istis</span> 
     </span>
     <span class='ocr_line' id='line_1_17' title="bbox 533 1290 1256 1338; baseline 0 -10"><span class='ocrx_word' id='word_1_80' title='bbox 533 1292 720 1329; x_wconf 81' lang='lat' dir='ltr'>Succedet</span> <span class='ocrx_word' id='word_1_81' title='bbox 750 1301 914 1338; x_wconf 73' lang='lat' dir='ltr'>propere</span> <span class='ocrx_word' id='word_1_82' title='bbox 944 1291 1089 1327; x_wconf 81' lang='lat' dir='ltr'>mansio</span> <span class='ocrx_word' id='word_1_83' title='bbox 1120 1290 1256 1328; x_wconf 83' lang='lat' dir='ltr'>tristis.</span> 
     </span>
    </p>
   </div>
   <div class='ocr_carea' id='block_1_6' title="bbox 213 1387 1791 1570">
    <p class='ocr_par' dir='ltr' id='par_1_6' title="bbox 213 1387 1791 1570">
     <span class='ocr_line' id='line_1_18' title="bbox 305 1387 1791 1435; baseline -0.002 -11"><span class='ocrx_word' id='word_1_84' title='bbox 305 1394 479 1433; x_wconf 73' lang='lat' dir='ltr'>Hommey</span> <span class='ocrx_word' id='word_1_85' title='bbox 511 1404 542 1435; x_wconf 89' lang='lat' dir='ltr'>p.</span> <span class='ocrx_word' id='word_1_86' title='bbox 574 1390 651 1424; x_wconf 80' lang='lat'>427.</span> <span class='ocrx_word' id='word_1_87' title='bbox 678 1393 718 1424; x_wconf 83' lang='lat' dir='ltr'>A.</span> <span class='ocrx_word' id='word_1_88' title='bbox 751 1410 795 1414; x_wconf 97' lang='lat'>—</span> <span class='ocrx_word' id='word_1_89' title='bbox 820 1391 1046 1434; x_wconf 82' lang='lat' dir='ltr'><strong>Beaugendre</strong></span> <span class='ocrx_word' id='word_1_90' title='bbox 1071 1391 1135 1423; x_wconf 86' lang='lat' dir='ltr'>col.</span> <span class='ocrx_word' id='word_1_91' title='bbox 1161 1388 1239 1422; x_wconf 78' lang='lat'>948.</span> <span class='ocrx_word' id='word_1_92' title='bbox 1265 1392 1302 1423; x_wconf 90' lang='lat' dir='ltr'>B.</span> <span class='ocrx_word' id='word_1_93' title='bbox 1328 1408 1372 1412; x_wconf 83' lang='lat'>—-</span> <span class='ocrx_word' id='word_1_94' title='bbox 1398 1388 1452 1430; x_wconf 64' lang='grc'>22</span> <span class='ocrx_word' id='word_1_95' title='bbox 1478 1394 1530 1422; x_wconf 81' lang='lat' dir='ltr'>est</span> <span class='ocrx_word' id='word_1_96' title='bbox 1556 1390 1650 1421; x_wconf 84' lang='lat' dir='ltr'>omni</span> <span class='ocrx_word' id='word_1_97' title='bbox 1672 1387 1791 1429; x_wconf 72' lang='lat' dir='ltr'><strong>(Var.)</strong></span> 
     </span>
     <span class='ocr_line' id='line_1_19' title="bbox 214 1433 1788 1479; baseline -0.003 -9"><span class='ocrx_word' id='word_1_98' title='bbox 214 1439 254 1470; x_wconf 89' lang='lat' dir='ltr'>B.</span> <span class='ocrx_word' id='word_1_99' title='bbox 279 1455 324 1462; x_wconf 91' lang='lat'>-—</span> <span class='ocrx_word' id='word_1_100' title='bbox 349 1436 382 1477; x_wconf 89' lang='lat'>6,</span> <span class='ocrx_word' id='word_1_101' title='bbox 406 1436 428 1469; x_wconf 88' lang='lat'>4</span> <span class='ocrx_word' id='word_1_102' title='bbox 453 1438 639 1479; x_wconf 80' lang='lat' dir='ltr'>Egressam</span> <span class='ocrx_word' id='word_1_103' title='bbox 669 1439 825 1479; x_wconf 83' lang='lat' dir='ltr'>sequitur</span> <span class='ocrx_word' id='word_1_104' title='bbox 849 1438 889 1468; x_wconf 80' lang='lat' dir='ltr'>A.</span> <span class='ocrx_word' id='word_1_105' title='bbox 913 1454 958 1459; x_wconf 89' lang='lat'>-—</span> <span class='ocrx_word' id='word_1_106' title='bbox 984 1435 1015 1476; x_wconf 82' lang='lat'>7,</span> <span class='ocrx_word' id='word_1_107' title='bbox 1040 1435 1061 1468; x_wconf 78' lang='lat'><strong>3</strong></span> <span class='ocrx_word' id='word_1_108' title='bbox 1086 1436 1177 1478; x_wconf 82' lang='lat' dir='ltr'>quod</span> <span class='ocrx_word' id='word_1_109' title='bbox 1203 1446 1360 1477; x_wconf 76' lang='lat' dir='ltr'>quaeque</span> <span class='ocrx_word' id='word_1_110' title='bbox 1385 1436 1425 1467; x_wconf 87' lang='lat' dir='ltr'>A.</span> <span class='ocrx_word' id='word_1_111' title='bbox 1451 1452 1493 1458; x_wconf 91' lang='lat'>-</span> <span class='ocrx_word' id='word_1_112' title='bbox 1522 1433 1554 1473; x_wconf 80' lang='lat'>8,</span> <span class='ocrx_word' id='word_1_113' title='bbox 1583 1433 1597 1466; x_wconf 93' lang='lat'>1</span> <span class='ocrx_word' id='word_1_114' title='bbox 1623 1435 1662 1467; x_wconf 82' lang='lat' dir='ltr'>Si</span> <span class='ocrx_word' id='word_1_115' title='bbox 1688 1444 1788 1466; x_wconf 47' lang='lat' dir='ltr'><strong>nunc‘</strong></span> 
     </span>
     <span class='ocr_line' id='line_1_20' title="bbox 216 1479 1784 1523; baseline -0.003 -8"><span class='ocrx_word' id='word_1_116' title='bbox 216 1485 267 1515; x_wconf 82' lang='lat' dir='ltr'>sic</span> <span class='ocrx_word' id='word_1_117' title='bbox 283 1483 332 1523; x_wconf 79' lang='lat' dir='ltr'>A3</span> <span class='ocrx_word' id='word_1_118' title='bbox 358 1484 397 1516; x_wconf 83' lang='lat' dir='ltr'>Si</span> <span class='ocrx_word' id='word_1_119' title='bbox 424 1494 488 1515; x_wconf 81' lang='lat' dir='ltr'>neo</span> <span class='ocrx_word' id='word_1_120' title='bbox 513 1484 561 1515; x_wconf 81' lang='lat' dir='ltr'>sic</span> <span class='ocrx_word' id='word_1_121' title='bbox 587 1484 692 1515; x_wconf 84' lang='lat' dir='ltr'>etiam</span> <span class='ocrx_word' id='word_1_122' title='bbox 709 1483 818 1522; x_wconf 62' lang='lat' dir='ltr'>(Var.)</span> <span class='ocrx_word' id='word_1_123' title='bbox 836 1484 874 1514; x_wconf 78' lang='lat' dir='ltr'>B.</span> <span class='ocrx_word' id='word_1_124' title='bbox 898 1499 941 1504; x_wconf 89' lang='lat'>—</span> <span class='ocrx_word' id='word_1_125' title='bbox 967 1479 998 1521; x_wconf 81' lang='grc'>8,</span> <span class='ocrx_word' id='word_1_126' title='bbox 1024 1479 1044 1514; x_wconf 79' lang='grc'><strong>3</strong></span> <span class='ocrx_word' id='word_1_127' title='bbox 1071 1481 1210 1513; x_wconf 78' lang='lat' dir='ltr'>sedibus</span> <span class='ocrx_word' id='word_1_128' title='bbox 1228 1483 1305 1512; x_wconf 78' lang='lat' dir='ltr'>istis</span> <span class='ocrx_word' id='word_1_129' title='bbox 1322 1481 1428 1520; x_wconf 61' lang='lat' dir='ltr'>(Var.)</span> <span class='ocrx_word' id='word_1_130' title='bbox 1449 1482 1486 1513; x_wconf 88' lang='lat' dir='ltr'>B.</span> <span class='ocrx_word' id='word_1_131' title='bbox 1503 1498 1547 1503; x_wconf 89' lang='lat'>—-</span> <span class='ocrx_word' id='word_1_132' title='bbox 1565 1480 1784 1512; x_wconf 79' lang='lat' dir='ltr'>Genommen.</span> 
     </span>
     <span class='ocr_line' id='line_1_21' title="bbox 213 1523 1702 1570; baseline -0.003 -9"><span class='ocrx_word' id='word_1_133' title='bbox 213 1537 279 1560; x_wconf 76' lang='lat' dir='ltr'>aus</span> <span class='ocrx_word' id='word_1_134' title='bbox 304 1529 506 1561; x_wconf 83' lang='lat' dir='ltr'>Hildeberts</span> <span class='ocrx_word' id='word_1_135' title='bbox 535 1529 850 1570; x_wconf 81' lang='lat' dir='ltr'>„Querimonia</span> <span class='ocrx_word' id='word_1_136' title='bbox 882 1531 922 1559; x_wconf 82' lang='lat' dir='ltr'>et</span> <span class='ocrx_word' id='word_1_137' title='bbox 952 1528 1189 1559; x_wconf 84' lang='lat' dir='ltr'>conflictus</span> <span class='ocrx_word' id='word_1_138' title='bbox 1223 1527 1368 1558; x_wconf 81' lang='lat' dir='ltr'>earnis</span> <span class='ocrx_word' id='word_1_139' title='bbox 1402 1530 1443 1558; x_wconf 80' lang='lat' dir='ltr'>et</span> <span class='ocrx_word' id='word_1_140' title='bbox 1473 1523 1702 1568; x_wconf 82' lang='lat' dir='ltr'>spiritus“.</span> 
     </span>
    </p>
   </div>
   <div class='ocr_carea' id='block_1_7' title="bbox 1913 0 2009 1763">
    <p class='ocr_par' dir='ltr' id='par_1_7' title="bbox 1913 0 2009 1763">
     <span class='ocr_line' id='line_1_22' title="bbox 1913 0 2009 1763; baseline 0 0"><span class='ocrx_word' id='word_1_141' title='bbox 1913 0 2009 1763; x_wconf 95' lang='lat' dir='ltr'> </span> 
     </span>
    </p>
   </div>
   <div class='ocr_carea' id='block_1_8' title="bbox 1992 1962 1997 2630">
    <p class='ocr_par' dir='ltr' id='par_1_8' title="bbox 1992 1962 1997 2630">
     <span class='ocr_line' id='line_1_23' title="bbox 1992 1962 1997 2630; baseline 0 0"><span class='ocrx_word' id='word_1_142' title='bbox 1992 1962 1997 2630; x_wconf 95' lang='lat' dir='ltr'> </span> 
     </span>
    </p>
   </div>
  </div>
 </body>
</html>
