1914 3223
284 262 350 300 11.

283 534 348 574 12.

283 805 345 843 13.

282 1077 347 1114 14.

282 1348 345 1388 15.

281 1623 346 1661 16.

281 2168 344 2206 18.

282 2440 346 2478 19.

280 2701 347 2739 20.

707 170 762 175 ---
826 147 903 187 140
964 172 1017 175 —

397 257 551 308 Lugere
580 261 694 298 modo
724 272 783 298 me
812 261 1004 308 permitte,
1037 263 1210 309 Domine,
1235 274 1238 276 ·

393 318 513 364 Mala,
545 329 641 365 quae
672 318 784 365 gessi,
817 329 902 355 reus
933 319 980 356 ab
1012 318 1187 367 infantia,

395 374 591 412 Lacrimas
623 374 715 411 mihi
746 379 809 411 tua
842 375 942 412 dona
971 377 1095 422 gratia

611 430 747 469 Cordis
779 431 826 468 ab
858 425 945 470 imo.

394 529 513 581 Meis,
544 535 586 569 ut
617 536 721 579 puto,
753 533 856 570 vitiis
888 537 1056 571 tartarea

393 589 601 626 Tormenta
631 589 761 626 multis
793 600 868 626 non
900 589 1025 626 valent
1058 588 1247 629 sufficere.

395 646 480 683 Nisi
512 650 723 694 succurrat,
757 646 920 695 Christe,
954 650 1019 683 tua
1051 647 1173 693 pietas

610 703 753 740 Misero
784 703 889 741 mihi.

394 801 552 843 Nullum
583 807 779 851 peccatum
810 814 925 850 super
956 809 1082 842 terrae
1114 803 1250 842 faciem

394 862 525 899 Potest
555 865 621 898 aut
651 861 774 898 scelus
805 861 969 898 inveniri
1000 861 1219 909 quodpiam,

393 919 428 954 A
459 929 617 965 quorum
649 929 722 955 non
754 918 824 954 sim
855 918 1072 964 inquinatus
1104 916 1273 956 faecibus

610 973 750 1011 Infelix
783 985 864 1021 ego.

395 1071 528 1123 Ortus,
561 1087 728 1125 occasuS,
763 1076 902 1124 aquilo,
935 1078 1186 1123 septentrion.

394 1132 548 1170 Caelum
580 1137 770 1182 terraque,
803 1144 921 1181 mare,
954 1132 1091 1183 fontes,
1124 1134 1289 1186 flumina,

393 1190 546 1227 Montes
578 1194 615 1227 et
646 1190 776 1236 colles,
809 1190 946 1236 campi,
979 1191 1097 1229 mixta
1130 1194 1268 1230 rosulis

610 1247 720 1296 Lilia,
754 1246 854 1287 flete.

392 1344 576 1395 Plangite
606 1359 765 1396 meeum,
799 1355 904 1386 astra
934 1350 1142 1397 rutilantia,

392 1405 543 1442 Mecum
573 1406 727 1455 mugite,
762 1405 907 1443 bestiae
939 1406 1147 1452 silvicolae,

392 1461 541 1500 Dicite:
574 1463 631 1500 Tu
662 1474 701 1500 es
737 1463 863 1512 miser,
897 1463 961 1509 qui
992 1463 1061 1500 sub
1093 1464 1209 1512 impio

608 1520 775 1558 Crimine
805 1520 935 1566 gemis,

394 1618 490 1675 Quis
522 1632 581 1658 me
614 1622 660 1659 de
692 1633 804 1658 manu
836 1621 969 1668 Cocyti
1001 1620 1243 1660 flammivomi

393 1679 488 1716 Erui
515 1683 654 1727 potest,
687 1679 760 1716 nisi
792 1679 913 1725 patris
944 1681 1057 1717 unica

394 1736 541 1782 Proles,
573 1746 670 1783 quae
701 1736 883 1773 mundum
913 1737 1082 1782 pretioso
1113 1738 1296 1783 sanguine

609 1795 696 1830 Iure
726 1792 920 1829 redemit?

338 1926 346 1934 .
392 1891 637 1942 Redemptor
668 1895 812 1939 mundi,
845 1895 958 1932 unica
989 1905 1076 1941 spes
1107 1897 1285 1944 omnium,

394 1952 578 1998 Aequalis
610 1951 712 1998 patri
743 1957 951 1998 sanctoque
982 1952 1148 2000 spiritui,

393 2008 532 2046 Trinus
565 2013 601 2045 et
632 2019 727 2045 unus
760 2008 860 2045 Deus
892 2008 1109 2056 invisibilis,

608 2065 706 2103 Mihi
738 2075 930 2102 succurre.

392 2162 436 2207 Si
468 2178 526 2203 me
557 2167 688 2204 subtili
719 2178 856 2215 pensas
888 2167 956 2203 sub
988 2167 1201 2217 libramine,

395 2224 489 2270 Spes
520 2224 559 2261 in
590 2235 649 2261 me
680 2225 785 2262 nulla
816 2230 987 2261 remanet
1019 2223 1193 2273 fiduciae,

394 2279 481 2330 Sed,
515 2291 617 2330 rogo,
651 2286 716 2318 tua
747 2292 805 2318 me
836 2281 943 2318 salva
972 2283 1155 2331 potentia,

608 2338 731 2375 Filius
764 2338 849 2375 Dei.

394 2436 508 2478 Tolle
539 2444 748 2486 peccatum.
783 2440 885 2477 dilue
917 2438 1087 2477 facinora

394 2496 519 2533 Ablue
550 2497 683 2533 sordes
716 2497 889 2543 donoque
922 2496 1205 2546 charismatum,

395 2553 573 2590 Instaura
604 2564 725 2590 meum
759 2554 966 2590 clementer
996 2555 1256 2600 pectusculum

609 2610 770 2647 Munere
802 2614 879 2649 tuo,

394 2697 559 2739 Veniam
594 2705 682 2746 peto
714 2711 787 2736 non
819 2700 911 2736 meis
944 2699 990 2736 de
1021 2700 1164 2737 meritis

394 2757 520 2804 Fisus,
553 2757 620 2794 sed
653 2761 716 2792 tua
749 2760 874 2792 certus
907 2756 954 2792 de
986 2756 1200 2802 clementia,

397 2814 468 2859 Qui
501 2813 599 2851 bona
630 2813 705 2851 reis
737 2813 878 2859 pietate
911 2812 1022 2850 solita

611 2869 741 2907 Gratis
773 2869 978 2915 impendis.
