<?xml version="1.0" encoding="UTF-8"?>
<!DOCTYPE html PUBLIC "-//W3C//DTD XHTML 1.0 Transitional//EN"
    "http://www.w3.org/TR/xhtml1/DTD/xhtml1-transitional.dtd">
<html xmlns="http://www.w3.org/1999/xhtml" xml:lang="en" lang="en">
 <head>
  <title>
</title>
<meta http-equiv="Content-Type" content="text/html;charset=utf-8" />
  <meta name='ocr-system' content='tesseract 3.04.00' />
  <meta name='ocr-capabilities' content='ocr_page ocr_carea ocr_par ocr_line ocrx_word'/>
</head>
<body>
  <div class='ocr_page' id='page_1' title='image "./hymnographilatin01drevuoft_0520.png"; bbox 0 0 2031 3289; ppageno 0'>
   <div class='ocr_carea' id='block_1_1' title="bbox 0 1568 9 2254">
    <p class='ocr_par' dir='ltr' id='par_1_1' title="bbox 0 1568 9 2254">
     <span class='ocr_line' id='line_1_1' title="bbox 0 1568 9 2254; textangle 90"><span class='ocrx_word' id='word_1_1' title='bbox 0 1973 5 2254; x_wconf 54' lang='lat'>⁷..-.—„,-,=‘</span> <span class='ocrx_word' id='word_1_2' title='bbox 0 1723 8 1955; x_wconf 41' lang='grc' dir='ltr'>“,--Ἴ-ἡκ-</span> <span class='ocrx_word' id='word_1_3' title='bbox 0 1568 9 1713; x_wconf 37' lang='grc' dir='ltr'>..ην-,ια’</span> 
     </span>
    </p>
   </div>
   <div class='ocr_carea' id='block_1_2' title="bbox 977 209 1284 250">
    <p class='ocr_par' dir='ltr' id='par_1_2' title="bbox 977 209 1284 250">
     <span class='ocr_line' id='line_1_2' title="bbox 977 209 1284 250; baseline -0.007 0"><span class='ocrx_word' id='word_1_4' title='bbox 977 209 1284 250; x_wconf 85' lang='lat'>-514—</span> 
     </span>
    </p>
   </div>
   <div class='ocr_carea' id='block_1_3' title="bbox 690 323 1504 598">
    <p class='ocr_par' dir='ltr' id='par_1_3' title="bbox 690 323 1504 598">
     <span class='ocr_line' id='line_1_3' title="bbox 690 323 1222 370; baseline 0 -10"><span class='ocrx_word' id='word_1_5' title='bbox 690 325 759 361; x_wconf 79' lang='lat'>60.</span> <span class='ocrx_word' id='word_1_6' title='bbox 805 323 884 360; x_wconf 90' lang='lat' dir='ltr'>Hos</span> <span class='ocrx_word' id='word_1_7' title='bbox 915 333 1004 370; x_wconf 85' lang='lat' dir='ltr'>ergo</span> <span class='ocrx_word' id='word_1_8' title='bbox 1035 323 1222 360; x_wconf 86' lang='lat' dir='ltr'>honorare</span> 
     </span>
     <span class='ocr_line' id='line_1_4' title="bbox 803 379 1249 417; baseline 0.002 -1"><span class='ocrx_word' id='word_1_9' title='bbox 803 379 882 416; x_wconf 86' lang='lat' dir='ltr'>Nos</span> <span class='ocrx_word' id='word_1_10' title='bbox 914 379 1024 416; x_wconf 86' lang='lat' dir='ltr'>decet</span> <span class='ocrx_word' id='word_1_11' title='bbox 1053 383 1092 416; x_wconf 86' lang='lat' dir='ltr'>et</span> <span class='ocrx_word' id='word_1_12' title='bbox 1122 389 1249 417; x_wconf 85' lang='lat' dir='ltr'>amare</span> 
     </span>
     <span class='ocr_line' id='line_1_5' title="bbox 861 435 1259 485; baseline -0.003 -12"><span class='ocrx_word' id='word_1_13' title='bbox 861 436 1027 473; x_wconf 80' lang='lat' dir='ltr'>sinceris</span> <span class='ocrx_word' id='word_1_14' title='bbox 1058 435 1259 485; x_wconf 83' lang='lat' dir='ltr'>mentibus,</span> 
     </span>
     <span class='ocr_line' id='line_1_6' title="bbox 860 490 1246 539; baseline 0.003 -11"><span class='ocrx_word' id='word_1_15' title='bbox 860 492 966 529; x_wconf 87' lang='lat' dir='ltr'>Votis</span> <span class='ocrx_word' id='word_1_16' title='bbox 997 490 1246 539; x_wconf 79' lang='lat' dir='ltr'>ferventibus⁷</span> 
     </span>
     <span class='ocr_line' id='line_1_7' title="bbox 915 548 1504 598; baseline 0 -13"><span class='ocrx_word' id='word_1_17' title='bbox 915 549 1073 598; x_wconf 83' lang='lat' dir='ltr'>Lingua,</span> <span class='ocrx_word' id='word_1_18' title='bbox 1106 548 1291 597; x_wconf 85' lang='lat' dir='ltr'>doctrina,</span> <span class='ocrx_word' id='word_1_19' title='bbox 1326 548 1504 585; x_wconf 86' lang='lat' dir='ltr'>moribus.</span> 
     </span>
    </p>
   </div>
   <div class='ocr_carea' id='block_1_4' title="bbox 351 649 1918 1296">
    <p class='ocr_par' dir='ltr' id='par_1_4' title="bbox 351 649 1685 697">
     <span class='ocr_line' id='line_1_8' title="bbox 351 649 1685 697; baseline -0.001 -9"><span class='ocrx_word' id='word_1_20' title='bbox 351 652 421 691; x_wconf 71' lang='lat'>72.</span> <span class='ocrx_word' id='word_1_21' title='bbox 465 650 495 688; x_wconf 93' lang='grc' dir='ltr'>Ο</span> <span class='ocrx_word' id='word_1_22' title='bbox 527 661 635 697; x_wconf 87' lang='lat' dir='ltr'>quam</span> <span class='ocrx_word' id='word_1_23' title='bbox 667 650 866 696; x_wconf 84' lang='lat' dir='ltr'>praeclara</span> <span class='ocrx_word' id='word_1_24' title='bbox 896 649 999 696; x_wconf 86' lang='lat' dir='ltr'>regio</span> <span class='ocrx_word' id='word_1_25' title='bbox 1168 649 1240 689; x_wconf 86' lang='lat' dir='ltr'>7b.</span> <span class='ocrx_word' id='word_1_26' title='bbox 1280 649 1310 687; x_wconf 90' lang='lat' dir='ltr'>O</span> <span class='ocrx_word' id='word_1_27' title='bbox 1341 650 1505 696; x_wconf 86' lang='lat' dir='ltr'>gloriosa</span> <span class='ocrx_word' id='word_1_28' title='bbox 1536 650 1685 696; x_wconf 82' lang='lat' dir='ltr'>civitas,</span> 
     </span>
    </p>

    <p class='ocr_par' dir='ltr' id='par_1_5' title="bbox 461 705 1913 809">
     <span class='ocr_line' id='line_1_9' title="bbox 461 705 1910 758; baseline 0.001 -15"><span class='ocrx_word' id='word_1_29' title='bbox 461 706 511 743; x_wconf 88' lang='lat' dir='ltr'>Et</span> <span class='ocrx_word' id='word_1_30' title='bbox 540 717 651 753; x_wconf 89' lang='lat' dir='ltr'>quam</span> <span class='ocrx_word' id='word_1_31' title='bbox 684 706 823 743; x_wconf 90' lang='lat' dir='ltr'>decora</span> <span class='ocrx_word' id='word_1_32' title='bbox 851 705 949 753; x_wconf 90' lang='lat' dir='ltr'>legio</span> <span class='ocrx_word' id='word_1_33' title='bbox 1279 707 1325 744; x_wconf 93' lang='lat' dir='ltr'>In</span> <span class='ocrx_word' id='word_1_34' title='bbox 1363 717 1437 752; x_wconf 89' lang='lat' dir='ltr'>qua</span> <span class='ocrx_word' id='word_1_35' title='bbox 1467 717 1609 743; x_wconf 85' lang='lat' dir='ltr'>summa</span> <span class='ocrx_word' id='word_1_36' title='bbox 1639 707 1910 758; x_wconf 84' lang='lat' dir='ltr'>tranquillitas,</span> 
     </span>
     <span class='ocr_line' id='line_1_10' title="bbox 520 762 1913 809; baseline 0.001 -9"><span class='ocrx_word' id='word_1_37' title='bbox 520 763 578 800; x_wconf 85' lang='lat' dir='ltr'>Ex</span> <span class='ocrx_word' id='word_1_38' title='bbox 615 763 758 809; x_wconf 83' lang='lat' dir='ltr'>angelis</span> <span class='ocrx_word' id='word_1_39' title='bbox 790 767 828 799; x_wconf 87' lang='lat' dir='ltr'>et</span> <span class='ocrx_word' id='word_1_40' title='bbox 857 762 1090 799; x_wconf 83' lang='lat' dir='ltr'>hominibus!</span> <span class='ocrx_word' id='word_1_41' title='bbox 1334 762 1913 809; x_wconf 84' lang='lat' dir='ltr'>Luxetpaxincunctisfinibus!</span> 
     </span>
    </p>

    <p class='ocr_par' dir='ltr' id='par_1_6' title="bbox 357 863 1912 1081">
     <span class='ocr_line' id='line_1_11' title="bbox 357 863 1893 913; baseline 0.001 -11"><span class='ocrx_word' id='word_1_42' title='bbox 357 866 428 902; x_wconf 80' lang='lat' dir='ltr'>Sa.</span> <span class='ocrx_word' id='word_1_43' title='bbox 471 864 580 902; x_wconf 83' lang='lat' dir='ltr'>Cives</span> <span class='ocrx_word' id='word_1_44' title='bbox 611 864 720 901; x_wconf 90' lang='lat' dir='ltr'>huius</span> <span class='ocrx_word' id='word_1_45' title='bbox 753 864 916 901; x_wconf 80' lang='lat' dir='ltr'>civitatis</span> <span class='ocrx_word' id='word_1_46' title='bbox 1172 863 1246 903; x_wconf 88' lang='lat' dir='ltr'>8b.</span> <span class='ocrx_word' id='word_1_47' title='bbox 1284 863 1369 901; x_wconf 88' lang='lat' dir='ltr'>Non</span> <span class='ocrx_word' id='word_1_48' title='bbox 1399 864 1588 912; x_wconf 68' lang='lat' dir='ltr'>laborant,</span> <span class='ocrx_word' id='word_1_49' title='bbox 1622 865 1674 902; x_wconf 92' lang='lat' dir='ltr'>nil</span> <span class='ocrx_word' id='word_1_50' title='bbox 1705 865 1893 913; x_wconf 85' lang='lat' dir='ltr'>ignorant,</span> 
     </span>
     <span class='ocr_line' id='line_1_12' title="bbox 467 920 1912 973; baseline 0.001 -15"><span class='ocrx_word' id='word_1_51' title='bbox 467 922 587 959; x_wconf 87' lang='lat' dir='ltr'>Veste</span> <span class='ocrx_word' id='word_1_52' title='bbox 617 922 739 958; x_wconf 88' lang='lat' dir='ltr'>nitent</span> <span class='ocrx_word' id='word_1_53' title='bbox 770 921 970 966; x_wconf 85' lang='lat' dir='ltr'>castitatis,</span> <span class='ocrx_word' id='word_1_54' title='bbox 1285 920 1370 957; x_wconf 88' lang='lat' dir='ltr'>Non</span> <span class='ocrx_word' id='word_1_55' title='bbox 1402 925 1598 957; x_wconf 75' lang='lat' dir='ltr'>tentantur</span> <span class='ocrx_word' id='word_1_56' title='bbox 1625 932 1694 958; x_wconf 89' lang='lat' dir='ltr'>nec</span> <span class='ocrx_word' id='word_1_57' title='bbox 1716 926 1912 973; x_wconf 85' lang='lat' dir='ltr'>vexantur,</span> 
     </span>
     <span class='ocr_line' id='line_1_13' title="bbox 466 976 1884 1027; baseline 0.001 -13"><span class='ocrx_word' id='word_1_58' title='bbox 466 978 605 1025; x_wconf 87' lang='lat' dir='ltr'>Legem</span> <span class='ocrx_word' id='word_1_59' title='bbox 633 981 761 1015; x_wconf 87' lang='lat' dir='ltr'>tenent</span> <span class='ocrx_word' id='word_1_60' title='bbox 793 977 977 1025; x_wconf 68' lang='lat' dir='ltr'>caritatis,</span> <span class='ocrx_word' id='word_1_61' title='bbox 1286 976 1444 1023; x_wconf 86' lang='lat' dir='ltr'>Semper</span> <span class='ocrx_word' id='word_1_62' title='bbox 1473 978 1567 1027; x_wconf 87' lang='lat' dir='ltr'>sani,</span> <span class='ocrx_word' id='word_1_63' title='bbox 1600 988 1750 1024; x_wconf 87' lang='lat' dir='ltr'>semper</span> <span class='ocrx_word' id='word_1_64' title='bbox 1781 978 1884 1025; x_wconf 85' lang='lat' dir='ltr'>laeti,</span> 
     </span>
     <span class='ocr_line' id='line_1_14' title="bbox 466 1032 1877 1081; baseline 0.002 -11"><span class='ocrx_word' id='word_1_65' title='bbox 466 1033 636 1071; x_wconf 87' lang='lat' dir='ltr'><strong>Firmum</strong></span> <span class='ocrx_word' id='word_1_66' title='bbox 666 1039 819 1081; x_wconf 84' lang='lat' dir='ltr'>paetum</span> <span class='ocrx_word' id='word_1_67' title='bbox 850 1033 1016 1071; x_wconf 80' lang='lat' dir='ltr'>unitatis,</span> <span class='ocrx_word' id='word_1_68' title='bbox 1286 1032 1439 1070; x_wconf 85' lang='lat' dir='ltr'>Cunctis</span> <span class='ocrx_word' id='word_1_69' title='bbox 1470 1033 1577 1070; x_wconf 86' lang='lat' dir='ltr'>bonis</span> <span class='ocrx_word' id='word_1_70' title='bbox 1608 1039 1696 1071; x_wconf 88' lang='lat' dir='ltr'>sunt</span> <span class='ocrx_word' id='word_1_71' title='bbox 1725 1035 1877 1081; x_wconf 89' lang='lat' dir='ltr'>repleti.</span> 
     </span>
    </p>

    <p class='ocr_par' dir='ltr' id='par_1_7' title="bbox 354 1134 1918 1296">
     <span class='ocr_line' id='line_1_15' title="bbox 354 1134 1838 1186; baseline 0 -13"><span class='ocrx_word' id='word_1_72' title='bbox 354 1137 425 1176; x_wconf 84' lang='lat' dir='ltr'>9a.</span> <span class='ocrx_word' id='word_1_73' title='bbox 470 1137 499 1174; x_wconf 93' lang='grc' dir='ltr'>Ο</span> <span class='ocrx_word' id='word_1_74' title='bbox 531 1147 640 1182; x_wconf 83' lang='lat' dir='ltr'>quam</span> <span class='ocrx_word' id='word_1_75' title='bbox 672 1135 783 1173; x_wconf 88' lang='lat' dir='ltr'>beata</span> <span class='ocrx_word' id='word_1_76' title='bbox 809 1136 982 1183; x_wconf 82' lang='lat' dir='ltr'>societas,</span> <span class='ocrx_word' id='word_1_77' title='bbox 1169 1134 1241 1173; x_wconf 86' lang='lat' dir='ltr'>9b.</span> <span class='ocrx_word' id='word_1_78' title='bbox 1279 1135 1449 1173; x_wconf 83' lang='lat' dir='ltr'>Laudem</span> <span class='ocrx_word' id='word_1_79' title='bbox 1481 1146 1570 1184; x_wconf 88' lang='lat' dir='ltr'>ergo</span> <span class='ocrx_word' id='word_1_80' title='bbox 1600 1136 1681 1173; x_wconf 90' lang='lat' dir='ltr'>Deo</span> <span class='ocrx_word' id='word_1_81' title='bbox 1713 1136 1838 1186; x_wconf 85' lang='lat' dir='ltr'>dicite,</span> 
     </span>
     <span class='ocr_line' id='line_1_16' title="bbox 465 1192 1918 1240; baseline -0.001 -9"><span class='ocrx_word' id='word_1_82' title='bbox 465 1192 542 1231; x_wconf 91' lang='lat' dir='ltr'>Ubi</span> <span class='ocrx_word' id='word_1_83' title='bbox 573 1197 703 1239; x_wconf 88' lang='lat' dir='ltr'>regnat</span> <span class='ocrx_word' id='word_1_84' title='bbox 735 1192 837 1230; x_wconf 88' lang='lat' dir='ltr'>Deus</span> <span class='ocrx_word' id='word_1_85' title='bbox 867 1192 1040 1229; x_wconf 78' lang='lat' dir='ltr'>trinitas!</span> <span class='ocrx_word' id='word_1_86' title='bbox 1285 1192 1423 1230; x_wconf 87' lang='lat' dir='ltr'>Omnes</span> <span class='ocrx_word' id='word_1_87' title='bbox 1450 1193 1584 1239; x_wconf 85' lang='lat' dir='ltr'>sancti,</span> <span class='ocrx_word' id='word_1_88' title='bbox 1616 1193 1726 1229; x_wconf 88' lang='lat' dir='ltr'>simul</span> <span class='ocrx_word' id='word_1_89' title='bbox 1752 1193 1918 1240; x_wconf 85' lang='lat' dir='ltr'>psallite,</span> 
     </span>
     <span class='ocr_line' id='line_1_17' title="bbox 467 1248 1877 1296; baseline 0 -10"><span class='ocrx_word' id='word_1_90' title='bbox 467 1249 650 1286; x_wconf 83' lang='lat' dir='ltr'>Abundat</span> <span class='ocrx_word' id='word_1_91' title='bbox 680 1249 733 1286; x_wconf 93' lang='lat' dir='ltr'>ibi</span> <span class='ocrx_word' id='word_1_92' title='bbox 764 1249 899 1296; x_wconf 80' lang='lat' dir='ltr'>pietas,</span> <span class='ocrx_word' id='word_1_93' title='bbox 1285 1248 1357 1294; x_wconf 83' lang='lat' dir='ltr'>Qui</span> <span class='ocrx_word' id='word_1_94' title='bbox 1388 1260 1454 1285; x_wconf 89' lang='lat' dir='ltr'>vos</span> <span class='ocrx_word' id='word_1_95' title='bbox 1482 1259 1552 1295; x_wconf 88' lang='lat' dir='ltr'>per</span> <span class='ocrx_word' id='word_1_96' title='bbox 1582 1260 1685 1285; x_wconf 86' lang='lat' dir='ltr'>suam</span> <span class='ocrx_word' id='word_1_97' title='bbox 1717 1250 1877 1296; x_wconf 83' lang='lat' dir='ltr'>gratiam</span> 
     </span>
    </p>
   </div>
   <div class='ocr_carea' id='block_1_5' title="bbox 470 1305 1867 1353">
    <p class='ocr_par' dir='ltr' id='par_1_8' title="bbox 470 1305 1867 1353">
     <span class='ocr_line' id='line_1_18' title="bbox 470 1305 1867 1353; baseline 0.001 -9"><span class='ocrx_word' id='word_1_98' title='bbox 470 1307 633 1344; x_wconf 81' lang='lat' dir='ltr'>Cunctos</span> <span class='ocrx_word' id='word_1_99' title='bbox 663 1306 830 1343; x_wconf 84' lang='lat' dir='ltr'>illustrat</span> <span class='ocrx_word' id='word_1_100' title='bbox 860 1305 1013 1344; x_wconf 79' lang='lat' dir='ltr'>veritas,</span> <span class='ocrx_word' id='word_1_101' title='bbox 1287 1305 1349 1343; x_wconf 91' lang='lat' dir='ltr'>Ad</span> <span class='ocrx_word' id='word_1_102' title='bbox 1381 1310 1524 1342; x_wconf 87' lang='lat' dir='ltr'>tantam</span> <span class='ocrx_word' id='word_1_103' title='bbox 1558 1306 1666 1343; x_wconf 88' lang='lat' dir='ltr'>duxit</span> <span class='ocrx_word' id='word_1_104' title='bbox 1695 1306 1867 1353; x_wconf 85' lang='lat' dir='ltr'>gloriam.</span> 
     </span>
    </p>
   </div>
   <div class='ocr_carea' id='block_1_6' title="bbox 898 1406 1371 1446">
    <p class='ocr_par' dir='ltr' id='par_1_9' title="bbox 898 1406 1371 1446">
     <span class='ocr_line' id='line_1_19' title="bbox 898 1406 1371 1446; baseline 0.002 -1"><span class='ocrx_word' id='word_1_105' title='bbox 898 1409 962 1446; x_wconf 89' lang='lat'>10.</span> <span class='ocrx_word' id='word_1_106' title='bbox 996 1407 1225 1444; x_wconf 85' lang='lat' dir='ltr'>Benedictus</span> <span class='ocrx_word' id='word_1_107' title='bbox 1257 1406 1371 1446; x_wconf 81' lang='lat' dir='ltr'>Deus.</span> 
     </span>
    </p>
   </div>
   <div class='ocr_carea' id='block_1_7' title="bbox 349 1505 1918 1867">
    <p class='ocr_par' dir='ltr' id='par_1_10' title="bbox 349 1505 1918 1732">
     <span class='ocr_line' id='line_1_20' title="bbox 444 1505 1915 1551; baseline 0 -10"><span class='ocrx_word' id='word_1_108' title='bbox 444 1509 585 1541; x_wconf 80' lang='lat' dir='ltr'>Collect.</span> <span class='ocrx_word' id='word_1_109' title='bbox 610 1519 672 1540; x_wconf 82' lang='lat' dir='ltr'>nis.</span> <span class='ocrx_word' id='word_1_110' title='bbox 698 1509 828 1540; x_wconf 71' lang='lat' dir='ltr'>Montis</span> <span class='ocrx_word' id='word_1_111' title='bbox 855 1509 889 1540; x_wconf 81' lang='lat' dir='ltr'>S.</span> <span class='ocrx_word' id='word_1_112' title='bbox 916 1509 1060 1550; x_wconf 74' lang='lat' dir='ltr'>Agnetis</span> <span class='ocrx_word' id='word_1_113' title='bbox 1088 1517 1176 1539; x_wconf 83' lang='lat' dir='ltr'>saec.</span> <span class='ocrx_word' id='word_1_114' title='bbox 1203 1505 1254 1539; x_wconf 77' lang='lat'>15.</span> <span class='ocrx_word' id='word_1_115' title='bbox 1292 1507 1375 1539; x_wconf 85' lang='lat' dir='ltr'>Cod.</span> <span class='ocrx_word' id='word_1_116' title='bbox 1399 1507 1561 1539; x_wconf 84' lang='lat' dir='ltr'>Zwollen.</span> <span class='ocrx_word' id='word_1_117' title='bbox 1587 1505 1664 1540; x_wconf 82' lang='lat'>434.</span> <span class='ocrx_word' id='word_1_118' title='bbox 1684 1509 1724 1540; x_wconf 90' lang='lat' dir='ltr'>A.</span> <span class='ocrx_word' id='word_1_119' title='bbox 1741 1526 1786 1531; x_wconf 97' lang='lat'>—</span> <span class='ocrx_word' id='word_1_120' title='bbox 1802 1509 1915 1551; x_wconf 85' lang='lat' dir='ltr'>Opera</span> 
     </span>
     <span class='ocr_line' id='line_1_21' title="bbox 349 1551 1918 1596; baseline 0.001 -11"><span class='ocrx_word' id='word_1_121' title='bbox 349 1558 387 1586; x_wconf 82' lang='lat' dir='ltr'>et</span> <span class='ocrx_word' id='word_1_122' title='bbox 424 1554 506 1586; x_wconf 87' lang='lat' dir='ltr'>libri</span> <span class='ocrx_word' id='word_1_123' title='bbox 542 1556 636 1585; x_wconf 74' lang='lat' dir='ltr'>vitae</span> <span class='ocrx_word' id='word_1_124' title='bbox 673 1554 826 1585; x_wconf 91' lang='lat' dir='ltr'>Thomae</span> <span class='ocrx_word' id='word_1_125' title='bbox 863 1554 905 1585; x_wconf 88' lang='lat' dir='ltr'>de</span> <span class='ocrx_word' id='word_1_126' title='bbox 940 1554 1084 1595; x_wconf 81' lang='lat' dir='ltr'>Kempis</span> <span class='ocrx_word' id='word_1_127' title='bbox 1122 1555 1203 1594; x_wconf 86' lang='lat' dir='ltr'>imp.</span> <span class='ocrx_word' id='word_1_128' title='bbox 1242 1553 1492 1594; x_wconf 77' lang='lat' dir='ltr'>Noriinbergae</span> <span class='ocrx_word' id='word_1_129' title='bbox 1527 1551 1622 1585; x_wconf 83' lang='lat'>1494.</span> <span class='ocrx_word' id='word_1_130' title='bbox 1656 1554 1695 1585; x_wconf 91' lang='lat' dir='ltr'>B.</span> <span class='ocrx_word' id='word_1_131' title='bbox 1726 1572 1771 1576; x_wconf 97' lang='lat'><strong>—</strong></span> <span class='ocrx_word' id='word_1_132' title='bbox 1804 1555 1918 1596; x_wconf 89' lang='lat' dir='ltr'>Opera</span> 
     </span>
     <span class='ocr_line' id='line_1_22' title="bbox 352 1597 1918 1642; baseline 0 -11"><span class='ocrx_word' id='word_1_133' title='bbox 352 1601 506 1631; x_wconf 79' lang='lat' dir='ltr'>Thomae</span> <span class='ocrx_word' id='word_1_134' title='bbox 541 1610 561 1631; x_wconf 83' lang='lat' dir='ltr'>a</span> <span class='ocrx_word' id='word_1_135' title='bbox 586 1600 736 1641; x_wconf 82' lang='lat' dir='ltr'>Campis.</span> <span class='ocrx_word' id='word_1_136' title='bbox 762 1599 910 1630; x_wconf 80' lang='lat' dir='ltr'>Parisiis</span> <span class='ocrx_word' id='word_1_137' title='bbox 939 1597 1035 1631; x_wconf 82' lang='lat'>1549.</span> <span class='ocrx_word' id='word_1_138' title='bbox 1062 1600 1099 1631; x_wconf 86' lang='lat' dir='ltr'>C.</span> <span class='ocrx_word' id='word_1_139' title='bbox 1124 1615 1168 1620; x_wconf 87' lang='lat'><em>-</em></span> <span class='ocrx_word' id='word_1_140' title='bbox 1193 1599 1307 1640; x_wconf 86' lang='lat' dir='ltr'>Opera</span> <span class='ocrx_word' id='word_1_141' title='bbox 1332 1598 1486 1630; x_wconf 85' lang='lat' dir='ltr'>Thomae</span> <span class='ocrx_word' id='word_1_142' title='bbox 1512 1608 1531 1629; x_wconf 89' lang='lat' dir='ltr'>a</span> <span class='ocrx_word' id='word_1_143' title='bbox 1558 1599 1718 1640; x_wconf 85' lang='lat' dir='ltr'>Campis,</span> <span class='ocrx_word' id='word_1_144' title='bbox 1751 1599 1918 1642; x_wconf 84' lang='lat' dir='ltr'>Dilingae</span> 
     </span>
     <span class='ocr_line' id='line_1_23' title="bbox 356 1642 1914 1685; baseline 0 -9"><span class='ocrx_word' id='word_1_145' title='bbox 356 1643 452 1677; x_wconf 79' lang='lat'>1576.</span> <span class='ocrx_word' id='word_1_146' title='bbox 482 1646 527 1683; x_wconf 89' lang='lat'>11,</span> <span class='ocrx_word' id='word_1_147' title='bbox 554 1642 630 1677; x_wconf 77' lang='lat'>678.</span> <span class='ocrx_word' id='word_1_148' title='bbox 656 1646 697 1676; x_wconf 90' lang='lat' dir='ltr'>D.</span> <span class='ocrx_word' id='word_1_149' title='bbox 723 1663 765 1667; x_wconf 97' lang='lat'>—</span> <span class='ocrx_word' id='word_1_150' title='bbox 791 1644 945 1676; x_wconf 85' lang='lat' dir='ltr'>Thomae</span> <span class='ocrx_word' id='word_1_151' title='bbox 970 1644 1127 1676; x_wconf 84' lang='lat' dir='ltr'>Malleoli</span> <span class='ocrx_word' id='word_1_152' title='bbox 1152 1644 1194 1675; x_wconf 92' lang='lat' dir='ltr'>de</span> <span class='ocrx_word' id='word_1_153' title='bbox 1218 1644 1362 1685; x_wconf 86' lang='lat' dir='ltr'>Kempis</span> <span class='ocrx_word' id='word_1_154' title='bbox 1389 1643 1503 1685; x_wconf 82' lang='lat' dir='ltr'>Opera</span> <span class='ocrx_word' id='word_1_155' title='bbox 1528 1645 1656 1683; x_wconf 81' lang='lat' dir='ltr'>omnia⁷</span> <span class='ocrx_word' id='word_1_156' title='bbox 1681 1644 1733 1676; x_wconf 88' lang='lat' dir='ltr'>ed.</span> <span class='ocrx_word' id='word_1_157' title='bbox 1752 1645 1796 1676; x_wconf 88' lang='lat' dir='ltr'>H.</span> <span class='ocrx_word' id='word_1_158' title='bbox 1817 1645 1914 1677; x_wconf 81' lang='lat' dir='ltr'>Som-</span> 
     </span>
     <span class='ocr_line' id='line_1_24' title="bbox 354 1688 1103 1732; baseline -0.003 -10"><span class='ocrx_word' id='word_1_159' title='bbox 354 1691 491 1726; x_wconf 83' lang='lat' dir='ltr'>malius‚</span> <span class='ocrx_word' id='word_1_160' title='bbox 517 1691 738 1732; x_wconf 75' lang='lat' dir='ltr'>Antwerpiae</span> <span class='ocrx_word' id='word_1_161' title='bbox 765 1688 862 1728; x_wconf 72' lang='grc'>1607,</span> <span class='ocrx_word' id='word_1_162' title='bbox 888 1691 933 1727; x_wconf 89' lang='grc' dir='ltr'>ΙΙ,</span> <span class='ocrx_word' id='word_1_163' title='bbox 959 1688 1036 1722; x_wconf 83' lang='grc'><strong>593.</strong></span> <span class='ocrx_word' id='word_1_164' title='bbox 1061 1690 1103 1721; x_wconf 88' lang='grc' dir='ltr'>Ε.</span> 
     </span>
    </p>

    <p class='ocr_par' dir='ltr' id='par_1_11' title="bbox 352 1732 1918 1867">
     <span class='ocr_line' id='line_1_25' title="bbox 445 1732 1918 1775; baseline -0.001 -8"><span class='ocrx_word' id='word_1_165' title='bbox 445 1734 506 1774; x_wconf 70' lang='grc'>33,</span> <span class='ocrx_word' id='word_1_166' title='bbox 532 1735 552 1767; x_wconf 69' lang='grc' dir='ltr'>ζ).</span> <span class='ocrx_word' id='word_1_167' title='bbox 577 1736 704 1767; x_wconf 72' lang='lat' dir='ltr'>sehalis</span> <span class='ocrx_word' id='word_1_168' title='bbox 732 1735 802 1766; x_wconf 86' lang='lat' dir='ltr'>CD.</span> <span class='ocrx_word' id='word_1_169' title='bbox 828 1753 870 1756; x_wconf 86' lang='lat'><strong>—</strong></span> <span class='ocrx_word' id='word_1_170' title='bbox 897 1733 959 1775; x_wconf 78' lang='lat' dir='ltr'>3a,</span> <span class='ocrx_word' id='word_1_171' title='bbox 985 1733 1006 1767; x_wconf 84' lang='lat'><strong>3</strong></span> <span class='ocrx_word' id='word_1_172' title='bbox 1032 1736 1166 1767; x_wconf 79' lang='lat' dir='ltr'>Sonant</span> <span class='ocrx_word' id='word_1_173' title='bbox 1190 1735 1281 1766; x_wconf 86' lang='lat' dir='ltr'>nolis</span> <span class='ocrx_word' id='word_1_174' title='bbox 1307 1734 1356 1765; x_wconf 89' lang='lat' dir='ltr'>D:</span> <span class='ocrx_word' id='word_1_175' title='bbox 1384 1738 1477 1765; x_wconf 81' lang='lat' dir='ltr'>stant</span> <span class='ocrx_word' id='word_1_176' title='bbox 1502 1735 1539 1765; x_wconf 90' lang='lat' dir='ltr'>in</span> <span class='ocrx_word' id='word_1_177' title='bbox 1564 1735 1663 1766; x_wconf 82' lang='lat' dir='ltr'>stolis</span> <span class='ocrx_word' id='word_1_178' title='bbox 1689 1736 1728 1766; x_wconf 78' lang='lat' dir='ltr'>A.</span> <span class='ocrx_word' id='word_1_179' title='bbox 1747 1733 1871 1773; x_wconf 84' lang='lat' dir='ltr'>—4b,</span> <span class='ocrx_word' id='word_1_180' title='bbox 1897 1732 1918 1766; x_wconf 82' lang='lat'><strong>3</strong></span> 
     </span>
     <span class='ocr_line' id='line_1_26' title="bbox 352 1777 1917 1818; baseline -0.002 -5"><span class='ocrx_word' id='word_1_181' title='bbox 352 1781 438 1813; x_wconf 86' lang='lat' dir='ltr'>fehlt</span> <span class='ocrx_word' id='word_1_182' title='bbox 464 1781 598 1813; x_wconf 84' lang='lat' dir='ltr'>BCDE.</span> <span class='ocrx_word' id='word_1_183' title='bbox 624 1799 667 1802; x_wconf 86' lang='lat'><strong>—</strong></span> <span class='ocrx_word' id='word_1_184' title='bbox 693 1779 764 1818; x_wconf 69' lang='lat'>42.</span> <span class='ocrx_word' id='word_1_185' title='bbox 790 1780 812 1811; x_wconf 91' lang='lat'>4</span> <span class='ocrx_word' id='word_1_186' title='bbox 836 1781 928 1812; x_wconf 84' lang='lat' dir='ltr'>clare</span> <span class='ocrx_word' id='word_1_187' title='bbox 953 1781 1190 1812; x_wconf 82' lang='lat' dir='ltr'>contuentium</span> <span class='ocrx_word' id='word_1_188' title='bbox 1216 1780 1288 1812; x_wconf 89' lang='lat' dir='ltr'>CD.</span> <span class='ocrx_word' id='word_1_189' title='bbox 1314 1796 1356 1800; x_wconf 92' lang='lat'>—-</span> <span class='ocrx_word' id='word_1_190' title='bbox 1382 1777 1453 1817; x_wconf 80' lang='grc'>41),</span> <span class='ocrx_word' id='word_1_191' title='bbox 1482 1778 1497 1810; x_wconf 95' lang='grc'>1</span> <span class='ocrx_word' id='word_1_192' title='bbox 1524 1780 1646 1811; x_wconf 85' lang='lat' dir='ltr'>adorat</span> <span class='ocrx_word' id='word_1_193' title='bbox 1672 1781 1712 1811; x_wconf 93' lang='lat' dir='ltr'>B.</span> <span class='ocrx_word' id='word_1_194' title='bbox 1736 1797 1780 1800; x_wconf 98' lang='lat'><strong>—</strong></span> <span class='ocrx_word' id='word_1_195' title='bbox 1804 1778 1870 1818; x_wconf 90' lang='grc'>41),</span> <span class='ocrx_word' id='word_1_196' title='bbox 1895 1779 1917 1811; x_wconf 76' lang='grc'>3</span> 
     </span>
     <span class='ocr_line' id='line_1_27' title="bbox 357 1823 1916 1867; baseline -0.001 -9"><span class='ocrx_word' id='word_1_197' title='bbox 357 1827 563 1867; x_wconf 70' lang='lat' dir='ltr'>Cherubeyn</span> <span class='ocrx_word' id='word_1_198' title='bbox 588 1828 627 1858; x_wconf 79' lang='lat' dir='ltr'>A.</span> <span class='ocrx_word' id='word_1_199' title='bbox 647 1843 689 1848; x_wconf 96' lang='lat'>—-</span> <span class='ocrx_word' id='word_1_200' title='bbox 715 1824 778 1863; x_wconf 79' lang='grc'>41),</span> <span class='ocrx_word' id='word_1_201' title='bbox 804 1825 827 1857; x_wconf 91' lang='lat'>4</span> <span class='ocrx_word' id='word_1_202' title='bbox 851 1827 915 1858; x_wconf 83' lang='lat' dir='ltr'>sub</span> <span class='ocrx_word' id='word_1_203' title='bbox 940 1826 1070 1857; x_wconf 82' lang='lat' dir='ltr'>honore</span> <span class='ocrx_word' id='word_1_204' title='bbox 1095 1826 1138 1856; x_wconf 92' lang='lat' dir='ltr'>D.</span> <span class='ocrx_word' id='word_1_205' title='bbox 1155 1842 1200 1846; x_wconf 91' lang='lat'><strong>—</strong></span> <span class='ocrx_word' id='word_1_206' title='bbox 1216 1824 1278 1864; x_wconf 86' lang='grc'>51),</span> <span class='ocrx_word' id='word_1_207' title='bbox 1304 1823 1327 1856; x_wconf 91' lang='lat'>4</span> <span class='ocrx_word' id='word_1_208' title='bbox 1351 1828 1474 1856; x_wconf 75' lang='lat' dir='ltr'>tonant</span> <span class='ocrx_word' id='word_1_209' title='bbox 1498 1825 1640 1857; x_wconf 81' lang='lat' dir='ltr'>nutibus</span> <span class='ocrx_word' id='word_1_210' title='bbox 1666 1826 1737 1857; x_wconf 89' lang='lat' dir='ltr'>CD.</span> <span class='ocrx_word' id='word_1_211' title='bbox 1753 1842 1798 1846; x_wconf 87' lang='lat'>—</span> <span class='ocrx_word' id='word_1_212' title='bbox 1813 1824 1875 1863; x_wconf 88' lang='grc'>61),</span> <span class='ocrx_word' id='word_1_213' title='bbox 1900 1825 1916 1857; x_wconf 96' lang='grc'>1</span> 
     </span>
    </p>
   </div>
   <div class='ocr_carea' id='block_1_8' title="bbox 357 1868 1918 2004">
    <p class='ocr_par' dir='ltr' id='par_1_12' title="bbox 357 1868 1918 2004">
     <span class='ocr_line' id='line_1_28' title="bbox 357 1868 1918 1912; baseline 0 -10"><span class='ocrx_word' id='word_1_214' title='bbox 357 1872 504 1904; x_wconf 79' lang='lat' dir='ltr'>afferunt</span> <span class='ocrx_word' id='word_1_215' title='bbox 528 1873 570 1903; x_wconf 96' lang='lat' dir='ltr'>D.</span> <span class='ocrx_word' id='word_1_216' title='bbox 601 1891 641 1894; x_wconf 89' lang='lat'>—</span> <span class='ocrx_word' id='word_1_217' title='bbox 668 1873 794 1903; x_wconf 84' lang='lat' dir='ltr'>Hinter</span> <span class='ocrx_word' id='word_1_218' title='bbox 823 1870 871 1903; x_wconf 73' lang='lat' dir='ltr'>Ga</span> <span class='ocrx_word' id='word_1_219' title='bbox 896 1872 957 1903; x_wconf 82' lang='lat' dir='ltr'>hat</span> <span class='ocrx_word' id='word_1_220' title='bbox 981 1873 1007 1903; x_wconf 89' lang='lat' dir='ltr'>B</span> <span class='ocrx_word' id='word_1_221' title='bbox 1033 1881 1146 1903; x_wconf 86' lang='lat' dir='ltr'>neuen</span> <span class='ocrx_word' id='word_1_222' title='bbox 1170 1868 1362 1902; x_wconf 84' lang='lat' dir='ltr'>Abschnitt</span> <span class='ocrx_word' id='word_1_223' title='bbox 1387 1871 1450 1901; x_wconf 86' lang='lat' dir='ltr'>mit</span> <span class='ocrx_word' id='word_1_224' title='bbox 1473 1881 1580 1901; x_wconf 88' lang='lat' dir='ltr'>neuer</span> <span class='ocrx_word' id='word_1_225' title='bbox 1603 1871 1765 1909; x_wconf 85' lang='lat' dir='ltr'>Initiale,</span> <span class='ocrx_word' id='word_1_226' title='bbox 1791 1870 1918 1912; x_wconf 82' lang='lat' dir='ltr'>jedoch</span> 
     </span>
     <span class='ocr_line' id='line_1_29' title="bbox 358 1914 1918 1958; baseline 0 -11"><span class='ocrx_word' id='word_1_227' title='bbox 358 1917 485 1949; x_wconf 84' lang='lat' dir='ltr'>keinen</span> <span class='ocrx_word' id='word_1_228' title='bbox 512 1927 624 1949; x_wconf 88' lang='lat' dir='ltr'>neuen</span> <span class='ocrx_word' id='word_1_229' title='bbox 651 1917 753 1948; x_wconf 83' lang='lat' dir='ltr'>Titel.</span> <span class='ocrx_word' id='word_1_230' title='bbox 802 1917 850 1948; x_wconf 79' lang='lat' dir='ltr'>Es</span> <span class='ocrx_word' id='word_1_231' title='bbox 878 1918 968 1949; x_wconf 70' lang='lat' dir='ltr'>ware</span> <span class='ocrx_word' id='word_1_232' title='bbox 993 1917 1091 1948; x_wconf 84' lang='lat' dir='ltr'>nieht</span> <span class='ocrx_word' id='word_1_233' title='bbox 1115 1916 1419 1958; x_wconf 76' lang='lat' dir='ltr'>ausgesehlossen,</span> <span class='ocrx_word' id='word_1_234' title='bbox 1445 1915 1521 1947; x_wconf 84' lang='lat' dir='ltr'>dass</span> <span class='ocrx_word' id='word_1_235' title='bbox 1547 1917 1609 1946; x_wconf 88' lang='lat' dir='ltr'>mit</span> <span class='ocrx_word' id='word_1_236' title='bbox 1634 1914 1682 1947; x_wconf 83' lang='lat' dir='ltr'>7a</span> <span class='ocrx_word' id='word_1_237' title='bbox 1707 1917 1835 1948; x_wconf 87' lang='lat' dir='ltr'>einmal</span> <span class='ocrx_word' id='word_1_238' title='bbox 1861 1917 1918 1947; x_wconf 87' lang='lat' dir='ltr'>eiu</span> 
     </span>
     <span class='ocr_line' id='line_1_30' title="bbox 358 1957 1918 2004; baseline -0.001 -11"><span class='ocrx_word' id='word_1_239' title='bbox 358 1973 464 1994; x_wconf 78' lang='lat' dir='ltr'>neues</span> <span class='ocrx_word' id='word_1_240' title='bbox 490 1962 577 1994; x_wconf 90' lang='lat' dir='ltr'>Lied</span> <span class='ocrx_word' id='word_1_241' title='bbox 602 1962 728 2004; x_wconf 83' lang='lat' dir='ltr'>anfing.</span> <span class='ocrx_word' id='word_1_242' title='bbox 755 1980 796 1983; x_wconf 98' lang='lat'><strong>—</strong></span> <span class='ocrx_word' id='word_1_243' title='bbox 822 1960 882 1999; x_wconf 67' lang='lat' dir='ltr'>8b.</span> <span class='ocrx_word' id='word_1_244' title='bbox 909 1960 929 1993; x_wconf 83' lang='grc'>2</span> <span class='ocrx_word' id='word_1_245' title='bbox 954 1973 1023 1994; x_wconf 87' lang='lat' dir='ltr'>non</span> <span class='ocrx_word' id='word_1_246' title='bbox 1048 1965 1218 1994; x_wconf 77' lang='lat' dir='ltr'>vexantur</span> <span class='ocrx_word' id='word_1_247' title='bbox 1243 1964 1282 1993; x_wconf 92' lang='lat' dir='ltr'>A.</span> <span class='ocrx_word' id='word_1_248' title='bbox 1300 1979 1342 1982; x_wconf 97' lang='lat'><strong>—</strong></span> <span class='ocrx_word' id='word_1_249' title='bbox 1368 1957 1431 1999; x_wconf 83' lang='grc'>81),</span> <span class='ocrx_word' id='word_1_250' title='bbox 1456 1958 1477 1992; x_wconf 83' lang='grc'><strong>3</strong></span> <span class='ocrx_word' id='word_1_251' title='bbox 1496 1961 1638 2002; x_wconf 86' lang='lat' dir='ltr'>Semper</span> <span class='ocrx_word' id='word_1_252' title='bbox 1662 1961 1757 1999; x_wconf 73' lang='lat' dir='ltr'>laeti⁷</span> <span class='ocrx_word' id='word_1_253' title='bbox 1783 1971 1918 2003; x_wconf 89' lang='lat' dir='ltr'>semper</span> 
     </span>
    </p>
   </div>
   <div class='ocr_carea' id='block_1_9' title="bbox 356 2005 1919 2045">
    <p class='ocr_par' dir='ltr' id='par_1_13' title="bbox 356 2005 1919 2045">
     <span class='ocr_line' id='line_1_31' title="bbox 356 2005 1919 2045; baseline -0.001 -6"><span class='ocrx_word' id='word_1_254' title='bbox 356 2011 431 2039; x_wconf 77' lang='lat' dir='ltr'>sani</span> <span class='ocrx_word' id='word_1_255' title='bbox 459 2009 527 2040; x_wconf 63' lang='lat' dir='ltr'>CE.</span> <span class='ocrx_word' id='word_1_256' title='bbox 554 2024 597 2029; x_wconf 91' lang='lat'>—-</span> <span class='ocrx_word' id='word_1_257' title='bbox 626 2007 686 2045; x_wconf 82' lang='grc'>91),</span> <span class='ocrx_word' id='word_1_258' title='bbox 717 2007 730 2039; x_wconf 94' lang='grc'>1</span> <span class='ocrx_word' id='word_1_259' title='bbox 757 2008 831 2039; x_wconf 81' lang='lat' dir='ltr'>Deo</span> <span class='ocrx_word' id='word_1_260' title='bbox 857 2007 943 2039; x_wconf 86' lang='lat' dir='ltr'>fehlt</span> <span class='ocrx_word' id='word_1_261' title='bbox 968 2008 1038 2040; x_wconf 90' lang='lat' dir='ltr'>CD.</span> <span class='ocrx_word' id='word_1_262' title='bbox 1066 2025 1108 2028; x_wconf 89' lang='lat'>—</span> <span class='ocrx_word' id='word_1_263' title='bbox 1133 2005 1195 2044; x_wconf 84' lang='grc'>91),</span> <span class='ocrx_word' id='word_1_264' title='bbox 1221 2006 1243 2038; x_wconf 82' lang='grc'>4</span> <span class='ocrx_word' id='word_1_265' title='bbox 1267 2007 1394 2038; x_wconf 84' lang='lat' dir='ltr'>duxcat</span> <span class='ocrx_word' id='word_1_266' title='bbox 1421 2006 1461 2037; x_wconf 88' lang='lat' dir='ltr'>A.</span> <span class='ocrx_word' id='word_1_267' title='bbox 1487 2023 1530 2027; x_wconf 92' lang='lat'><strong>—</strong></span> <span class='ocrx_word' id='word_1_268' title='bbox 1555 2005 1745 2038; x_wconf 77' lang='lat' dir='ltr'>Aufschrift</span> <span class='ocrx_word' id='word_1_269' title='bbox 1769 2006 1858 2038; x_wconf 87' lang='lat' dir='ltr'>nach</span> <span class='ocrx_word' id='word_1_270' title='bbox 1877 2007 1919 2038; x_wconf 80' lang='lat' dir='ltr'>A.</span> 
     </span>
    </p>
   </div>
   <div class='ocr_carea' id='block_1_10' title="bbox 742 2186 1525 2225">
    <p class='ocr_par' dir='ltr' id='par_1_14' title="bbox 742 2186 1525 2225">
     <span class='ocr_line' id='line_1_32' title="bbox 742 2186 1525 2225; baseline 0 -5"><span class='ocrx_word' id='word_1_271' title='bbox 742 2187 823 2222; x_wconf 65' lang='lat'>4213.</span> <span class='ocrx_word' id='word_1_272' title='bbox 864 2188 942 2225; x_wconf 67' lang='lat'>1313.)</span> <span class='ocrx_word' id='word_1_273' title='bbox 978 2186 1126 2222; x_wconf 82' lang='lat' dir='ltr'>Versus</span> <span class='ocrx_word' id='word_1_274' title='bbox 1152 2187 1198 2221; x_wconf 80' lang='lat' dir='ltr'>(le</span> <span class='ocrx_word' id='word_1_275' title='bbox 1226 2186 1367 2221; x_wconf 74' lang='lat' dir='ltr'>sancta</span> <span class='ocrx_word' id='word_1_276' title='bbox 1393 2195 1525 2221; x_wconf 84' lang='lat' dir='ltr'>cruce.</span> 
     </span>
    </p>
   </div>
   <div class='ocr_carea' id='block_1_11' title="bbox 562 2291 1670 2510">
    <p class='ocr_par' dir='ltr' id='par_1_15' title="bbox 562 2291 1670 2510">
     <span class='ocr_line' id='line_1_33' title="bbox 562 2291 1619 2342; baseline -0.003 -11"><span class='ocrx_word' id='word_1_277' title='bbox 562 2294 654 2332; x_wconf 87' lang='lat' dir='ltr'>Vita</span> <span class='ocrx_word' id='word_1_278' title='bbox 685 2293 773 2330; x_wconf 90' lang='lat' dir='ltr'>boni</span> <span class='ocrx_word' id='word_1_279' title='bbox 804 2293 976 2329; x_wconf 84' lang='lat' dir='ltr'>monachi</span> <span class='ocrx_word' id='word_1_280' title='bbox 1007 2303 1099 2330; x_wconf 86' lang='lat' dir='ltr'>crux</span> <span class='ocrx_word' id='word_1_281' title='bbox 1129 2296 1196 2342; x_wconf 86' lang='lat' dir='ltr'>est,</span> <span class='ocrx_word' id='word_1_282' title='bbox 1229 2292 1296 2329; x_wconf 91' lang='lat' dir='ltr'>sed</span> <span class='ocrx_word' id='word_1_283' title='bbox 1331 2292 1406 2329; x_wconf 87' lang='lat' dir='ltr'>dux</span> <span class='ocrx_word' id='word_1_284' title='bbox 1437 2291 1619 2339; x_wconf 72' lang='lat' dir='ltr'>paradisi‚</span> 
     </span>
     <span class='ocr_line' id='line_1_34' title="bbox 567 2347 1591 2397; baseline -0.003 -10"><span class='ocrx_word' id='word_1_285' title='bbox 567 2351 699 2387; x_wconf 88' lang='lat' dir='ltr'>Portat</span> <span class='ocrx_word' id='word_1_286' title='bbox 730 2354 958 2397; x_wconf 73' lang='lat' dir='ltr'>portantem,</span> <span class='ocrx_word' id='word_1_287' title='bbox 989 2350 1112 2387; x_wconf 84' lang='lat' dir='ltr'>salvat</span> <span class='ocrx_word' id='word_1_288' title='bbox 1143 2359 1211 2386; x_wconf 84' lang='lat' dir='ltr'>sua</span> <span class='ocrx_word' id='word_1_289' title='bbox 1240 2349 1396 2386; x_wconf 84' lang='lat' dir='ltr'>vulnera</span> <span class='ocrx_word' id='word_1_290' title='bbox 1426 2347 1591 2396; x_wconf 86' lang='lat' dir='ltr'>flentem,</span> 
     </span>
     <span class='ocr_line' id='line_1_35' title="bbox 564 2406 1556 2453; baseline -0.003 -10"><span class='ocrx_word' id='word_1_291' title='bbox 564 2407 712 2444; x_wconf 87' lang='lat' dir='ltr'>Firmat</span> <span class='ocrx_word' id='word_1_292' title='bbox 743 2411 952 2449; x_wconf 88' lang='lat' dir='ltr'>nutantem,</span> <span class='ocrx_word' id='word_1_293' title='bbox 984 2406 1083 2443; x_wconf 88' lang='lat' dir='ltr'>tollit</span> <span class='ocrx_word' id='word_1_294' title='bbox 1114 2406 1163 2443; x_wconf 85' lang='lat' dir='ltr'>ad</span> <span class='ocrx_word' id='word_1_295' title='bbox 1195 2406 1349 2442; x_wconf 85' lang='lat' dir='ltr'>aethera</span> <span class='ocrx_word' id='word_1_296' title='bbox 1379 2410 1556 2453; x_wconf 81' lang='lat' dir='ltr'>mentem,</span> 
     </span>
     <span class='ocr_line' id='line_1_36' title="bbox 564 2461 1670 2510; baseline -0.001 -12"><span class='ocrx_word' id='word_1_297' title='bbox 564 2463 687 2499; x_wconf 78' lang='lat' dir='ltr'>Vincit</span> <span class='ocrx_word' id='word_1_298' title='bbox 718 2468 965 2510; x_wconf 86' lang='lat' dir='ltr'>temptantem</span> <span class='ocrx_word' id='word_1_299' title='bbox 997 2463 1216 2499; x_wconf 83' lang='lat' dir='ltr'>daemonem</span> <span class='ocrx_word' id='word_1_300' title='bbox 1249 2461 1294 2498; x_wconf 89' lang='lat' dir='ltr'>de</span> <span class='ocrx_word' id='word_1_301' title='bbox 1327 2462 1430 2498; x_wconf 79' lang='lat' dir='ltr'>caelo</span> <span class='ocrx_word' id='word_1_302' title='bbox 1460 2461 1670 2498; x_wconf 75' lang='lat' dir='ltr'>cadentem.</span> 
     </span>
    </p>
   </div>
   <div class='ocr_carea' id='block_1_12' title="bbox 450 2559 1918 2605">
    <p class='ocr_par' dir='ltr' id='par_1_16' title="bbox 450 2559 1918 2605">
     <span class='ocr_line' id='line_1_37' title="bbox 450 2559 1918 2605; baseline -0.002 -10"><span class='ocrx_word' id='word_1_303' title='bbox 450 2564 603 2596; x_wconf 52' lang='lat' dir='ltr'>&#39;rhomae</span> <span class='ocrx_word' id='word_1_304' title='bbox 634 2575 653 2595; x_wconf 75' lang='lat' dir='ltr'>a</span> <span class='ocrx_word' id='word_1_305' title='bbox 687 2564 830 2605; x_wconf 82' lang='lat' dir='ltr'>Kempis</span> <span class='ocrx_word' id='word_1_306' title='bbox 860 2563 973 2605; x_wconf 81' lang='lat' dir='ltr'>Opera</span> <span class='ocrx_word' id='word_1_307' title='bbox 1005 2563 1130 2594; x_wconf 86' lang='lat' dir='ltr'>Omnia</span> <span class='ocrx_word' id='word_1_308' title='bbox 1165 2563 1214 2595; x_wconf 86' lang='lat' dir='ltr'>ed.</span> <span class='ocrx_word' id='word_1_309' title='bbox 1247 2563 1292 2595; x_wconf 94' lang='lat' dir='ltr'>H.</span> <span class='ocrx_word' id='word_1_310' title='bbox 1327 2562 1535 2594; x_wconf 82' lang='lat' dir='ltr'>Sommalius</span> <span class='ocrx_word' id='word_1_311' title='bbox 1570 2559 1667 2593; x_wconf 88' lang='grc'>1601.</span> <span class='ocrx_word' id='word_1_312' title='bbox 1696 2578 1734 2582; x_wconf 92' lang='grc'><strong>-</strong></span> <span class='ocrx_word' id='word_1_313' title='bbox 1766 2561 1918 2593; x_wconf 83' lang='lat' dir='ltr'>Thomae</span> 
     </span>
    </p>
   </div>
   <div class='ocr_carea' id='block_1_13' title="bbox 358 2604 1917 2687">
    <p class='ocr_par' dir='ltr' id='par_1_17' title="bbox 358 2604 1917 2687">
     <span class='ocr_line' id='line_1_38' title="bbox 360 2604 1917 2687; baseline -0.002 -46"><span class='ocrx_word' id='word_1_314' title='bbox 360 2610 514 2687; x_wconf 44' lang='lat' dir='ltr'>§gaglleudi</span> <span class='ocrx_word' id='word_1_315' title='bbox 547 2610 588 2641; x_wconf 85' lang='lat' dir='ltr'>de</span> <span class='ocrx_word' id='word_1_316' title='bbox 626 2609 768 2650; x_wconf 83' lang='lat' dir='ltr'>Kempis</span> <span class='ocrx_word' id='word_1_317' title='bbox 802 2610 915 2651; x_wconf 85' lang='lat' dir='ltr'>Opera</span> <span class='ocrx_word' id='word_1_318' title='bbox 941 2610 1065 2641; x_wconf 85' lang='lat' dir='ltr'>Omnia</span> <span class='ocrx_word' id='word_1_319' title='bbox 1100 2609 1149 2640; x_wconf 88' lang='lat' dir='ltr'>ed.</span> <span class='ocrx_word' id='word_1_320' title='bbox 1176 2609 1222 2639; x_wconf 92' lang='lat' dir='ltr'>H.</span> <span class='ocrx_word' id='word_1_321' title='bbox 1251 2607 1460 2640; x_wconf 84' lang='lat' dir='ltr'>Sommalius</span> <span class='ocrx_word' id='word_1_322' title='bbox 1491 2608 1722 2648; x_wconf 80' lang='lat' dir='ltr'>Antwerpiae.</span> <span class='ocrx_word' id='word_1_323' title='bbox 1751 2604 1848 2639; x_wconf 80' lang='grc'>1607.</span> <span class='ocrx_word' id='word_1_324' title='bbox 1872 2606 1917 2644; x_wconf 89' lang='grc' dir='ltr'>Π,</span> 
     </span>
     <span class='ocr_line' id='line_1_39' title="bbox 358 2658 497 2687; baseline -0.007 -1"><span class='ocrx_word' id='word_1_325' title='bbox 358 2663 379 2686; x_wconf 72' lang='grc' dir='ltr'>ε)</span> <span class='ocrx_word' id='word_1_326' title='bbox 405 2674 435 2687; x_wconf 84' lang='lat'>-.</span> <span class='ocrx_word' id='word_1_327' title='bbox 463 2658 497 2687; x_wconf 82' lang='grc' dir='ltr'>Β.</span> 
     </span>
    </p>
   </div>
   <div class='ocr_carea' id='block_1_14' title="bbox 2005 2762 2017 3137">
    <p class='ocr_par' dir='ltr' id='par_1_18' title="bbox 2005 2762 2017 3137">
     <span class='ocr_line' id='line_1_40' title="bbox 2005 2762 2017 3137; textangle 90"><span class='ocrx_word' id='word_1_328' title='bbox 2005 2963 2013 3137; x_wconf 36' lang='grc' dir='ltr'>*ἢ</span> <span class='ocrx_word' id='word_1_329' title='bbox 2011 2811 2016 2951; x_wconf 16' lang='lat' dir='ltr'>*a*</span> <span class='ocrx_word' id='word_1_330' title='bbox 2014 2762 2017 2799; x_wconf 56' lang='grc' dir='ltr'>-υ</span> 
     </span>
    </p>
   </div>
  </div>
 </body>
</html>
