2031 3289
958 162 1260 203 -430-

377 306 386 314 .
419 276 596 323 Sequitur
625 277 718 314 haec
748 278 829 315 sola
859 277 1023 324 primum

419 332 602 380 Sponsum
639 338 676 370 et
706 345 842 380 agnum
873 334 1076 372 candidum

418 389 469 426 Et
498 393 540 425 ut
570 390 700 436 regina
730 390 916 437 virginum

421 444 528 482 Canit
560 446 857 492 epithalamium.

581 569 828 609 Responsoria.

377 670 384 678 .
417 642 496 679 Ens
527 652 636 679 omne
666 643 730 689 qui
761 644 815 679 sic
846 644 1027 692 condidit,

417 697 507 735 Sese
537 699 683 735 Mariae
712 699 895 745 subdidit,

416 754 491 791 Hic
520 755 667 800 plasma
694 755 763 792 sibi
796 756 946 803 subicit,

374 840 382 850 .
420 811 530 847 Haec·
537 811 731 858 praecipit
741 812 833 862 Μὐἰ,
849 814 881 849 ct
892 813 1096 853 descendit.

481 946 534 982 ln
576 947 613 984 2.
656 946 929 986 Nocturno.

588 1024 822 1065 Antiphonae.

380 1132 388 1142 .
420 1103 470 1140 Et
500 1109 586 1150 post
616 1115 696 1141 eam
728 1116 814 1141 mox
844 1106 1016 1152 proxime

419 1160 631 1207 Sequuntur
661 1161 760 1207 regis
789 1160 891 1199 filiae

415 1215 524 1253 Novo
555 1221 732 1254 canentes
763 1219 941 1265 carmine,

417 1272 567 1310 Norunt
597 1273 698 1319 quod
728 1274 830 1311 solae
862 1286 1008 1314 canere.

376 1392 384 1400 .
416 1362 517 1399 Hinc
549 1363 773 1401 candidatus
803 1369 1013 1412 martyrum

418 1419 510 1456 Mox
541 1425 720 1467 sequatur
750 1431 900 1471 cuneus,

419 1475 525 1513 Stola
555 1487 711 1523 quorum

477 1543 546 1578 per
575 1532 738 1570 fluminis
769 1534 951 1581 impetum

420 1588 632 1626 Dealbatur
661 1589 862 1629 vivificum.

378 1709 386 1718 .
418 1679 510 1716 Mox
531 1683 617 1725 post
637 1679 734 1716 hanc
756 1686 910 1719 currunt
931 1680 1079 1720 fervide

418 1735 554 1781 Tyrus,
586 1736 819 1784 alienigenae

418 1791 468 1829 Et
499 1793 661 1839 populus
693 1794 923 1841 Aethiopum

421 1848 635 1886 Candorem
663 1848 925 1897 flagitantium.

583 1973 830 2014 Responsoria.

377 2077 384 2086 .
420 2045 524 2083 Sicut
554 2045 673 2094 frigus
704 2048 801 2085 nivis

418 2103 462 2139 In
494 2103 628 2141 diebus
658 2105 790 2141 messis

475 2160 665 2197 Messores
695 2161 889 2209 laetificat,

420 2215 483 2252 Sic
512 2217 637 2263 pudor
668 2218 857 2264 virgineus

419 2272 552 2309 Carnis
584 2284 734 2319 pressos
764 2275 931 2312 aestibus

474 2329 641 2367 Iucunde
671 2330 866 2369 castificat.

420 2384 523 2422 Sicut
555 2391 602 2435 te,
637 2387 873 2438 intemerata,

419 2442 626 2489 Virginitas
657 2443 816 2489 illibata,

476 2498 686 2536 Comitatur
715 2500 919 2539 humilitas,

378 2619 386 2628 .
419 2588 487 2633 Tu,
521 2589 583 2635 qui
616 2589 813 2627 dealbatus
846 2591 919 2627 eris

474 2646 516 2682 In
548 2646 695 2683 Mariae
725 2647 887 2695 nivibus,

419 2703 496 2737 Iam
528 2702 627 2739 ultra
657 2714 729 2739 non
764 2704 984 2754 inquineris,

475 2759 632 2795 Manens
667 2764 766 2796 totus
799 2760 996 2807 candidus,

370 2843 378 2851 .
417 2814 466 2850 Et
498 2826 575 2851 ozon
607 2815 755 2853 timebis
787 2816 918 2854 domui
945 2819 1034 2854 tuae
1054 2828 1079 2853 a

417 2871 516 2916 sarie
545 2871 658 2910 aivis,

1295 277 1348 313 In
1388 276 1427 315 3.
1468 275 1742 314 Nocturno.

1400 357 1631 400 Antiphonae.

1165 455 1201 494 1.
1233 454 1353 492 Deum
1386 465 1473 491 vere
1500 455 1563 501 qui
1585 455 1888 502 contemplantur

1161 731 1196 768 2.

1149 2816 1193 2854 V.

1229 511 1324 548 Eius
1355 521 1482 548 amore
1512 509 1664 560 fervidi,

1229 567 1282 605 Ut
1312 578 1419 614 reges
1450 567 1535 604 nive
1567 565 1793 605 dealbantur

1229 624 1272 660 In
1305 623 1468 667 Selmon,
1499 629 1625 660 monte
1655 624 1821 663 Domini.

1227 729 1392 766 Leonem
1422 729 1461 766 in
1491 729 1615 766 media

1231 785 1337 822 Haec
1366 784 1559 822 interfecit

1289 842 1396 879 Nivis
1428 842 1592 879 cisterna

1232 898 1307 935 Sua
1336 898 1586 935 sanctimonia

1231 954 1282 991 Et
1309 953 1588 1002 magnificentia

1288 1011 1437 1048 Virtute
1467 1021 1642 1057 superna.

1236 1119 1280 1156 In
1311 1129 1385 1164 qua
1414 1118 1590 1164 antiquus
1625 1117 1770 1154 dierum

1231 1175 1346 1213 Sedet
1375 1175 1415 1211 in
1445 1179 1550 1211 veste
1582 1173 1759 1221 candida,

1230 1231 1370 1268 lubilet
1400 1231 1433 1267 ei
1463 1231 1584 1268 omnis
1614 1235 1729 1278 terra,

1231 1288 1325 1333 Quia
1356 1286 1447 1324 fecit
1476 1287 1679 1326 mirabilia.

1397 1433 1643 1474 Responsoria.

1192 1554 1201 1563 .
1233 1525 1263 1563 Ο
1295 1525 1367 1562 Dei
1397 1524 1683 1562 tabernaculum

1290 1581 1464 1619 Candore
1495 1586 1532 1617 et
1560 1581 1749 1618 illibatum

1232 1638 1375 1685 Regale
1405 1637 1676 1684 habitaculum,

1288 1695 1349 1732 Ab
1380 1695 1481 1731 intus
1513 1694 1749 1740 deauratum,

1232 1753 1278 1790 In
1309 1762 1381 1798 quo
1412 1756 1539 1787 manet
1567 1756 1608 1788 ut
1638 1751 1678 1787 in
1708 1750 1844 1787 throno

1233 1808 1339 1845 Idem
1369 1808 1473 1844 Deus
1503 1814 1615 1854 atque
1646 1808 1768 1845 homo.

1230 1865 1283 1902 Et
1331 1864 1554 1902 vestimenta
1599 1863 1678 1902 eius
1723 1862 1894 1900 candida

1231 1921 1329 1959 sicut
1357 1921 1433 1959 rix.

1234 2028 1290 2065 Tu
1321 2038 1523 2065 amoenans
1554 2027 1769 2076 paradisus,

1291 2085 1371 2121 Soli
1401 2084 1483 2121 Deo
1511 2084 1693 2133 cognitus,

1234 2142 1381 2190 Nitens,
1415 2140 1581 2178 candens
1612 2144 1649 2177 et
1680 2139 1822 2177 invisus

1290 2198 1463 2234 Thronus
1495 2207 1533 2234 es
1565 2197 1772 2242 eburneus,-

1230 2254 1281 2292 In
1332 2265 1406 2300 quo
1455 2254 1556 2292 sedet
1603 2253 1750 2291 candor
1799 2251 1893 2290 lucis

1232 2312 1412 2350 aeternae
1470 2314 1504 2348 ct
1559 2309 1755 2357 speculum
1810 2309 1894 2346 sine

1231 2367 1400 2406 macula.

1231 2474 1408 2511 Formam
1440 2474 1549 2512 nobis
1579 2480 1669 2512 tunc
1689 2475 1892 2513 ostendens

1289 2531 1464 2568 Illibatae
1496 2532 1696 2580 castitatis,

1232 2588 1372 2625 Locum
1405 2588 1556 2634 quando
1587 2589 1672 2626 nive
1703 2587 1828 2626 tendis

1289 2644 1422 2681 Nitore
1452 2645 1701 2695 amoenitatis,

1234 2701 1366 2739 Virum
1398 2701 1504 2748 virgo
1536 2704 1826 2749 comprehendis

1291 2758 1333 2794 In
1365 2768 1492 2794 amore
1524 2760 1707 2806 caritatis,

1232 2816 1331 2864 Quia
1362 2818 1492 2852 uterus
1522 2819 1613 2853 tuus
1639 2818 1751 2863 quasi
1771 2817 1893 2856 circm-

1232 2872 1309 2910 itus
1318 2882 1476 2909 muroru
1483 2883 1516 2906 m
1527 2883 1570 2909 ea·
1577 2872 1705 2920 lapide
1713 2874 1890 2913 candido.
