2031 3289
0 3197 8 3289 ..az-:0

969 231 1020 236 -
1080 204 1160 246 296
1222 228 1272 234 --

365 322 428 361 11.
461 321 556 368 Ave,
587 332 678 359 vera
708 330 794 367 spes
825 320 1029 369 hominum,
1182 321 1244 360 13.
1276 321 1418 358 Precor
1449 331 1537 367 ergo
1567 323 1617 370 te,
1648 320 1786 370 Maria,

467 378 563 415 Vera
593 378 694 415 salus
726 380 812 424 post
842 377 1054 425 Dominum,
1279 379 1400 424 Super
1430 387 1557 414 omnes
1588 377 1702 421 mitis,
1735 377 1798 423 pia
1875 417 1878 420 ,
1992 415 1995 420 ,

522 434 620 471 Vera
661 433 758 471 caeli
795 433 870 471 dux
904 438 941 470 et
971 437 1093 482 porta,
1333 433 1466 471 Custos
1495 439 1636 480 nostra,
1667 433 1732 470 lux
1751 433 1926 482 marina,·
1952 472 1956 473 ⁷
1992 446 2000 475 ζ·
2026 451 2031 475 1

523 491 597 528 Per
623 501 731 537 quam
755 489 862 527 nobis
885 494 941 527 est
964 494 1096 526 exorta
1335 489 1466 534 Navis,
1489 493 1634 538 portus,
1659 490 1748 537 dux,
1765 490 1906 537 regina,
1938 531 1939 534 Ἴ
2026 507 2031 535 2

463 547 550 585 Veri
586 547 656 584 Dei
684 556 773 583 vera
803 547 916 591 salus,
1281 545 1351 582 Dei
1380 547 1458 583 nati
1489 547 1573 582 luce
1600 541 1654 583 t'ui
1915 550 1921 553 “

463 605 536 642 Per
566 614 676 651 quam
707 613 796 639 vere
826 603 927 640 redit
956 602 1076 639 malus
1280 601 1358 638 Nos
1389 603 1539 639 illustra
1571 600 1704 649 facque
1734 600 1809 640 frui

516 660 576 697 Ad
618 660 687 696 Dei
732 659 981 698 clementiam.
1337 659 1482 695 Tantae
1511 659 1607 696 lucis
1638 659 1805 705 specula.

367 764 429 801 12.
464 762 588 808 Salve,
621 762 739 806 salve,
769 766 901 798 sancta
927 771 1078 808 parens.
1183 763 1247 799 14.
1280 761 1369 810 Mei,
1403 770 1553 806 quaese,
1586 761 1810 808 peccatoris,

465 820 603 856 Sancta
634 818 753 865 virgo,
781 821 864 854 —tota
895 828 1027 854 carens
1279 817 1369 862 Mei,
1404 817 1522 864 virgo,
1553 816 1858 864 transgressoris,

520 874 628 912 Omni
660 873 796 911 fraude
827 874 906 910 sive
937 874 1046 921 malo,
1336 873 1425 921 Mei,
1460 873 1536 922 pia,
1569 873 1759 919 miserere,
1954 914 1961 917 Δ

523 931 602 969 Nos
633 932 669 968 in
701 931 810 967 huius
840 931 970 968 mundi
1001 931 1094 976 salo,
1336 930 1532 978 Miserere,
1564 929 1665 966 mitis
1696 940 1806 978 vere3
1938 946 1955 959 ν

465 989 570 1035 luva,
603 998 690 1035 rege
723 987 919 1037 circuiens,
1281 986 1509 1023 Miserorum
1540 986 1767 1035 miseratrix,

465 1044 579 1082 Salva
610 1055 760 1091 semper
791 1044 1009 1081 custodiens
1282 1043 1375 1080 Esto
1407 1043 1478 1079 mei
1509 1043 1775 1089 gubernatrix-

522 1101 763 1139 Infundendo
809 1101 983 1148 gratiam.
1341 1101 1413 1138 Per
1442 1100 1568 1137 omnia
1598 1099 1778 1140 saecula..

578 1204 678 1241 Laus
709 1203 773 1249 pia
803 1202 939 1252 finalis,
972 1203 1055 1240 laus
1087 1203 1243 1250 virginis
1273 1202 1495 1249 imperialis,

638 1260 725 1309 Ora,
759 1270 907 1297 sacrum
939 1258 1074 1297 flamen
1107 1259 1169 1296 det
1202 1259 1294 1296 mihi
1324 1269 1485 1307 semper,
1517 1259 1653 1296 Amen.

977 1369 998 1393 *
1259 1368 1281 1392 *

1118 1401 1139 1425 >k

584 1499 690 1536 Finis
721 1499 831 1536 adest
859 1497 998 1547 operis,
1033 1497 1209 1544 specular
1239 1508 1323 1545 quo,
1357 1495 1526 1544 virgo¹)‚
1560 1496 1723 1544 haberis,

642 1556 796 1602 Quoque
827 1555 917 1591 libri
944 1554 1029 1591 finis
1062 1554 1264 1599 clauditur,
1297 1554 1358 1590 hic
1387 1559 1425 1590 et
1454 1554 1491 1590 in
1523 1554 1595 1591 his.

585 1612 778 1659 Explicito
810 1611 920 1654 libro,
956 1612 1018 1658 pia
1050 1611 1168 1659 virgo,
1197 1611 1269 1647 mei
1301 1611 1492 1656 miserere,

640 1670 695 1708 Ut
726 1668 888 1706 Satanae
920 1668 1046 1705 cribro
1077 1668 1218 1704 liberer
1249 1667 1391 1714 absque
1423 1678 1506 1704 sero
1518 1665 1566 1717 2).

467 1771 545 1808 Nos
577 1771 676 1808 enim
706 1775 856 1808 satanas
882 1770 1052 1808 cribrare
1073 1770 1265 1807 desiderat
1286 1770 1382 1806 sicut
1403 1769 1593 1817 triticum,
1625 1769 1692 1806 sed
1713 1772 1767 1815 tu,
1798 1777 1908 1816 quae-

351 1840 489 1877 sumus,
522 1839 588 1865 ora
616 1839 686 1875 pro
707 1828 828 1878 nobis,
863 1839 909 1864 ne
933 1826 1095 1872 deficiat,
1129 1827 1195 1864 sed
1219 1825 1384 1863 sufficiat
1404 1826 1499 1863 fides
1522 1830 1662 1870 nostra,
1692 1836 1714 1862 o
1737 1820 1909 1871 clemens,

787 1895 808 1921 o
839 1885 914 1932 pia,
947 1895 968 1921 o
1001 1884 1121 1921 dulcis
1152 1883 1290 1921 Maria.
1349 1883 1483 1923 Amen,

795 2062 877 2097 298.
914 2062 994 2104 (11.)
1029 2062 1087 2097 De
1113 2061 1244 2097 Beata
1270 2061 1401 2097 Maria
1426 2061 1471 2098 V.

585 2166 726 2209 Sancta
756 2178 895 2217 parens
925 2172 963 2205 et
992 2168 1098 2214 virgo
1130 2178 1261 2205 carens
1292 2168 1444 2205 omnino
1474 2167 1630 2211 nocivis,

584 2225 734 2262 Nobilis
765 2225 903 2272 aulica,
935 2225 1003 2262 sed
1034 2224 1140 2271 quasi
1172 2225 1335 2273 publica,
1367 2225 1434 2261 sed
1467 2235 1577 2261 sacra
1610 2223 1714 2260 civis.

584 2282 642 2319 Tu
673 2282 834 2329 miseris,
867 2281 942 2328 pia,
978 2281 1202 2328 compateris
1234 2281 1307 2318 sibi
1338 2281 1608 2328 subveniendo,

585 2339 624 2377 Si
655 2339 838 2386 pudeant,
871 2339 902 2375 si
934 2338 1153 2385 paeniteant
1184 2338 1283 2375 mala
1312 2337 1578 2385 subfugiendo.

585 2396 722 2448 Impia,
754 2395 883 2442 turpia.
915 2398 1121 2442 cunctaque
1151 2396 1264 2432 noxia
1295 2395 1344 2432 da
1373 2394 1466 2431 mihi
1497 2404 1619 2440 nosse,

587 2452 769 2500 Velleque
799 2452 956 2501 pellere,
989 2456 1113 2488 mente
1145 2450 1333 2500 refellere,
1367 2461 1547 2499 spernere
1571 2460 1711 2500 ,posse3

585 2509 638 2547 Et
668 2509 759 2546 mihi
791 2513 944 2556 praesto
976 2519 1127 2556 semper
1157 2509 1300 2553 adesto,
1335 2509 1439 2555 virgo
1470 2507 1645 2555 benigna,

590 2566 760 2616 Florida,
794 2565 1108 2611 roridaflucida,
1143 2564 1301 2613 fulgida,
1334 2565 1474 2602 lumine
1507 2564 1632 2611 digna.

587 2622 745 2659 Lumine
776 2626 896 2665 terno,
930 2627 966 2658 te
997 2632 1144 2669 quoque
1175 2627 1330 2658 aeterno
1362 2620 1574 2668 clarificari,

492 2682 555 2720 10.
589 2680 689 2716 Rore
720 2689 885 2726 superno
915 2678 1081 2725 floreque
1113 2689 1226 2715 verno
1257 2677 1474 2725 glorificari.

589 2736 659 2774 Ille
691 2741 775 2773 tuus
805 2735 876 2772 tibi
906 2739 1111 2782 perpetuus
1144 2746 1205 2771 ros
1237 2738 1295 2771 est
1327 2734 1492 2781 deitatis,

589 2792 719 2830 Gloria
750 2791 818 2829 flos
850 2796 918 2839 est,
952 2790 1096 2829 fructus
1129 2792 1245 2829 bonos
1277 2796 1333 2828 est
1364 2791 1608 2838 virginitatis„

513 2400 549 2437 ,ΕΠ

449 2938 472 2979 ¹)
496 2941 593 2982 virgo
625 2950 692 2981 quo
720 2939 879 2980 specular
906 2938 967 2969 lis.
995 2954 1032 2959 -
1061 2934 1089 2977 2)
1113 2948 1188 2970 sere
1214 2939 1277 2970 ns.
