1914 3223
119 309 156 346 4.
190 303 334 345 Iudicis
364 305 403 342 in
431 304 572 342 iudicio

190 363 375 400 Iustitiam
408 361 566 408 imperio

248 420 385 456 inolita
415 418 610 463 inclinare,

187 477 365 514 Intraneo
396 475 502 512 initio

190 533 274 569 Iesu
305 532 397 569 iuris
428 531 570 568 indicio

245 589 489 626 Intereedens
521 588 720 634 imperare,

187 646 295 684 Illico
326 645 552 690 illuminare,

186 702 435 748 Inopinanter
464 702 594 738 iuvare

240 759 429 806 Impulsos
460 756 680 806 infortunio,

187 817 230 855 In
261 816 335 852 iam
366 815 528 861 inceptis
558 814 713 858 instare,

187 872 364 911 Indueias
396 872 601 918 impetrare

242 928 490 967 Iustificando
522 927 650 975 impio.

840 190 921 229 :3253

935 306 971 343 5.

1005 301 1192 343 Altissimi
1225 303 1406 344 amatoris

1004 361 1115 398 Almo
1145 360 1321 406 amplexu
1352 359 1492 396 amoris

1061 417 1245 463 Astricta,
1277 428 1418 463 amans,
1451 419 1576 452 amata

1003 474 1117 511 Auxii
1150 473 1393 520 accusatoris,

1002 531 1223 567 Animarum
1255 530 1451 572 amatoris,

1059 587 1287 624 Aduiltilans
1318 587 1493 633 allegata,

1003 644 1174 681 Aurorae
1205 643 1425 693 assimilata,

1003 701 1181 738 Aureolis
1211 701 1397 737 adornata

1059 757 1256 794 Altissima
1287 757 1446 805 altioris,

1004 815 1145 852 Astans
1178 814 1287 851 adest
1318 813 1513 860 appellata

1003 871 1060 909 Ac
1092 870 1224 907 abesse
1255 871 1456 917 abnegata,

1058 929 1178 965 Actus
1209 927 1287 975 agit
1318 925 1515 964 adiutoriS.

191 1008 334 1040 Collect.
361 1018 421 1038 ms.
448 1006 732 1040 Claraevalleuse
757 1018 846 1038 saec.
876 1005 927 1038 15.
975 1008 1059 1039 cod.
1083 1008 1227 1038 Treceu.
1258 1004 1354 1038 1612.

166 1131 248 1167 34⁸.

115 1226 152 1264 1.
183 1222 330 1275 Pater,
363 1228 511 1261 creator
541 1223 717 1273 oninium,

184 1283 298 1329 Origo
327 1286 363 1318 et
394 1281 634 1330 principium,

240 1340 274 1376 A
306 1350 379 1385 quo
412 1342 616 1379 causantur
646 1338 782 1382 omnia,

185 1396 248 1434 Ad
279 1401 317 1433 te
348 1400 495 1432 tuarum
529 1395 665 1443 ovium,

184 1453 349 1489 Tuorum
380 1462 471 1499 grex
502 1450 670 1488 fidelium

242 1509 334 1546 Alta
364 1508 478 1545 mittit
508 1508 686 1554 suspiria.

184 1567 230 1603 In
262 1564 351 1602 fletu
382 1569 419 1602 et
448 1565 600 1602 miseria

185 1622 376 1668 Captivati
408 1632 477 1669 per
509 1621 620 1658 devia

241 1679 325 1716 Non
356 1679 536 1716 habemus
567 1679 786 1723 remedium,

184 1736 268 1774 Nisi
299 1740 363 1773 tua
394 1735 605 1781 clementia,

184 1794 265 1830 Tua
295 1796 455 1839 paterna
486 1793 620 1840 gratia,

242 1849 361 1887 Nobis
393 1848 491 1887 ferat
521 1849 715 1888 auxilium.

142 1958 151 1967 .
184 1925 338 1969 Noster
371 1929 523 1966 voluisti
555 1939 648 1978 esse,

183 1985 241 2022 Ne
272 1985 380 2023 nobis
412 1991 509 2022 esset
543 1996 696 2022 necesse

241 2043 361 2080 Extra
393 2047 430 2079 te
461 2043 665 2089 quidquam
699 2048 842 2089 petere,

185 2099 269 2136 Non
301 2104 453 2146 poteras
484 2100 569 2146 plus
601 2099 782 2145 prodesse

184 2155 314 2202 Neque
346 2156 394 2193 de
424 2156 558 2194 maiori
589 2166 710 2193 messe

239 2212 358 2249 Nobis
388 2224 550 2260 unquam
584 2213 763 2252 tribuere.

183 2269 291 2307 Solus
324 2269 439 2307 debes
470 2268 657 2314 sufficere,

184 2327 279 2372 Quia
309 2327 410 2364 solus
442 2325 597 2363 reficere

240 2383 351 2420 Potes
376 2389 538 2420 mentem
560 2383 682 2429 plebis
706 2381 840 2429 fessae,

182 2440 300 2477 Aliud
333 2451 442 2486 quam
475 2445 511 2476 te
542 2445 683 2477 temere

182 2496 415 2543 Quaerimus,
448 2508 534 2534 nam
566 2496 729 2533 deficere

239 2553 371 2590 Restat
401 2553 473 2590 sibi
506 2553 563 2590 vel
596 2553 740 2591 abesse.

113 2638 151 2670 ”.
184 2629 265 2676 uui
296 2641 355 2683 eS,
389 2631 493 2669 fuisti
523 2637 559 2669 et
591 2633 680 2681 eris,

185 2688 310 2737 Pater,
342 2700 518 2726 succurre
551 2690 710 2735 miseris,

239 2745 308 2791 Qui
340 2757 411 2782 non
444 2746 699 2783 manemusin
722 2746 843 2792 idem,

185 2801 288 2838 Idem
320 2802 402 2848 ipse
433 2807 471 2839 tu
505 2802 655 2849 diceris,

186 2858 258 2904 Qui
288 2869 477 2905 nunquam
509 2859 784 2905 permutaberis

243 2914 400 2951 Manens
430 2926 579 2963 semper
607 2916 642 2952 iu
666 2916 704 2953 id
735 2916 846 2954 idem.

929 2295 966 2332 5.

284 1131 341 1171 (2.)
379 1130 696 1166 l'uleherrimum
721 1130 921 1165 dictamen
949 1140 1069 1174 super
1095 1130 1322 1165 orationem
1348 1127 1603 1163 dominicam.

1000 1224 1105 1261 Sicut
1135 1224 1205 1260 hoc
1237 1223 1425 1260 eredimus
1457 1221 1623 1269 quidem,

1000 1281 1090 1322 Fac,
1124 1284 1246 1329 pater,
1279 1292 1348 1327 per
1378 1281 1487 1317 istam
1517 1277 1645 1322 fidem,

1056 1338 1108 1375 Ut
1140 1349 1256 1375 noxas
1288 1337 1408 1374 nostri
1439 1335 1595 1376 sceleris

1000 1395 1180 1431 Diniittas
1212 1394 1320 1431 nobis
1352 1394 1526 1439 totidem,

999 1452 1179 1498 Quotiens
1212 1452 1282 1489 hoe
1311 1451 1422 1488 iussit
1454 1451 1600 1497 pridem

1059 1508 1294 1554 Redemptor
1324 1508 1442 1545 nostri
1474 1508 1634 1554 generis,

958 1618 967 1626 .
999 1584 1047 1626 hl
1079 1584 1217 1628 caelis
1249 1598 1396 1624 sursum
1427 1587 1589 1635 habitas,

1000 1644 1070 1690 Qui
1101 1645 1137 1680 in
1170 1644 1283 1681 terris
1313 1655 1380 1681 nos
1414 1644 1559 1691 visitas,

1055 1701 1237 1738 Dominus
1268 1701 1511 1751 exercituum,

1000 1758 1040 1797 Si
1070 1769 1143 1795 non
1176 1758 1267 1795 feris
1299 1768 1343 1795 ac
1374 1758 1532 1807 excitas,

1000 1815 1190 1852 Remissos
1221 1814 1293 1851 nisi
1324 1815 1496 1863 suscitas,

1055 1873 1117 1909 Ad
1155 1872 1298 1909 nullum
1317 1883 1424 1918 *opus
1455 1876 1661 1918 strenuum,

998 1929 1061 1966 Ad
1093 1929 1296 1966 volandum
1326 1929 1365 1965 in
1395 1929 1555 1966 arduum

998 1986 1048 2023 Et
1081 1986 1195 2023 altam
1227 1996 1384 2022 messem
1417 1984 1606 2022 fructuum

1057 2043 1149 2080 Alas
1179 2042 1360 2079 habemus
1392 2042 1532 2089 irritas,

999 2099 1234 2136 Laboramus
1264 2100 1302 2135 in
1335 2110 1491 2135 vacuum

998 2156 1079 2193 Nec
1110 2157 1290 2194 habemus
1321 2156 1516 2205 irriguum,

1057 2213 1140 2250 Nisi
1171 2218 1235 2250 tua
1268 2213 1330 2250 det
1363 2212 1523 2250 bonitas.

999 2289 1323 2343 Sanctificetur,
1357 2292 1529 2337 dicimus,

997 2349 1144 2386 Nomen
1172 2353 1287 2398 tuum,
1320 2349 1419 2395 quod
1452 2349 1606 2385 colimus

1055 2407 1104 2443 Et
1137 2406 1237 2453 qnod
1269 2410 1325 2442 est
1356 2405 1595 2450 admirabile,

999 2463 1087 2500 Sine
1118 2474 1190 2510 quo
1222 2463 1523 2509 recognoscimus

999 2520 1048 2557 Et
1080 2521 1263 2557 audacter
1294 2518 1521 2566 perferimus

1057 2577 1121 2613 Nil
1153 2581 1336 2625 sanctum,
1370 2576 1423 2613 nil
1455 2575 1622 2622 valibile,

1001 2634 1075 2672 Sed
1108 2644 1189 2670 cum
1221 2644 1294 2670 non
1326 2634 1373 2670 sit
1404 2633 1476 2669 hoc
1506 2631 1618 2670 facile

1002 2690 1178 2728 Laudare
1210 2700 1277 2726 nec
1308 2689 1489 2736 possibile

1057 2747 1125 2795 Eo,
1158 2747 1256 2793 quod
1288 2758 1362 2783 non
1393 2744 1613 2796 sufficimus,

1002 2804 1156 2846 Tamen,
1190 2808 1301 2849 prout
1332 2803 1500 2849 optabile

1005 2860 1190 2897 (ordibus
1222 2865 1276 2896 est
1309 2864 1344 2896 et
1376 2859 1512 2911 habile,

1061 2917 1121 2956 Ad
1154 2916 1384 2954 laudandum
1417 2918 1659 2966 assurgimus.

1375 2981 1446 3015 ⁶21*
