1914 3223
147 227 213 265 19.

146 496 214 532 20.

145 767 213 804 21.

145 1038 212 1075 22.

145 1581 214 1620 24.

151 1854 217 1892 25.

144 2127 213 2164 26.

140 2658 206 2697 28.

773 110 1050 150 —ca—

246 224 409 261 Veraces
441 223 517 259 sint
548 223 686 260 notarii

247 280 428 317 Teneudo
461 279 572 316 tidem
603 280 732 322 animi,

248 337 326 373 Nec
356 347 517 382 unquam
547 346 617 381 pro
650 335 816 372 denariis

249 393 361 431 Falsa
392 391 560 429 scribant
590 392 628 428 in
660 391 831 431 cartulis,

249 494 511 531 Castaldiones
543 494 672 539 populi

247 550 295 588 Et
327 561 455 587 omncs
488 550 713 586 vicedomini

247 606 304 643 Ne
337 611 538 653 torqueant
568 606 750 643 iustitiam

247 663 326 700 Nec
357 663 588 701 manducent
619 663 786 702 servitia.

247 767 435 803 Tenentes
466 765 676 802 ministeria

249 822 339 859 Cum
370 821 479 858 malis
510 833 583 858 non
616 822 854 871 conveniant,

245 879 320 916 Sed
354 883 458 915 recta
489 877 564 915 fide
595 878 775 926 serviant,

244 935 302 972 Ne
335 935 432 972 bona
462 934 624 982 perdant
656 935 805 974 merita.

245 1037 506 1074 Advocatores
537 1036 680 1082 placita

244 1093 302 1130 Ne
334 1092 513 1130 fraudent
544 1098 626 1129 arte
657 1093 794 1142 aliqua,

244 1150 430 1187 Relaxent
463 1150 588 1187 cordis
621 1149 714 1187 vitia

244 1207 292 1243 Et
327 1207 525 1253 exquirunt
557 1206 709 1245 iudicia.

208 1339 216 1347 .
251 1308 386 1345 Nullus
419 1308 642 1345 consiliarus

250 1362 323 1403 Vel
355 1361 437 1411 quis
469 1365 718 1402 auricularius

249 1423 414 1469 Propter
443 1421 634 1458 mundana
666 1432 852 1468 prospera

250 1478 298 1516 Se
330 1477 493 1515 confidat
524 1478 561 1515 in
594 1478 727 1524 gloria.

246 1581 387 1618 Missus
419 1581 627 1628 prudenter
655 1581 779 1627 sapiat

244 1637 438 1675 Enarrare
470 1638 673 1679 missatica,

245 1693 305 1731 Ne
335 1693 570 1741 stupefactus
602 1694 753 1741 publice

246 1750 414 1788 Verbum
447 1751 547 1788 dicat
579 1751 724 1790 inutile.

251 1852 426 1891 Nutritus
457 1858 569 1899 atque
599 1853 763 1899 sapiens,

247 1909 399 1947 Timens
432 1909 550 1946 Deum
582 1910 782 1958 veraciter,

246 1967 444 2004 Amandus
475 1971 532 2002 est
561 1977 582 2003 a
612 1966 787 2014 Domino,

246 2023 478 2060 Laudandus
510 2026 567 2059 est
595 2033 616 2059 a
646 2023 799 2069 populo.

244 2125 437 2172 Deceptor
468 2125 594 2162 celans
626 2125 718 2162 vitia

248 2182 300 2220 Ut
331 2182 428 2219 falsa
460 2182 561 2219 canit
592 2180 730 2230 fistula,

247 2238 414 2276 Ridendi
446 2238 560 2276 verba
591 2239 727 2276 recitat

248 2297 292 2334 In
327 2295 441 2333 corde
470 2296 571 2333 mala
601 2296 773 2334 seminat.

210 2422 217 2430 .
250 2392 464 2439 Hypocrita
494 2403 534 2429 se
564 2392 745 2429 simulans

249 2449 372 2486 Multa
403 2448 604 2486 abscondit
634 2449 737 2494 vitia,

251 2505 401 2542 Vultum
421 2505 654 2542 demonstrat
671 2505 877 2554 placidum,

251 2564 293 2599 ln
325 2563 440 2599 corde
470 2567 597 2608 portat
628 2562 810 2609 gladium.

241 2657 396 2695 Ebriosi
428 2657 628 2694 miserrimi

242 2713 453 2751 lnfremunt
483 2718 524 2750 ut
555 2714 802 2761 phraenetici,

242 2771 382 2808 Mentis
414 2771 579 2817 perdunt
610 2771 841 2819 memoriam,

243 2827 347 2864 Nihil
380 2827 468 2865 boni
500 2828 725 2874 excogitant.

965 226 1030 265 22».

965 496 1030 533 30.

964 766 1030 804 31.

965 1038 1030 1075 32.

969 1854 1034 1891 35.

963 2126 1029 2164 36.

958 2659 1023 2697 38.

1062 225 1216 268 Audite,
1250 235 1377 261 omnes
1408 224 1508 269 laici,

1062 282 1133 327 Qui
1164 281 1306 318 Christi
1336 281 1427 317 estis
1460 280 1602 330 famuli,

1066 338 1140 374 l'ro
1171 338 1249 375 ullo
1276 343 1441 383 'unquam
1475 338 1632 374 crimine

1067 396 1242 432 Pastores
1274 405 1347 430 non
1380 394 1576 440 despicite.

1064 495 1161 532 Dum
1194 495 1299 532 vobis
1331 495 1368 531 in
1400 495 1561 531 ecclesia

1063 552 1202 589 Divina
1232 551 1348 588 verba
1380 552 1616 598 praedicant,

1063 608 1251 654 Operibus
1283 608 1466 657 perficite,

1064 664 1105 701 ln
1135 664 1313 701 cordibus
1346 665 1562 701 describite.

1062 767 1275 812 Antequam
1309 778 1406 803 mors
1438 767 1628 811 adveniat,

1063 822 1143 859 Deo
1176 824 1313 859 donate
1346 824 1523 869 decimas,

1063 879 1194 916 Securi
1226 879 1314 916 hinc
1347 880 1499 916 exibitis

1062 935 1113 972 Et
1145 936 1289 972 caelum
1321 936 1579 983 possidebitis.

1065 1038 1224 1082 Uxores,
1260 1048 1324 1074 vos
1356 1037 1502 1085 diligite

1063 1093 1182 1130 Natos
1214 1098 1370 1135 vestros,
1405 1095 1582 1140 corrigite

1063 1149 1212 1199 Servos,
1243 1150 1402 1187 ancillas
1434 1151 1565 1199 regite,

1063 1207 1166 1253 Opus
1195 1207 1248 1243 eis
1279 1207 1500 1254 impendite.

1025 1336 1032 1344 .
1067 1309 1137 1354 Qui
1169 1309 1274 1345 timet
1306 1309 1427 1346 Deum
1460 1311 1637 1352 omnium,

1065 1366 1150 1402 Non
1180 1366 1277 1402 iuret
1310 1376 1379 1411 per
1409 1367 1610 1416 negotium,

1066 1422 1145 1458 Nec
1176 1433 1244 1468 pro
1277 1423 1581 1470 concupiscentia

1065 1478 1192 1516 Ullius
1224 1477 1375 1516 fraudet
1407 1479 1543 1526 pretia.

1061 1581 1178 1618 Dives
1210 1592 1291 1618 eum
1326 1581 1528 1630 beneficiis,

1063 1638 1145 1675 Stet
1176 1649 1321 1685 pauper
1353 1650 1435 1674 cum
1466 1639 1644 1688 servitiis,

1061 1695 1123 1732 Ad
1154 1695 1313 1732 invicem
1346 1695 1583 1742 conveniant,

1062 1752 1143 1789 Deo
1172 1762 1255 1788 cum
1285 1751 1361 1789 fide
1391 1752 1571 1792 serviant.

1066 1853 1179 1890 Miles
1210 1854 1259 1890 ad
1292 1864 1453 1900 pugnam
1486 1854 1693 1901 peragrans

1062 1910 1184 1946 Deum
1215 1910 1251 1946 in
1284 1915 1408 1946 mente
1438 1914 1577 1956 teneat,

1062 1966 1231 2004 Fillones
1262 1977 1411 2014 semper
1442 1970 1611 2012 caveant,

1064 2024 1122 2061 Ne
1145 2023 1273 2060 dicant
1293 2024 1378 2070 plus
1395 2035 1504 2070 quam
1523 2024 1692 2064 audiant.

1065 2126 1261 2162 Placentes
1296 2136 1364 2172 per
1394 2125 1630 2163 mendacium

1065 2183 1264 2219 Peccatum
1295 2188 1409 2229 agunt
1437 2183 1653 2228 maximum,

1063 2239 1167 2276 Viles
1198 2246 1383 2286 apparent
1414 2239 1565 2276 saeculo

1062 2296 1113 2333 Et
1143 2301 1229 2332 sunt
1255 2297 1292 2332 in
1325 2296 1525 2342 vituperio.

1022 2423 1030 2432 .
1062 2393 1235 2430 Potestas
1267 2393 1422 2429 mundet
1453 2392 1555 2443 vitia,

1062 2448 1183 2485 Furta
1214 2454 1247 2484 et
1280 2449 1492 2488 latrocinia.

1062 2507 1116 2544 Ut
1147 2506 1262 2541 ceteri
1294 2505 1487 2552 perterriti

1062 2562 1235 2599 Timeant
1265 2573 1424 2608 poenam
1454 2563 1643 2609 consequi.

1057 2659 1086 2695 Ο
1120 2658 1339 2705 coniugatae
1372 2657 1546 2704 feminae,

1056 2715 1198 2751 Tenete
1231 2714 1342 2752 fidem
1372 2716 1545 2761 provide,

1056 2771 1196 2808 Domos
1228 2776 1372 2809 vestras
1404 2772 1606 2819 disponite,

1057 2827 1120 2864 Ad
1152 2828 1332 2874 templum
1365 2828 1435 2865 Dei
1467 2829 1620 2866 currite.
