2031 3289
947 148 1224 188 -78-

521 262 683 300 Funeris
715 261 911 308 exsequias
942 260 1097 308 pateris,
1130 260 1230 297 vitae
1260 263 1391 297 auctor
1421 264 1459 297 et
1483 260 1598 311 orbis,

424 320 475 358 60
582 319 706 356 Intras
737 317 869 354 mortis
900 317 972 352 iter
1004 316 1130 353 dando
1161 316 1294 353 salutis
1324 327 1446 363 opem.

521 375 661 411 Tristia
694 376 886 409 cesserunt
915 370 1088 409 infernae
1117 373 1268 410 vincula
1297 372 1404 421 legis,

577 429 817 476 Expavitque
850 429 963 465 chaos
989 429 1140 465 luminis
1171 439 1236 466 ore
1265 429 1399 474 premi.

524 486 743 532 Depereant
771 485 950 522 tenebrae
981 484 1121 522 Christi
1153 483 1299 530 fulgore
1330 483 1493 534 fugatae,

580 543 629 579 Et
660 546 806 578 taetrae
836 541 957 578 noctis
988 541 1107 587 pallia
1137 552 1266 578 crassa
1296 541 1447 589 eadunt,

419 600 469 637 65
524 597 735 635 Pollicitam
767 598 835 634 sed
866 597 984 634 redde
1014 597 1140 645 fidem,
1173 607 1321 643 precor,
1353 597 1451 633 alma
1480 601 1662 645 potestas,
1710 590 1714 594 ’

576 655 706 691 Tertia
736 655 800 690 lux
831 654 968 699 rediit,
1001 664 1125 700 surge,
1157 653 1304 699 sepulte
1335 663 1450 689 meus.

521 711 603 748 Non
638 711 758 754 decet,
790 714 831 746 ut
861 710 992 746 humili
1023 709 1165 746 tumulo
1196 714 1259 745 tua
1290 708 1457 746 membra,
1487 714 1676 757 tegantur,

579 767 662 803 Neu
693 767 855 813 pretium
887 766 1016 802 mundi
1049 766 1137 802 vilia
1168 776 1260 802 saxa
1289 771 1474 811 premant.

522 823 721 870 Indignum
756 827 828 869 est,
860 823 964 858 cuius
997 822 1223 858 clauduntur
1254 826 1388 858 cuncta
1418 823 1573 872 pugillo,

426 881 477 918 70
584 880 635 917 Ut
666 884 770 926 tegat
799 879 982 915 inclusum
1015 889 1109 924 rupe
1141 882 1291 915 vetante
1321 878 1432 924 lapis.

520 936 658 974 Lintea
688 936 790 985 tolle,
823 946 970 982 precor,
1002 934 1157 971 sudaria
1186 934 1313 981 linque
1345 935 1531 983 sepulcro,

578 993 635 1029 Tu
666 992 757 1029 satis
789 1002 828 1028 es
859 991 979 1041 nobis,
1013 996 1049 1027 et
1080 991 1161 1026 sine
1191 995 1228 1026 te
1259 990 1352 1027 nihil
1385 995 1454 1031 est.

526 1049 637 1086 Solve
669 1053 862 1087 catenatas
892 1046 1033 1084 inferni
1065 1046 1228 1083 carceris
1258 1046 1411 1084 umbras

579 1105 630 1142 Et
661 1115 797 1142 revoca
828 1115 987 1150 sursum,
1020 1103 1204 1150 quidquid
1235 1104 1282 1140 ad
1314 1103 1390 1140 ima
1420 1103 1508 1141 ruit.

426 1163 474 1200 75
527 1161 663 1198 Redde
693 1167 795 1198 tuam
827 1159 976 1204 faciem,
1007 1160 1162 1197 videant
1191 1164 1233 1196 ut
1263 1160 1414 1196 saecula
1443 1160 1580 1202 lumen,

577 1218 712 1255 Redde
745 1217 856 1264 diem,
888 1217 952 1263 qui
982 1227 1049 1253 nos
1082 1220 1118 1252 te
1148 1216 1332 1253 moriente
1362 1214 1469 1262 fugit.

528 1275 602 1312 Sed
635 1275 749 1323 plane
779 1273 946 1320 implesti
978 1283 1161 1319 remeanS,
1193 1273 1255 1319 pie
1286 1272 1420 1318 victor,
1451 1273 1500 1309 ad
1531 1272 1671 1323 orbem,

582 1331 744 1368 Tartara
774 1340 907 1376 pressa
937 1330 1060 1366 iacent
1091 1339 1160 1365 nec
1190 1340 1257 1366 sua
1287 1329 1370 1365 iura
1400 1332 1541 1367 tenent.

523 1386 692 1431 Inferus,
723 1386 1026 1423 insaturabiliter
1058 1396 1149 1422 cava
1179 1391 1332 1432 guttura
1362 1386 1544 1435 pandens,

428 1445 479 1482 80
587 1444 657 1490 Qui
689 1443 815 1490 rapuit
846 1453 1005 1490 semper,
1037 1441 1079 1479 fit
1109 1446 1174 1478 tua
1205 1441 1360 1491 praeda,
1390 1441 1505 1478 Deus.

527 1500 657 1546 Eripis
687 1500 922 1536 innumerum
952 1499 1132 1545 populum
1165 1498 1211 1534 de
1243 1508 1394 1535 carcere
1424 1499 1556 1535 mortis

578 1557 631 1594 Et
662 1556 831 1603 sequitur
861 1556 970 1604 liber,
1002 1566 1074 1602 quo
1106 1566 1194 1591 suus
1217 1558 1348 1591 auctor
1378 1555 1472 1593 adit.

520 1613 673 1650 Evomit
702 1613 920 1658 absorptam
953 1611 1106 1658 trepide
1137 1610 1219 1648 fera
1249 1611 1376 1647 bellua
1407 1611 1569 1660 plebem,

582 1670 634 1707 Et
665 1671 712 1707 de
741 1668 850 1706 fauce
880 1669 960 1715 lupi
991 1667 1161 1704 subrahit
1192 1678 1310 1713 agnus
1341 1678 1442 1706 oves,

428 1729 477 1765 85
529 1726 631 1763 Hinc
660 1726 841 1762 tumulum
872 1728 1047 1771 repetens
1079 1728 1164 1770 post
1194 1728 1340 1761 tartara
1373 1734 1486 1761 earne
1515 1728 1708 1771 resumpta

581 1783 748 1829 Belliger
776 1781 826 1818 ad
858 1782 982 1818 caelos
1013 1780 1140 1827 ampla
1170 1785 1327 1826 tropaea
1357 1779 1492 1818 refers.

528 1840 629 1886 Quos
660 1839 790 1876 habuit
823 1838 982 1884 poenale
1013 1838 1136 1885 chaos,
1170 1837 1244 1874 iam
1276 1836 1448 1874 reddidit
1477 1837 1517 1874 in
1546 1841 1584 1874 te

583 1897 633 1934 Et
663 1906 755 1942 quos
786 1905 886 1931 mors
918 1898 1076 1942 peteret,
1109 1894 1176 1930 hos
1208 1904 1305 1930 nova
1337 1893 1416 1929 vita
1446 1897 1561 1932 tenet.

529 1953 606 1989 Rex
637 1963 757 1999 sacer,
790 1961 890 1999 ecee,
922 1951 976 1987 tui
1007 1949 1132 1987 radiat
1163 1961 1253 1996 pars
1284 1961 1419 1996 magna
1450 1950 1647 1997 triumphi,

423 2010 473 2046 90
583 2010 674 2047 Cum
706 2019 820 2055 puras
851 2008 994 2044 animas
1026 2016 1134 2043 sacra
1164 2007 1318 2043 lavacra
1349 2007 1473 2046 beant.

527 2065 720 2103 Candidus
752 2064 945 2111 egreditur
977 2063 1108 2100 nitidis
1140 2064 1328 2100 exereitus
1358 2063 1481 2110 undis,

583 2124 707 2168 Atque
739 2126 845 2157 vetus
877 2120 1006 2156 vitium
1039 2124 1177 2166 purgat
1208 2120 1245 2155 in
1275 2130 1385 2156 amne
1414 2130 1524 2159 novo,

526 2178 731 2225 Fulgentes
763 2177 905 2214 animas
937 2177 1052 2213 vestis
1083 2186 1231 2222 quoque
1263 2176 1427 2213 candida
1457 2176 1593 2224 signat,

583 2235 633 2272 Et
664 2244 777 2281 grege
809 2234 856 2270 de
886 2233 994 2269 niveo
1026 2233 1164 2279 gaudia
1195 2237 1325 2280 pastor
1355 2233 1481 2271 habet.

425 2293 474 2329 95
527 2291 697 2329 Additur
726 2291 798 2327 hac
828 2289 937 2326 Felix
970 2300 1122 2325 consors
1155 2289 1329 2327 mercede
1357 2290 1547 2337 3110011103,

586 2348 657 2393 Qui
690 2347 780 2384 dare
813 2346 892 2383 vult
922 2346 1083 2383 Domino
1117 2346 1233 2392 dupla
1264 2345 1407 2382 talenta
1437 2356 1515 2385 suo,

526 2405 588 2441 Ad
620 2404 776 2441 meliora
807 2402 961 2439 trahens
993 2403 1122 2449 gentili
1155 2412 1284 2438 errore
1315 2407 1507 2451 vagantes,

587 2461 716 2497 Bestia
746 2470 791 2496 ne
823 2464 985 2508 raperet,
1019 2460 1135 2494 munit
1168 2459 1265 2495 ovile
1297 2459 1381 2496 Dei.

531 2520 631 2563 Quos
662 2516 767 2563 prius
799 2515 882 2552 Eva
912 2525 1050 2552 nocens
1081 2514 1278 2561 infecerat,
1311 2515 1377 2552 1103
1408 2516 1519 2553 modo
1550 2513 1677 2551 reddit

399 2575 476 2612 100
587 2572 783 2610 Ecclesiae
813 2576 942 2618 pastos
973 2571 1100 2617 ubere,
1133 2572 1242 2617 lacte,
1275 2572 1370 2621 sinu,

529 2630 687 2668 Mitibus
718 2629 892 2675 alloquiis
923 2628 1087 2674 agrestia
1119 2629 1233 2665 eorda
1266 2628 1423 2665 colendo

587 2687 746 2723 Munere
778 2684 880 2722 felici
913 2685 959 2721 de
991 2695 1105 2730 vepre
1136 2689 1224 2721 nata
1255 2695 1372 2730 seges.

527 2745 675 2791 Aspera
707 2753 797 2789 gens
831 2742 929 2778 Saxo
960 2741 1090 2778 vivens
1122 2741 1227 2787 quasi
1258 2752 1361 2777 111010
1393 2740 1515 2777 ferino

592 2800 645 2836 Te
676 2799 902 2845 medicante,
935 2808 1053 2846 sacer,
1087 2798 1213 2834 bellua
1244 2798 1369 2834 reddit
1402 2808 1521 2834 ovem.

398 2858 475 2894 105
529 2858 697 2893 Centeno
726 2855 851 2892 reditu
883 2859 1004 2890 tecum
1036 2865 1212 2891 mansura
1242 2864 1312 2902 per
1341 2864 1473 2891 aevum

587 2913 725 2949 Messis
756 2910 984 2947 abundantis
1014 2910 1149 2947 horrea
1183 2909 1289 2957 fruge
1321 2911 1457 2957 reples.
