2031 3289
5 1456 21 1671 ξ

982 201 1032 208 ——
1093 178 1174 218 232
1233 202 1287 206 -—

368 293 436 330 Ta.
470 292 561 338 Vae,
595 304 663 330 vae
695 292 777 340 tibi,
809 292 963 330 madida
1179 293 1250 331 7b.
1283 293 1359 339 Ubi
1392 293 1563 332 Christus
1594 294 1745 332 Domini

462 349 590 386 Tellus
623 349 739 386 caede
770 349 883 396 regia,
1280 350 1472 396 Israelque
1503 350 1624 386 incliti

464 407 541 452 Qua
573 410 610 442 et
640 410 688 456 te,
722 406 772 441 ini
802 405 971 455 Ionatha,
1279 406 1405 443 Morte
1436 406 1641 443 miserabili

462 462 598 499 Manus
630 462 765 499 stravit
795 462 922 511 impia,
1279 462 1372 499 Sunt
1403 474 1485 499 cum
1517 464 1594 499 suis
1625 463 1787 510 perditi!

370 565 441 601 Sa.
475 563 531 599 Tu
562 563 665 610 mihi,
698 564 749 599 mi
781 563 952 609 Ionatha‚
1178 563 1250 602 8b.
1285 564 1477 612 Planctus,
1512 563 1600 601 Sion
1632 563 1744 609 filiae,

461 619 631 656 Flendus
662 630 777 666 super
807 619 942 664 omnia,
1280 620 1401 666 Super
1434 620 1522 657 Saul
1554 620 1700 669 sumite,

465 677 569 714 Inter
599 680 735 713 cuncta
765 676 903 722 gaudia
1280 677 1406 723 Largo
1437 677 1540 713 cuius
1577 687 1731 714 munere

466 733 609 779 Perpes
640 733 711 769 erit
742 732 909 771 lacrima.
1281 733 1354 769 Vos
1386 733 1573 770 ornabant
1603 745 1806 780 purpurae.

365 835 434 874 9a.
467 835 565 880 Heu,
599 845 665 871 cur
696 834 852 871 consilio
1178 834 1249 873 9b.
1283 834 1412 872 Vicem
1443 835 1631 872 amicitiae

465 891 657 937 Adquievi
686 891 860 940 pessimo,
1277 892 1347 927 Vel
1377 903 1488 928 unam
1520 902 1578 927 me
1609 892 1771 929 reddere

464 947 512 985 Ut
547 947 614 984 tibi
648 947 839 994 praesidio
1280 948 1488 994 Oportebat
1520 953 1691 995 tempore

464 1004 547 1040 Non
579 1014 697 1040 essem
730 1004 768 1040 in
801 1004 944 1050 proelio
1278 1004 1452 1042 Summae
1483 1009 1572 1041 tunc
1603 1005 1808 1052 angustiae,

522 1061 588 1097 Vel
621 1059 815 1097 confossus
847 1061 992 1107 pariter
1335 1061 1532 1108 Triumphi
1565 1062 1789 1108 participem*

519 1117 691 1154 Morerer
724 1116 900 1164 feliciter,
1339 1118 1404 1154 Vel
1438 1118 1568 1154 ruinae
1601 1119 1786 1166 comitem,

463 1174 566 1220 Cum,
597 1174 687 1220 quid
720 1185 824 1210 amor
856 1172 982 1221 faciat,
1282 1173 1332 1211 Ut
1363 1178 1399 1210 te
1431 1175 1490 1211 vel
1522 1174 1707 1221 eriperem

461 1230 597 1267 Manus
630 1230 699 1267 hoc
728 1241 801 1266 non
833 1230 969 1267 habeat
1280 1231 1348 1266 Vel
1380 1235 1500 1267 tecum
1533 1232 1807 1279 occumberem,

519 1287 568 1323 Et
598 1297 656 1323 me
687 1291 770 1333 post
803 1291 839 1323 te
870 1288 996 1324 vivere
1338 1288 1459 1324 Vitam
1494 1299 1562 1334 pro
1592 1292 1629 1325 te
1660 1287 1805 1331 finiens,

519 1344 617 1380 Mori
648 1344 697 1380 sit
727 1344 892 1388 assidue,
1333 1346 1449 1390 Quam
1480 1345 1635 1381 salvasti
1668 1345 1817 1393 totiens,

465 1400 546 1436 Nec
577 1400 626 1437 ad
657 1400 771 1436 vitam
804 1402 926 1437 anima
1279 1401 1326 1438 Ut
1360 1406 1396 1436 et
1427 1412 1530 1438 mors
1562 1413 1629 1438 nos
1660 1402 1831 1448 iungeret

463 1456 564 1493 Satis
595 1457 643 1493 sit
673 1456 845 1495 dimidia.
1279 1458 1401 1504 Magis
1434 1469 1543 1504 quam
1578 1459 1821 1505 disiungeret.

792 1561 862 1597 90.
895 1557 1067 1596 Infausta
1100 1558 1258 1595 victoria

896 1615 1040 1652 Potitus
1071 1615 1216 1652 interea

891 1673 1008 1718 Quam
1043 1683 1148 1721 vana,
1182 1683 1291 1718 quam
1324 1671 1454 1708 brevia

892 1729 990 1765 Hinc
1021 1729 1175 1776 percepi
1206 1728 1366 1776 gaudia!

947 1787 1063 1832 Quam
1097 1786 1170 1821 cito
1203 1785 1424 1822 durissimus

949 1842 1021 1878 Est
1053 1846 1201 1878 secutus
1233 1843 1396 1889 nuntius,

892 1899 1006 1943 Quezn
1037 1899 1075 1935 in
1107 1910 1212 1936 suam
1243 1899 1402 1935 animam

892 1955 1074 1991 Locutum
1106 1955 1336 2003 superbiam,

947 2012 1118 2049 Mortuos
1150 2024 1242 2059 quos
1273 2012 1432 2051 nuntiat.

949 2069 1061 2106 Illata
1091 2080 1190 2106 mors
1222 2069 1414 2116 adgregat,

899 2125 950 2163 Ut
982 2126 1123 2163 doloris
1152 2126 1302 2162 nuntius

894 2182 1042 2219 Doloris
1076 2182 1125 2219 sit
1155 2183 1290 2223 socius.

368 2285 417 2322 10
435 2295 468 2322 a.
502 2284 559 2321 Do
591 2284 753 2329 quietem
785 2283 936 2329 fidibus,
1183 2285 1282 2323 1011.
1316 2285 1445 2322 Laesis
1474 2285 1582 2332 pulsu
1614 2285 1797 2331 manibus,

500 2341 655 2387 Vellem,
688 2346 729 2377 ut
760 2345 797 2377 et
827 2341 1042 2389 planctibus
1313 2341 1448 2378 Raucis
1480 2342 1634 2388 planctu
1666 2342 1818 2379 vocibus

498 2397 558 2434 Sic
589 2408 737 2444 possem
770 2401 806 2434 et
836 2397 999 2436 fletibus.
1313 2398 1449 2435 Deficit
1483 2403 1519 2434 et
1549 2399 1716 2444 spiritus
1865 2396 1869 2399 ³

441 2496 513 2533 41),
540 2495 561 2527 3
588 2498 745 2539 perdidit.
772 2515 814 2519 —
840 2496 912 2537 41),
946 2498 965 2530 6
993 2500 1081 2530 Diis.
1106 2516 1150 2520 —
1176 2499 1245 2537 ub,
1271 2497 1292 2529 4
1318 2499 1471 2530 vestros.
1498 2516 1539 2520 —
1566 2497 1627 2536 71»,
1652 2497 1673 2530 4
1702 2499 1844 2541 perdidi.
1870 2517 1911 2522 —

351 2541 416 2580 90,
453 2542 474 2573 4
503 2544 579 2573 llic.
605 2560 647 2564 —
674 2542 741 2581 9υ,
768 2542 787 2575 9
823 2554 873 2585 sq.
892 2546 1044 2575 Cous-tn:
1073 2544 1175 2575 lllata
1206 2555 1296 2575 murs
1327 2544 1493 2585 adgregat
1522 2542 1614 2586 fliisJ,
1649 2549 1800 2576 nun-tuos
1827 2557 1911 2587 qnos

351 2588 498 2619 nuntiat.
