2031 3289
210 1801 215 1804 ’
285 1788 503 1821 Wiederholt
526 1799 589 1820 aus
611 1789 712 1820 Anal.
736 1789 833 1826 VIII,
859 1784 913 1819 23.

906 206 1099 246 -360
1160 230 1209 235 —

285 324 357 362 43.
400 322 540 360 Christi
570 321 728 368 figuram
759 330 913 357 aeneam
1097 319 1171 359 4b.
1212 319 1264 357 Et
1294 319 1501 356 intuentem
1532 319 1711 366 populum

397 377 615 415 intuebatur
645 377 806 424 populus
1211 375 1382 413 Christus
1413 381 1593 412 venturus
1622 375 1661 412 in
1688 385 1800 413 carne

395 434 570 481 antiquus
601 433 640 470 in
669 433 784 481 ligno,
1209 432 1383 470 salvabat
1412 443 1435 469 a
1464 437 1596 470 morte.

285 528 354 563 5a.
395 525 479 562 Hoc
509 524 631 560 crucis
661 528 857 569 tropaeum
1093 522 1166 561 5b.
1208 522 1280 568 Qui
1308 520 1435 559 ferens
1465 522 1503 558 in
1535 532 1646 558 cruce

395 581 603 628 praecessit
633 590 794 627 crucem,
1205 585 1354 615 nostros
1385 579 1585 627 languores

397 637 493 683 quod
529 637 567 673 in
598 637 698 684 ligno
730 635 976 683 crucifigendi
1204 645 1323 683 ovem,
1345 646 1454 681 quam
1476 634 1596 671 hostis
1612 634 1835 680 abstulerat,

395 691 671 743 crucifigendus
700 692 848 740 agebat.
1207 692 1330 728 victor
1359 695 1530 738 reportat
1561 691 1713 729 umeriS.

284 786 355 822 63.
399 783 548 821 Christe
578 783 674 829 Iesu,
1096 781 1172 820 6b.
1214 781 1310 818 Dele
1342 781 1491 827 culpam

397 838 453 877 fili
482 839 555 876 Dei
585 839 798 882 athanatos,
1210 843 1259 885 et,
1290 848 1400 884 quam
1432 848 1502 884 pro
1523 837 1636 883 culpa
1656 836 1834 887 patimur,

397 895 461 942 qui
490 895 706 942 unigenitus
736 895 941 945 theotocos,
1207 894 1300 931 tolle
1325 893 1567 931 afflictionem
1599 893 1782 941 corporis,

396 953 561 989 intactae
591 952 761 999 virginis,
1210 950 1340 999 hagios
1371 961 1393 987 o
1424 950 1543 997 theos,

396 1019 530 1055 passus
562 1019 600 1044 es
630 1009 668 1045 in
700 1019 822 1055 cruce⁷
1209 1017 1279 1053 per
1309 1007 1486 1043 virtutem
1517 1007 1652 1045 crucis.

377 1109 482 1142 Grad.
507 1119 570 1140 ms.
597 1108 854 1146 Secoviense(‘?)
878 1116 967 1141 saec.
994 1104 1045 1138 12.
1087 1106 1169 1139 Cod.
1195 1106 1438 1138 Vindobonen.
1467 1104 1593 1138 13:314.
1614 1107 1649 1137 Α.
1676 1123 1718 1128 —-
1743 1107 1841 1138 Miss.

285 1165 348 1186 ms.
384 1155 593 1186 Secoviense
630 1163 718 1184 saec.
757 1151 807 1183 12.
857 1153 938 1185 Cod.
973 1152 1138 1184 Graecen.
1172 1150 1248 1183 769.
1281 1151 1357 1183 add.
1384 1161 1473 1182 saec.
1502 1148 1652 1183 ¹²''152.B.
1676 1168 1718 1172 —-
1743 1151 1841 1183 Miss.

288 1211 350 1231 mS.
375 1199 652 1231 Millestadiense
687 1208 775 1230 saec.
813 1195 864 1229 12.
914 1197 996 1229 Cod.
1021 1198 1188 1229 Virtmen.
1218 1193 1324 1234 (Hist.
1354 1197 1482 1228 Verein
1514 1196 1536 1227 f.
1561 1195 1754 1235 Kiirnthen)
1777 1194 1843 1228 214

279 1243 379 1286 (sslas).
412 1245 449 1277 C.
483 1262 527 1265 —
558 1245 656 1276 Miss.
687 1254 749 1275 ms-
784 1244 991 1275 Secoviense
1024 1253 1113 1274 saec.
1154 1241 1203 1274 12.
1229 1253 1281 1274 ex.
1330 1242 1412 1274 Cod.
1437 1242 1604 1274 Graecen.
1628 1239 1706 1273 479.
1732 1242 1774 1273 D.
1800 1259 1842 1263 —-

288 1291 393 1323 Grad.
418 1301 482 1322 ms.
506 1286 763 1323 Pataviensesa
792 1299 881 1320 saec.
909 1286 960 1320 13.
1009 1288 1091 1320 Cod.
1118 1289 1290 1319 Hilarien.
1308 1287 1498 1319 CXLVIII.
1524 1287 1566 1318 E.
1591 1304 1634 1307 —
1659 1287 1743 1318 Miss
1780 1297 1843 1318 ms.

290 1336 492 1368 Mellicense
524 1345 613 1366 saec.
649 1333 698 1367 13.
751 1334 832 1366 Cod.
859 1334 1033 1365 Mellicen.
1063 1331 1159 1365 1701.
1185 1334 1222 1365 F.
1248 1350 1289 1354 —
1315 1333 1412 1364 Miss.
1439 1342 1500 1364 ms.
1526 1332 1735 1364 Secoviense
1760 1333 1843 1364 anni

291 1379 387 1413 1320.
445 1381 527 1414 Cod.
560 1381 726 1413 Graecen.
760 1377 836 1411 469.
869 1379 908 1412 G.
942 1396 988 1400 -—
1015 1380 1113 1410 Miss.
1146 1390 1208 1410 ms.
1239 1378 1498 1411 Cremi'fanense
1531 1387 1620 1410 saec.
1655 1375 1708 1408 14.
1757 1377 1842 1410 Cod.

290 1426 518 1458 Cremifanen.
551 1424 628 1457 373.
660 1426 705 1457 H.
731 1443 776 1446 —
798 1426 896 1456 Miss.
930 1435 991 1455 ms.
1024 1424 1059 1456 S.
1084 1424 1240 1456 Floriani
1272 1433 1361 1455 saec.
1398 1421 1448 1454 14.
1498 1422 1581 1455 Cod.
1614 1422 1767 1454 Florian.
1792 1421 1843 1455 XI

289 1469 367 1503 388.
399 1473 425 1503 Ι.
451 1489 495 1494 -—
519 1471 624 1504 Grad.
655 1482 716 1502 ms.
744 1471 777 1502 S.
803 1470 899 1501 Petri
925 1469 1162 1512 salisburgen.
1189 1479 1278 1501 saec.
1306 1467 1358 1500 14.
1407 1467 1489 1500 Cod.
1515 1469 1645 1500 Petrin.
1671 1478 1691 1499 a
1715 1468 1764 1500 IV
1790 1465 1842 1503 14.

287 1518 329 1549 K.
354 1535 399 1538 —
421 1517 520 1548 Miss.
546 1527 608 1548 ms.
626 1516 867 1549 Slierbacense
885 1516 968 1546 anni
989 1512 1085 1546 1484.
1125 1514 1209 1547 Cod.
1227 1513 1439 1546 Slierbacen.
1456 1514 1473 1544 I
1492 1511 1544 1544 14.
1562 1514 1602 1545 L.
1618 1531 1661 1535 —
1679 1512 1844 1555 Sequent.

287 1572 349 1593 ms.
383 1563 418 1594 S.
443 1562 538 1594 Petri
564 1562 800 1604 Salisburgen.
835 1571 924 1593 saec.
957 1557 1007 1591 16.
1031 1561 1188 1602 Append.
1214 1559 1259 1591 ad
1282 1559 1380 1590 Miss.
1406 1559 1552 1590 Roman.
1578 1560 1659 1599 imp.
1684 1559 1842 1591 Venetiis

286 1605 382 1639 1513.
406 1608 454 1639 M.

375 1650 437 1690 23,
466 1651 481 1684 1
510 1653 610 1692 Quod
635 1652 676 1684 E.
704 1669 748 1674 —
772 1650 834 1690 3a,
863 1651 878 1684 1
911 1661 1074 1683 arcanum
1102 1651 1145 1681 H.
1170 1668 1214 1671 —
1238 1649 1299 1689 4b,
1326 1647 1341 1680 1
1368 1649 1516 1691 populos
1542 1650 1579 1680 B.
1604 1666 1649 1670 —-
1672 1646 1737 1689 4b,
1761 1646 1782 1680 2
1806 1649 1843 1681 in

286 1708 390 1730 carne
414 1702 580 1730 venturus
605 1699 646 1730 E.
673 1716 714 1720 —
741 1696 802 1736 5a,
830 1695 845 1728 1
872 1698 901 1729 O
925 1697 1037 1728 crucis
1062 1696 1141 1727 EH.
1158 1712 1201 1716 —
1220 1693 1280 1733 53,
1306 1693 1327 1727 3
1351 1696 1388 1726 in
1411 1696 1510 1735 sig-no
1528 1695 1575 1733 Β,
1601 1693 1844 1736 crucifigendis

285 1743 311 1777 Ι.
342 1761 384 1766 -
411 1742 470 1781 63,
496 1741 517 1774 3
541 1745 728 1784 genetricis
752 1743 857 1775 BDG.
886 1761 921 1765 ——
943 1739 1004 1780 63,
1031 1740 1052 1773 5
1077 1751 1114 1773 es
1138 1740 1225 1772 fehlt
1248 1741 1286 1772 B.
1306 1758 1348 1762 —
1366 1738 1427 1778 61),
1455 1738 1476 1771 3
1499 1739 1583 1772 tolle
1601 1739 1687 1772 fehlt
1702 1738 1782 1771 ΕΗ.
1800 1756 1844 1761 -

820 1955 903 1991 279.
939 1954 1019 1996 (16.)
1053 1954 1111 1989 De
1136 1953 1312 1997 Angelis.

831 2062 866 2099 1.
911 2059 1086 2097 Summae
1116 2058 1298 2095 trinitatis

912 2121 990 2154 tres
1021 2115 1155 2153 summi

914 2173 1087 2211 adestote
1115 2172 1253 2219 angeli⁷

289 2267 313 2304 2
331 2276 364 2303 a.
408 2265 466 2302 Tu
493 2271 677 2312 purgator
705 2264 890 2313 Raphael,
1107 2262 1180 2301 2b.
1223 2262 1302 2300 Nos
1333 2265 1536 2308 purgantes
1567 2259 1726 2306 macula,

404 2322 616 2358 illustrator
647 2321 816 2365 Gabriel,
1221 2319 1412 2365 replentes
1443 2317 1613 2363 scientia,

409 2383 686 2415 consummator
716 2377 894 2428 Michael,
1219 2379 1517 2413 consummantes
1547 2373 1682 2421 gratia.

292 2470 364 2508 3a.
407 2469 503 2506 Nam
534 2473 575 2505 tu
605 2473 787 2516 purgator
1104 2466 1177 2505 3b.
1222 2465 1298 2503 Sed
1329 2470 1381 2512 tu,
1413 2464 1476 2511 qui
1505 2465 1625 2501 visum

403 2526 607 2574 oculorum,
1216 2521 1365 2560 Danieli

406 2593 497 2628 quos
529 2581 696 2620 caecavit
727 2586 872 2618 stercus
1216 2578 1354 2626 pandis
1385 2582 1422 2614 et
1454 2583 1637 2613 secretum

403 2638 541 2683 avium,
1217 2635 1368 2682 virgini,

406 2698 441 2731 et
475 2695 713 2732 demonstras
1218 2696 1255 2728 te
1285 2691 1454 2728 ostendis

406 2757 646 2799 purgatorem
679 2750 860 2798 cordium,
1217 2747 1458 2785 scientiarum
1489 2745 1715 2792 ministrum,

407 2807 540 2853 quibus
572 2812 681 2844 nocet
1218 2814 1313 2852 quae
1345 2804 1391 2840 de
1422 2813 1567 2840 sursum

408 2862 568 2900 foeditas
1220 2860 1450 2898 descendunt

410 2920 686 2967 cogitationum.
1219 2929 1240 2955 a
1271 2922 1380 2964 patre
1410 2915 1603 2952 luminum.
