2031 3289
26 1100 39 1185 '7:⁶40

3 1491 9 1498 ι
4 1472 9 1483 -·
4 1449 9 1465 ¹-
4 1402 13 1440 -v
11 1311 13 1313 .

26 1176 38 1441 ‘cmm—532»

992 194 1042 199 -
1101 170 1183 209 442
1240 193 1297 198 --

798 278 879 315 414.
916 279 997 323 (26.)
1027 279 1086 315 De
1111 279 1335 316 Nativitate
1363 281 1412 315 Β.
1439 281 1484 316 N.

382 373 419 413 1.
452 373 544 410 Alto
574 376 663 410 tono
692 378 872 421 personet

449 429 560 467 Mens
591 435 628 466 et
661 429 774 466 donet

502 485 603 523 Odas
634 485 672 522 in
705 485 877 531 excelsis,

449 563 697 601 Dominorum
730 564 892 601 Domino

451 619 543 658 Cum
574 620 691 657 iubilo

509 677 671 715 Plaudat
702 681 828 714 coetus
857 676 994 714 fidelis.

449 755 559 792 Nunc
589 758 714 802 grates
745 755 917 802 Domino,

449 812 597 849 Mariae
633 811 723 860 filio,

505 868 760 905 Decantemus

450 924 564 962 Dulci
595 925 778 973 melodio;

450 1003 521 1048 Qui
550 1008 660 1040 natus
691 1003 804 1040 hodie

449 1059 507 1096 De
538 1071 634 1106 pura
667 1059 824 1106 virgine,

507 1116 588 1162 Qua
617 1117 804 1162 processit

450 1172 576 1209 Patris
606 1172 808 1211 iuvamine.

382 1275 420 1313 2.
451 1273 557 1311 Nihil
590 1273 802 1311 mirabilius

453 1331 571 1377 Quam
603 1330 714 1377 filius,

510 1387 569 1424 De
599 1387 744 1433 virgine
774 1391 884 1424 natus

453 1465 542 1503 Sine
574 1466 674 1502 virili
704 1466 858 1512 semine,

453 1521 528 1559 Sed
558 1521 710 1560 flamine

511 1579 694 1625 Supremo
725 1577 920 1619 formatus.

453 1658 483 1696 Ο
515 1668 626 1704 quam
657 1658 854 1709 mirabilis,

451 1714 745 1752 Inaestimabilis

509 1771 674 1818 Quoque,
706 1781 796 1809 vere

451 1827 505 1864 Es
535 1827 759 1864 ineffabilis!

454 1907 529 1944 Per
558 1910 595 1943 te
625 1917 725 1943 mors
757 1907 929 1954 moritur,

452 1963 504 2000 Et
535 1963 613 2000 vita
642 1963 775 2009 oritur,

510 2019 636 2066 Atque
667 2020 768 2056 salus

452 2076 605 2113 Homini
636 2076 822 2115 redditur.

1194 376 1231 413 3.
1264 373 1395 411 Gloria
1425 374 1463 410 in
1495 375 1642 421 superis

1262 429 1314 467 Et
1343 430 1382 466 in
1412 431 1526 467 terris

1319 487 1398 524 Pax
1429 486 1536 524 nobis
1566 490 1732 526 aeterna.

1265 565 1345 602 Lex
1376 570 1483 602 vetus
1513 565 1705 612 minuitur,
1750 568 1755 572 '

1263 621 1460 658 Tribuitur

1322 677 1400 714 Lex
1431 688 1528 715 nova
1557 678 1595 714 in
1625 681 1740 716 terra.

1264 755 1338 792 Hic
1368 766 1523 803 magnus
1554 756 1752 805 Dominus,

1266 815 1383 858 Quem
1413 812 1481 849 bos
1512 816 1549 849 et
1578 813 1705 849 asinus

1321 869 1554 915 Recognovit

1264 925 1310 961 In
1340 924 1611 971 potentatibus,

1266 1004 1347 1041 Rex
1378 1004 1417 1040 in
1448 1003 1673 1041 caelestibus

1266 1060 1446 1107 Praesepi
1477 1060 1622 1107 positus

1323 1116 1556 1163 Delectatur,

1266 1173 1390 1210 Tonat
1420 1173 1458 1209 in
1491 1173 1666 1213 nubibus.

1227 1306 1235 1314 .
1269 1274 1382 1314 Cuius
1412 1274 1508 1311 lucis
1538 1274 1723 1312 serenitas

1268 1331 1338 1368 Est
1370 1331 1523 1368 claritas

1323 1387 1464 1424 Mentis
1495 1387 1754 1435 obumbratae,

1266 1468 1481 1504 Inscrutata
1511 1467 1664 1513 veritas,

1267 1523 1470 1567 Severitas,

1326 1579 1449 1616 Mixta
1480 1580 1636 1626 pietate.

1268 1658 1348 1695 Rex
1380 1658 1492 1706 alme,
1522 1658 1668 1695 instrue

1268 1715 1463 1761 Mentique
1493 1714 1636 1761 implue

1326 1773 1491 1809 Pneuma
1521 1781 1669 1808 sacrum

1265 1828 1302 1864 A
1332 1839 1475 1864 summo
1506 1827 1681 1866 culmine.

1268 1907 1358 1944 Post
1386 1905 1471 1943 finis
1503 1906 1675 1943 bravium

1268 1964 1475 2000 Aeternum
1507 1963 1685 2010 gaudium

1326 2019 1530 2069 Largi-aris,

1270 2076 1428 2113 Creator
1458 2076 1636 2116 omnium.

459 2177 532 2208 Fol.
561 2174 663 2208 1541).
714 2177 787 2217 „De
818 2175 1018 2209 nativitaef‘
1071 2177 1181 2208 Leich
1214 2177 1277 2207 mit
1309 2176 1505 2218 doppeltem
1530 2177 1726 2219 Abgesang.
1759 2193 1802 2196 —
1833 2173 1874 2215 2,
1907 2171 1928 2206 7

367 2232 470 2263 quam
496 2221 590 2253 fehlt.
616 2239 660 2242 -—
683 2219 716 2262 4,
740 2220 761 2253 8
786 2222 901 2264 imple.

908 2343 989 2379 415.
1024 2343 1104 2386 (27.)
1138 2344 1196 2378 De
1222 2344 1374 2380 eadem.

383 2437 418 2478 1.
450 2438 629 2484 Magnum
663 2437 880 2475 vaticinium

508 2495 624 2531 Vates
655 2494 937 2545 praedixerunt,

452 2550 695 2588 Nasciturum
726 2551 925 2588 Dominum

510 2607 647 2645 Omnes
677 2607 890 2646 innuerunt.

1197 2440 1234 2476 3.
1268 2438 1383 2485 Virgo
1414 2437 1638 2474 mirabiliter

1324 2494 1428 2531 Parit
1456 2494 1696 2541 salvatorem,

1267 2551 1363 2588 Nam
1394 2555 1478 2597 post
1511 2554 1661 2597 partum
1692 2548 1854 2588 firmiter

1322 2607 1475 2644 Retinet
1504 2606 1700 2653 pudorem.

381 2711 418 2748 2.
451 2709 607 2747 Gabriel
638 2709 704 2745 has
737 2709 871 2756 virgini

508 2765 667 2802 Nuntiat
698 2765 862 2804 salutes:

453 2821 587 2860 Gratia
616 2821 792 2868 paracliti

507 2878 645 2915 Filium
677 2878 877 2924 produces,

1196 2711 1234 2747 4.
1270 2708 1462 2757 Nascitur,
1495 2712 1536 2744 ut
1567 2708 1757 2745 hominum

1321 2765 1486 2811 Lapsum
1522 2768 1719 2810 repararet

1265 2822 1312 2858 Et
1345 2821 1382 2858 in
1414 2820 1488 2857 fine
1518 2820 1693 2857 stabilem

1325 2878 1447 2914 Vitam
1478 2876 1585 2914 nobis
1612 2877 1734 2915 daret.

1950 3045 2031 3289 l
