1914 3223
161 272 227 310 27.

159 548 225 586 28.

158 826 223 863 29.

158 1159 224 1198 30.

159 1437 225 1475 31.

158 1714 224 1752 32.

774 180 828 184 —
888 158 969 197 4451
1031 180 1084 186 —-

259 270 467 308 Benedicte
498 280 578 318 rex,
612 270 761 308 dimitte
922 266 925 271 '
970 274 1043 310 εΗ.
1078 271 1295 309 Intercedat
1327 271 1421 309 haec
1452 275 1489 308 et
1521 271 1659 309 reddat

315 328 460 366 Cuncta
491 327 584 364 mihi
617 326 758 375 debita,
1134 328 1253 365 Nobis
1285 332 1321 364 te
1352 327 1592 375 placabilem,

257 384 361 430 Quae
382 383 569 431 contraxi,
592 394 676 420 nam
695 383 787 420 haec
804 384 892 420 auxi
1076 386 1192 432 Quem
1225 385 1392 431 portavit
1422 389 1535 431 atque
1566 384 1671 432 pavit

316 439 474 486 Semper
505 450 620 487 agens
653 440 783 479 vetita.
1137 441 1250 478 Lacte
1283 439 1423 478 factum
1455 441 1648 481 humilem.

258 547 355 592 Heu,
383 558 494 595 quam
527 548 624 585 male
655 548 829 594 spiritale
977 550 1041 586 :3:3.
1077 549 1241 595 Propter
1273 559 1368 597 eam,
1407 559 1558 597 quaeso,
1590 560 1710 587 meam

311 604 498 651 Baptismi
528 605 749 651 mysterium
1134 605 1280 642 Munda
1312 606 1596 654 conscientiam,

267 661 433 698 violavi!
468 672 553 698 nam
588 659 737 698 foedavi
1079 661 1136 697 Ne
1167 661 1354 699 offendam
1387 663 1635 700 reverendam

316 717 380 754 Me
412 727 482 764 per
513 728 623 755 omne
655 717 801 755 vitium.
1141 719 1272 755 Vultus
1304 719 1358 755 tui
1389 719 1560 766 gloriam.

257 825 361 862 Male
392 823 477 874 feci,
509 825 609 872 quod
641 825 786 862 subieci
977 827 1042 864 36.
1076 826 1105 863 Ο
1139 825 1260 871 beate,
1292 827 1435 872 pietate

315 882 447 919 Pravis
479 892 538 918 me
568 882 768 928 spiritibus
1131 883 1213 919 Tua
1243 893 1302 919 me
1332 882 1508 928 iustifica‚

257 938 466 977 Serviendo
498 942 534 975 et
566 937 731 976 favendo
1077 939 1177 985 Quid
1203 939 1422 988 gerendum,
1463 939 1552 985 quid
1582 939 1710 976 dicen-

314 994 519 1032 Sceleratis
550 995 712 1034 actibus.
1303 992 1305 994 ’
1373 996 1471 1045 dum,

1135 1052 1231 1089 Mihi
1262 1061 1413 1099 semper
1439 1052 1580 1090 indica.

253 1159 329 1196 Fili
361 1159 445 1205 Dei,
480 1159 607 1196 cordis
638 1159 711 1195 mei
978 1160 1042 1198 37.
1076 1159 1179 1196 Deus
1210 1159 1333 1209 homo,
1367 1158 1427 1197 fac
1459 1160 1505 1197 de
1538 1160 1648 1197 domo

315 1215 469 1263 Dissipa
502 1215 714 1264 caliginem,
1134 1216 1211 1253 Nos
1244 1216 1348 1253 exire
1380 1216 1558 1264 carceris,

258 1271 315 1309 Ne
347 1272 577 1310 descendam
599 1272 638 1309 in
660 1271 889 1309 horrendam
1078 1272 1129 1310 Ut
1160 1273 1235 1310 iam
1267 1273 1384 1311 dones
1416 1273 1642 1319 mansiones,

313 1327 460 1366 Inferni
491 1328 724 1376 voraginem.
1135 1329 1278 1376 Quibus
1308 1330 1391 1376 ipse
1423 1331 1603 1370 cerneris,

258 1436 479 1473 Interventu
510 1439 546 1472 et
577 1434 734 1473 obtentu
979 1438 1043 1474 38.
1078 1436 1199 1473 Tuum
1231 1437 1374 1474 vultum
1398 1447 1497 1473 nunc
1517 1437 1707 1474 occultum

313 1493 451 1530 Matris
481 1496 569 1529 tuae
601 1492 757 1539 virginis
1132 1493 1223 1530 Tuis
1253 1493 1328 1530 iam
1359 1492 1536 1530 fidelibus

257 1549 320 1586 Me
350 1549 485 1586 timore
516 1554 554 1585 et
583 1559 712 1585 amore
1075 1548 1285 1587 Manifesta
1315 1554 1428 1597 atque
1459 1554 1612 1596 praesta

314 1605 435 1653 Reple
466 1606 521 1642 tui
552 1605 727 1643 nominis.
1135 1607 1271 1643 Pacem
1303 1610 1341 1643 te
1372 1606 1598 1644 colentibus.

258 1713 347 1751 Pius
380 1717 460 1750 esto
492 1717 529 1750 et
559 1718 760 1761 memento,
978 1715 1044 1754 39.
1077 1713 1155 1751 Fac
1185 1714 1330 1751 intrare
1361 1724 1428 1751 nos
1459 1714 1681 1761 praeclarae

313 1770 410 1816 Quid
442 1780 512 1816 pro
543 1770 652 1807 nobis
684 1768 833 1819 feceris,
1133 1772 1238 1809 Tuae
1271 1770 1404 1807 domus
1435 1771 1533 1807 atria

258 1827 331 1864 Pro
362 1826 529 1874 indignis
561 1831 597 1863 et
627 1826 803 1873 malignis
1075 1828 1201 1874 Atque
1232 1817 1340 1864 bo'nis
1367 1827 1572 1864 mansionis

312 1884 461 1930 Quanta
492 1883 732 1921 sustinueris.
1134 1883 1212 1920 Nos
1243 1893 1431 1930 supernae
1462 1883 1571 1922 satia.

253 1990 391 2028 Preces
422 1989 511 2027 audi
543 1993 578 2026 et
611 1989 760 2026 custodi
973 1992 1040 2030 40.
1073 1989 1160 2027 Tibi
1190 1994 1279 2027 nato
1308 2000 1391 2027 cum
1423 1989 1533 2027 beato

313 2046 390 2083 Nos
422 2057 443 2083 a
474 2046 620 2083 cunctis
651 2045 835 2092 hostibus,
1134 2047 1245 2084 Patre
1275 2047 1358 2084 laus
1390 2050 1426 2083 et
1457 2046 1578 2093 gloria

255 2102 448 2140 Exoratus
480 2107 516 2140 et
547 2103 720 2149 placatus
1075 2103 1327 2151 Flaminique,
1361 2103 1424 2149 qui
1454 2103 1606 2150 utrique

313 2159 450 2197 Matris
483 2163 570 2197 tuae
600 2159 779 2206 precibus
1130 2159 1294 2206 Compar
1324 2164 1380 2196 est
1412 2169 1481 2206 per
1510 2159 1648 2198 omnia.

708 2317 989 2364 Rhythmus
1030 2318 1141 2356 XIII.

215 2455 222 2464 .
256 2425 357 2463 Laus
387 2424 512 2463 fidelis
544 2426 709 2469 Israelis,
1001 2428 1038 2465 3.
1074 2427 1176 2463 Iesse
1207 2426 1325 2474 virga,
1357 2426 1411 2462 sic
1443 2436 1509 2462 nos
1538 2436 1659 2472 purga

312 2482 429 2529 Virgo
459 2482 572 2530 plena
601 2483 738 2532 gratia,
1130 2481 1319 2521 Vitiorum
1351 2481 1540 2531 sordibus,

254 2539 369 2586 Quae,
389 2539 476 2576 dum
494 2539 612 2586 paris,
630 2550 703 2576 non
722 2539 886 2585 privaris
1072 2540 1125 2578 Ut
1156 2539 1310 2575 remotis
1341 2538 1399 2575 his
1431 2538 1579 2575 devotis

311 2595 498 2642 Virginali
529 2595 661 2642 gloria,
1129 2595 1182 2632 Te
1213 2595 1409 2632 laudemus
1440 2594 1639 2632 mentibus.

253 2704 370 2749 Quam
402 2703 629 2749 praescitam
661 2708 697 2739 et
725 2703 881 2740 electam
998 2706 1037 2740 4.
1068 2703 1283 2739 Insensatos
1315 2706 1352 2738 et
1383 2702 1551 2749 ingratos

310 2759 414 2796 Deus
444 2763 531 2796 ante
561 2759 713 2796 saecula
1126 2759 1220 2795 Esse
1252 2758 1323 2795 Dei
1354 2758 1500 2805 gratiae

254 2815 457 2852 Benedixit
488 2819 525 2852 et
555 2816 731 2862 promisit
1069 2814 1116 2851 Se
1134 2814 1349 2864 ostendunt,
1369 2815 1522 2862 quinon
1537 2814 1704 2852 reddunt

312 2873 386 2910 Per
416 2876 544 2909 vatum
574 2872 741 2916 oracula,
1128 2871 1295 2908 Laudem
1327 2877 1413 2908 tuae
1443 2871 1598 2918 gloriae.

211 2941 376 2972 Dreves,
402 2940 609 2967 Latomische
629 2939 919 2974 Hymnendichter.
951 2939 992 2965 11.
1457 2935 1498 2969 29
