2031 3289
914 191 1219 234 -620—

288 308 358 348 va.
401 307 540 345 Servus
572 306 691 344 bonus
722 300 922 344 Odelricus

399 363 552 401 Domini
583 361 655 400 fuit
684 363 838 413 amicus,

458 419 656 456 Modestus
688 419 952 468 temperantia,

289 511 359 549 8a.
402 509 591 556 Odelrice,
624 509 733 546 nobis
766 510 876 556 dona,

403 563 650 604 Perfruamur
679 570 721 602 ut
752 576 892 603 corona

456 621 560 659 Tuae
591 622 715 668 precis
746 622 926 660 instantia

1106 307 1126 345 7
1146 306 1182 347 b.
1214 307 1401 345 Vitiorum
1431 307 1605 344 inimicus

1215 363 1293 401 Dat
1324 363 1502 401 virtutum
1535 363 1665 411 dulces
1695 362 1789 401 ficus

1275 419 1390 457 Suavi
1421 430 1504 456 cum
1536 418 1757 468 fragrantia.

1106 511 1129 548 8
1147 509 1184 548 b.
1217 509 1261 547 In
1290 520 1455 556 superna
1486 510 1580 547 caeli
1610 521 1717 557 zona,

1216 566 1262 603 In
1293 577 1366 613 qua
1397 566 1504 603 bonis
1537 571 1671 604 cuncta
1698 566 1798 604 bona

1276 622 1524 660 Praestantur
1555 623 1627 660 Dei
1657 623 1793 670 gratia.

734 786 820 823 403.
856 788 913 831 (5.)
948 787 1006 823 De
1032 788 1174 824 sancto
1201 788 1412 825 Udalrico.

452 950 504 986 In
548 951 584 988 1.
627 948 755 995 Vesp
770 948 885 987 eris,

544 1013 790 1056 Antzphonae.

292 1098 329 1136 1.
377 1096 442 1134 Ad
474 1095 643 1134 Odelrici
672 1094 860 1142 praesulis

374 1153 531 1190 Festum
560 1156 786 1188 concurrant
816 1151 960 1198 populi,

378 1209 489 1247 Hunc
520 1209 706 1246 honorent
737 1218 818 1244 cum
850 1207 988 1255 gaudio

379 1265 524 1313 Magni,
556 1265 729 1310 maiores,
763 1263 924 1311 parvuli.

291 1358 331 1394 2.
380 1357 424 1393 In
455 1356 576 1393 sancti
606 1354 836 1392 monasterio

379 1411 482 1450 Galli
515 1411 708 1449 docendus
739 1410 906 1448 traditur

377 1469 588 1518 Odelricus,
622 1467 686 1514 qui
716 1467 896 1514 moribus,

382 1525 550 1563 Scientia
578 1524 772 1561 imbuitur.

292 1616 329 1654 3.
379 1615 583 1653 Odelricus
614 1613 837 1650 sublimatus

379 1671 443 1709 Ad
477 1670 643 1718 pastoris
676 1670 899 1717 dignitatem

378 1727 450 1765 Est
483 1728 521 1764 in
554 1726 667 1764 caelis
700 1730 900 1764 coronatus

380 1785 546 1831 Propter
576 1794 680 1820 suam
709 1783 963 1821 sanctitatem.

290 1875 329 1913 4.
377 1873 579 1912 Odelricus
611 1874 791 1911 ecclesias

378 1930 580 1976 Collapsas
611 1929 833 1967 reaedificat

375 1987 425 2024 Et
459 1986 585 2024 studio
614 1986 789 2034 pervigili

375 2043 458 2081 Has
491 2053 679 2081 renovans
709 2042 936 2090 magnificat.

294 2136 329 2172 5.
376 2133 571 2180 Religiosa
600 2133 736 2170 mulier

375 2190 513 2237 Aegris
545 2189 724 2226 membris
758 2189 941 2227 dissoluta

379 2247 450 2284 Est
480 2246 652 2284 Odelrici
684 2246 861 2295 precibus

375 2302 541 2340 Sanitati
573 2303 761 2341 restituta.

504 2422 566 2456 Aa
593 2423 641 2455 M
642 2423 756 2466 amrin
761 2425 826 2458 cat.

288 2507 340 2544 A.
379 2504 671 2553 Magnificemus
702 2505 902 2542 Dominum

379 2561 628 2609 Magnificum
659 2573 728 2608 per
758 2562 896 2607 omnia,

379 2618 451 2664 Qui
482 2618 703 2657 Odelricum
732 2619 945 2665 praesulem

375 2675 452 2713 Sua
483 2674 763 2722 magnificentia

374 2730 579 2778 Magnifice
609 2730 826 2779 magnificat

374 2788 418 2824 In
451 2798 699 2835 supernorum
733 2788 878 2834 patria;

376 2843 488 2880 Hunc
519 2843 696 2882 laudibus
726 2843 937 2892 magnificis

375 2899 594 2947 Magnificet
625 2901 798 2939 ecclesia.

985 856 1156 890 Officium.

1271 950 1344 988 Ad
1384 950 1696 990 Matutinum.

1348 1013 1614 1049 Invitatorium.

1199 1091 1444 1129 Exsultantes
1474 1090 1675 1128 iubilemus

1251 1147 1499 1194 Redernptori
1530 1147 1706 1195 omnium,

1195 1205 1265 1251 Qui
1296 1204 1479 1252 perduxit
1509 1204 1726 1242 Odelricum

1250 1262 1313 1300 Ad
1346 1261 1510 1298 caeleste
1540 1261 1686 1301 solium.

1257 1374 1314 1411 In
1357 1374 1392 1412 1.
1437 1373 1705 1413 Nocturno.

1366 1438 1604 1481 Antiphonae.

1113 1518 1148 1556 1.
1197 1516 1335 1563 Sagina
1366 1514 1546 1552 scientiae

1252 1583 1297 1610 ac
1328 1571 1520 1618 religionis

1196 1629 1395 1668 Odelricus
1425 1627 1571 1664 exstitit

1253 1686 1387 1732 plenus
1418 1684 1491 1721 Dei
1523 1683 1642 1722 donis.

1113 1767 1150 1805 2.
1196 1764 1353 1801 Festum
1382 1762 1515 1801 fideles
1548 1762 1740 1801 celebrent

1196 1820 1365 1859 Odelrici
1396 1819 1630 1857 sollemniter

1196 1878 1248 1915 Et
1279 1878 1358 1914 eius
1388 1877 1484 1913 mira
1515 1881 1720 1922 personent

1196 1934 1390 1981 Magnalia
1421 1932 1600 1970 suaviter.

1112 2015 1150 2052 3.
1197 2012 1282 2050 Suis
1315 2011 1447 2049 diebus
1478 2011 1640 2049 Domino

1197 2070 1324 2107 Iustus
1352 2069 1528 2106 inventus
1558 2068 1701 2115 placuit

1195 2126 1407 2173 Odelricus,
1441 2125 1504 2171 qui
1536 2125 1735 2162 Dominum

1198 2182 1383 2220 Sacerdos
1416 2192 1571 2228 magnus
1603 2181 1730 2220 coluit.

1354 2290 1614 2334 Respowzsoria.

1114 2369 1153 2410 1.
1201 2368 1447 2406 Concelebret
1479 2367 1640 2405 ecclesia

1198 2425 1368 2463 Odelrici
1399 2425 1597 2463 sollemnia

1199 2479 1356 2518 Festiva
1386 2492 1468 2519 cum
1500 2480 1658 2528 laetitia,

1200 2538 1271 2584 Qui
1304 2537 1419 2575 verbo
1451 2537 1551 2574 vitae
1582 2537 1730 2581 claruit,

1198 2594 1409 2632 Sanctitate
1440 2593 1688 2641 resplenduit,

1195 2650 1399 2687 Miraculis
1430 2650 1595 2696 emicuit,

1108 2729 1152 2768 V.
1191 2729 1306 2767 Cuius
1337 2729 1459 2766 beatis
1490 2728 1635 2765 meritis

1195 2785 1390 2833 Suffragiis
1421 2790 1459 2822 et
1489 2784 1628 2822 inclitis

1193 2842 1315 2879 Tanto
1346 2842 1464 2889 magis
1496 2841 1732 2887 adiuvamur,

1193 2899 1305 2936 Hunc
1335 2909 1407 2945 quo
1437 2898 1554 2946 magis
1587 2907 1823 2935 veneramur.
