1914 3223
351 2436 412 2473 10.

350 2708 415 2745 11.

779 149 1090 190 —233-

467 260 660 299 Laudibus
694 262 828 310 dignis,
864 263 1043 302 bonitatis
1074 270 1218 317 auctor,
1253 271 1256 273 ’

467 318 628 364 Magnus
659 318 697 356 in
729 320 872 367 maguis
904 320 1033 367 opifex
1066 321 1198 360 beatus

466 374 610 411 Cuncta
641 375 837 422 dispensat
869 376 1086 415 dominante
1118 385 1210 417 nutu

682 431 901 480 Sceptriger
931 433 1048 474 orbis.

465 531 571 578 Spes,
603 533 704 570 salus
736 534 879 584 mundi,
912 535 996 581 pius
1027 536 1108 582 ipse
1141 540 1280 582 rector,

465 588 672 626 Conterens
703 601 841 636 pravos
870 591 1029 628 humiles
1061 599 1237 639 coronat3

465 645 648 683 Sublevat
677 647 796 683 valles
827 649 1077 695 reprimitque
1111 654 1255 687 montes

682 703 792 740 Celsa
824 708 1004 750 potestas,

464 805 534 850 Qui
566 803 658 841 facit
689 805 802 841 rectis
831 805 984 843 radiare
1017 817 1146 844 verum

463 861 604 898 Lumen
638 861 676 898 in
707 862 834 898 cordis
865 863 1094 910 speculoque
1126 865 1280 912 mentis,

462 918 561 964 Quos
592 918 684 965 tegit
720 929 871 965 semper
902 920 1045 965 pietate
1076 922 1226 967 pollens

679 974 863 1012 Conditor
893 976 1026 1015 almuS.

463 1076 667 1123 Pauperes‚
701 1077 812 1125 dites,
845 1077 944 1126 laici,
977 1083 1166 1128 potenteS‚

460 1133 490 1170 Ο
523 1137 700 1170 coronate
733 1134 920 1170 clericalis
944 1135 1052 1185 ordo,

461 1189 590 1227 Omnis
619 1191 756 1226 aetatis
789 1191 903 1227 decus
934 1195 1048 1238 atque
1078 1203 1201 1243 sexus,

677 1247 853 1284 Plaudite
885 1248 1021 1286 cuncti.

462 1348 665 1385 Brachium
696 1349 818 1395 patris
847 1349 1016 1386 validum
1048 1351 1227 1398 potentis,

460 1405 572 1450 Ecce,
607 1405 788 1452 protrivit
819 1405 945 1442 subita
970 1406 1152 1444 rebellem

460 1461 594 1509 Strage
622 1462 895 1509 Normannum⁷
927 1462 1080 1508 pietatis
1113 1464 1284 1510 hostem3

674 1518 808 1556 Gloria
839 1519 961 1565 patri!

408 1651 415 1658 .
466 1620 656 1657 Proelium
688 1631 821 1667 campo
853 1621 1015 1658 struitur
1045 1623 1205 1672 patenti,

462 1676 655 1723 Splendor
681 1688 871 1714 armorum
904 1678 1029 1716 radiat
1060 1690 1130 1725 per
1160 1691 1285 1728 auras,

462 1733 563 1772 Voce
594 1734 804 1771 bellantum
836 1734 943 1771 varia
974 1737 1170 1773 tremescit

674 1790 854 1828 Machina
889 1792 995 1832 caeli.

464 1893 557 1930 Tela
588 1897 813 1940 sparserunt
843 1893 1014 1940 geminae
1045 1894 1267 1943 phalanges,

462 1949 594 1986 Danus
626 1947 761 1987 infelix
794 1961 862 1987 sua
894 1950 1031 1987 damna
1063 1952 1222 2001 quaerit,

460 2005 625 2043 Ferreos
653 2006 794 2043 imbres
826 2007 917 2043 serit
949 2011 1061 2054 atque
1092 2007 1174 2045 fixit

676 2066 823 2110 Agmen
855 2074 1020 2102 enorme.

468 2165 583 2210 Quem
613 2165 815 2203 sitiverant
846 2165 972 2202 varios
1002 2176 1072 2212 per
1103 2177 1232 2217 annos,

461 2221 688 2269 Sanguinem
720 2226 871 2259 sumunt
902 2222 1028 2258 rabidi
1059 2223 1225 2271 tyranni,

461 2278 586 2316 Dulce
616 2277 658 2316 fit
691 2279 836 2316 cunctis
868 2279 1009 2316 satiare
1041 2284 1173 2326 pectus

677 2335 804 2374 Caede
836 2336 1015 2376 virorum.

462 2436 607 2484 Quique
637 2435 818 2474 foderunt
849 2435 992 2482 foveas,
1027 2448 1158 2483 ruere,-

461 2498 564 2540 Quae
596 2492 668 2531 fuit
698 2493 815 2530 turris
847 2493 1004 2530 nimium
1036 2494 1213 2542 superba,

463 2550 577 2597 Ecce,
610 2556 790 2587 curvatur
820 2550 980 2587 nihilata
1013 2551 1164 2588 Christo

675 2606 777 2644 Gens
808 2607 974 2646 inimica.

467 2707 658 2744 Sternitur
688 2708 844 2755 grandis
875 2709 1111 2755 populusque
1143 2708 1266 2756 fortis,

464 2764 560 2801 Tota
594 2765 758 2801 contrita
789 2767 846 2800 est
877 2765 1080 2802 maledicta
1110 2777 1247 2814 massa,

459 2820 595 2858 Sorbet
627 2832 667 2858 os
698 2821 831 2857 mortis
863 2821 1031 2858 subolem
1063 2823 1286 2873 malignam3

675 2877 776 2914 Laus
806 2877 886 2926 tibi,
922 2877 1097 2917 Christe!
