1914 3223
268 282 307 317 4.

266 552 287 587 σε

239 1908 302 1946 10.

241 2180 305 2217 11.

243 2711 306 2749 13.

757 180 1007 201 -Ὶ-

425 275 528 316 Dum
560 282 597 313 te
627 277 705 314 fida
736 282 855 324 rogat,
887 277 958 313 sibi

371 334 542 372 Clemens
573 337 614 370 ut
645 344 808 381 maneas,
842 334 949 380 plebs
982 335 1034 370 tui
1067 334 1239 382 nominis⁷

426 392 466 427 In
498 395 547 434 te,
579 390 840 427 innascibilem
874 390 1018 433 Deum,·
1203 432 1206 435 ,
1252 404 1255 406 ·

368 448 472 496 Orat,
502 447 602 494 quod
635 451 785 483 maneat.
815 446 913 483 alter
944 447 981 483 in
1014 447 1148 486 altero,

419 545 544 587 Extra
576 559 687 595 quam
720 558 856 595 capere
889 552 1010 594 potest
1069 566 1071 568 ·

366 605 476 643 Mens
509 605 681 651 bumana,
714 611 839 641 manet
871 604 968 641 iilius
1000 605 1037 641 in
1069 611 1189 653 patre,

422 662 584 699 Rursum
616 672 723 708 quem
756 672 871 708 penes
902 661 950 697 sit
983 667 1104 708 pater,

366 719 511 766 Dignus
543 718 604 765 qui
636 719 782 766 genitus
815 715 906 767 (est)
939 717 1038 754 filius
1071 718 1106 754 in
1141 718 1273 755 Deum.

420 816 548 867 Felix,
581 821 643 866 qui
675 820 795 866 potuit
826 819 900 856 fide

366 877 440 914 Res
471 880 596 913 tantas
627 877 778 923 penitus
811 876 986 913 credulus
1018 877 1180 923 assequi.

422 933 473 971 Ut
503 934 726 979 incorporeo
757 943 803 970 ex
834 932 914 970 Deo

368 989 565 1028 Profectus
597 988 712 1026 fuerit
742 989 962 1038 progenitus
993 989 1078 1027 Dei.

421 1086 582 1131 Grande
608 1091 808 1140 loquimur,
841 1095 878 1127 et
910 1091 1028 1128 Deum

366 1149 505 1185 Verum
536 1153 577 1185 ut
609 1148 768 1196 genitor,
801 1148 986 1194 quidquid
1019 1148 1115 1184 inest
1148 1147 1220 1185 sibi

422 1201 614 1244 Aeternae
646 1205 761 1242 decus
793 1205 948 1250 gloriae,

364 1263 500 1300 Totum
532 1262 570 1298 in
601 1261 832 1309 unigenitum
865 1261 1030 1298 ediderit
1061 1261 1195 1300 Deum.

421 1360 527 1402 Hinc
557 1374 652 1400 unus
685 1363 819 1399 merito
851 1362 970 1399 bonus

365 1421 506 1467 I'psum,
540 1420 640 1467 quod
672 1419 775 1456 Deus
807 1423 876 1468 est,
909 1424 1019 1456 extra
1049 1419 1232 1457 invidiam
1265 1419 1321 1455 sui

423 1476 536 1523 Gigni
568 1476 683 1513 vellet
712 1476 751 1513 in
782 1476 956 1522 alterum,

365 1531 656 1570 Transformans
687 1543 740 1573 se.
772 1538 812 1570 ut
845 1538 912 1582 est,
946 1532 1069 1570 vivam
1101 1533 1138 1570 in
1170 1533 1382 1579 imaginem.

418 1631 514 1673 Istis
547 1645 636 1672 vera
667 1639 773 1681 patet,
802 1635 873 1672 Dei

367 1692 510 1736 Virtus,
542 1702 626 1729 eum
658 1691 807 1729 dederit
837 1691 977 1739 omnia,
1009 1702 1084 1728 non
1115 1694 1241 1728 tamen

424 1749 532 1798 Ipsis,
566 1760 661 1795 quae
693 1749 855 1797 dederit,
889 1752 1004 1795 caret,

365 1804 520 1848 Cuncta,
554 1816 650 1852 quae
681 1816 747 1843 sua
778 1811 878 1852 sunt,
912 1815 994 1842 eum
1029 1804 1190 1853 dederit,
1224 1804 1380 1841 habens

418 1903 531 1945 Kara
561 1908 760 1954 progenies
792 1907 875 1953 Dei,

369 1963 574 2011 Cognatum
607 1965 667 2001 cui
697 1964 746 2001 sit
776 1974 885 2000 omne
917 1964 1032 2001 decus
1063 1963 1195 2010 patris,

427 2020 491 2057 Nil
523 2025 680 2058 naturae
711 2021 811 2068 eguit
845 2021 939 2066 dari,

367 2077 441 2115 Sed
473 2082 601 2114 natum
633 2078 743 2115 simul
775 2082 844 2124 est,
875 2076 1059 2124 quidquid
1091 2082 1170 2114 erat
1205 2076 1286 2114 Dei.

422 2176 570 2218 Lumen
601 2178 707 2216 fulsit
737 2190 760 2216 a
789 2179 929 2216 lumine

370 2236 546 2283 Deusque
578 2247 687 2273 verus
719 2236 889 2273 substitit
920 2246 965 2273 ex
996 2235 1078 2272 Deo

425 2293 537 2340 Vero,
569 2304 641 2330 non
674 2293 776 2330 aliud
809 2292 951 2329 habens

369 2350 482 2387 Ortus
512 2350 674 2397 unigena
704 2360 814 2396 quam
845 2348 1082 2386 innascibilis
1113 2353 1233 2394 pater.

422 2448 563 2489 Mirum
594 2451 665 2488 hoe
695 2462 788 2498 opus
820 2455 875 2487 est
908 2450 991 2493 Dei,

371 2509 558 2545 Aeternus
589 2512 630 2544 ut
661 2507 961 2554 incorruptibilis
995 2506 1110 2544 Deus.

425 2564 519 2602 Ortu
550 2564 613 2611 qui
646 2568 785 2611 careat,
815 2564 900 2611 quia

369 2621 428 2659 Sit
457 2622 692 2667 sempiterna
723 2621 854 2666 virtus,
887 2620 988 2667 quod
1019 2625 1072 2656 est
1107 2619 1219 2660 Deus,

422 2707 507 2750 Non
538 2711 636 2748 natis
668 2710 802 2758 quibus
833 2708 926 2759 (est)
958 2711 995 2746 in
1028 2710 1134 2746 bonis

370 2767 429 2804 Ex
461 2778 544 2804 sese
574 2768 748 2814 placidus
779 2768 949 2814 gigneret
981 2767 1018 2803 in
1052 2766 1183 2813 Deum,

427 2826 484 2861 Ac
515 2824 569 2860 sic
601 2825 639 2860 in
669 2824 831 2871 unigena
861 2824 942 2860 Deo

371 2880 454 2917 Hoc
485 2881 597 2927 ipsud
630 2886 727 2930 ortu7
761 2881 859 2927 quod
892 2880 1057 2929 genitum
1091 2885 1159 2925 est,
1193 2884 1307 2917 caret.
