2031 3289
7 2412 9 2421 A

0 2438 2 2445 t

1 2487 7 2494 ι

0 2498 17 2523 ,’>“

0 2611 1 2615 ’
14 2618 18 2628 A

7 2638 18 2645 ψ

0 2674 19 2712 {j

0 2710 19 2740 [ζμ

0 2747 19 2778 d,

0 2775 19 2800 vs*

0 2830 19 2870 ᾖ.

0 2879 3 2890 ,
17 2871 19 2882 l

0 2898 15 2921 Ι(

0 2923 20 2950 Γ..

0 2952 19 2966 ‚lu

987 186 1267 227 -80—

363 300 400 336 5.
433 298 490 335 Tu
521 309 696 347 purgare,
728 311 896 346 quaeque
927 300 1042 349 voles,

363 1032 396 1067 1.

359 1313 380 1349 [Q

358 2161 379 2196 m

487 355 692 401 aspirando
724 357 933 403 praevales,

434 411 491 448 Tu
521 411 631 448 bruta
662 413 851 458 stultaque
882 411 998 449 eorda

490 467 545 504 sic
574 472 721 505 mutare
750 469 905 515 assoles,

431 523 483 561 Ut
512 524 686 561 indoctos
717 524 876 562 eruditis

490 581 664 628 protinus
695 581 930 628 aequipares,

1175 302 1213 340 6.
1244 300 1347 346 Ergo
1387 309 1506 336 meam
1550 310 1699 337 caecam
1730 304 1909 348 mentem,

1305 355 1437 393 doctor
1466 356 1576 400 alme,
1610 357 1722 393 visita

1247 412 1522 458 Putridumque
1551 411 1589 449 in
1621 413 1769 458 peccati

1304 468 1383 505 luto
1415 479 1550 514 corpus
1581 469 1721 505 suscita

1248 524 1299 562 Et
1329 528 1528 570 utrumque
1556 525 1605 562 ad
1636 535 1802 561 amorem

1306 580 1447 619 Christi
1479 579 1533 616 tui
1562 580 1730 620 subleva.

439 690 629 723 Collectan.
656 701 717 721 ms.
745 692 779 723 S.
798 691 910 733 Sergii
926 691 1150 734 Andegaven.
1176 701 1266 724 saec.
1295 690 1345 723 11.
1384 691 1465 723 Cod.
1483 691 1705 734 Andegaven.
1725 690 1791 725 283
1807 690 1910 733 (274),

345 754 389 758 --
416 735 445 774 5,
472 735 491 767 5
516 736 562 767 Et
587 736 755 767 indoctos.

741 913 795 950 75.
829 914 889 956 (2.)
927 912 1055 950 Oratio
1081 913 1128 950 ad
1153 915 1319 950 sanctam
1344 914 1510 949 Mariam.

430 1031 460 1068 O
491 1030 622 1077 regina
654 1030 883 1077 reginarum,

430 1087 619 1123 Summum
653 1087 767 1124 decus
799 1087 1037 1136 feminarum,

427 1143 553 1180 Mater
583 1144 703 1191 virgo,
736 1143 816 1180 Deo
848 1143 960 1195 foeta,

429 1198 545 1237 Sacro
576 1198 668 1237 flatu
700 1199 915 1239 fecundata.

388 1341 396 1350 .
430 1312 531 1348 Rosa
563 1312 609 1348 de
641 1312 760 1359 spinis
794 1308 976 1364 [ex]01·ta,

429 1368 532 1404 Iesse
562 1369 679 1418 virga,
713 1369 827 1406 maris
859 1370 982 1417 stella,

428 1424 529 1461 Fons
551 1425 758 1470 hortorum,
791 1426 862 1462 Dei
893 1426 1089 1474 templum,

430 1481 530 1518 Laus
561 1482 765 1531 iustorum,
808 1492 894 1529 spes
926 1493 1088 1521 reorum.

389 1624 397 1632 .
433 1594 518 1638 Cor,
551 1594 652 1641 quod
681 1598 719 1632 te
750 1595 852 1642 cupit
879 1595 1050 1645 laudare,

430 1650 630 1697 Nunquam
661 1655 787 1698 potest
819 1652 1044 1699 desperare;

429 1708 487 1744 Tu
518 1708 730 1756 praecellis,
763 1712 803 1744 tu
835 1708 1003 1757 excellis,

428 1763 620 1810 Quidquid
653 1768 710 1801 est
740 1765 923 1802 humanae
954 1765 1090 1805 laudis,

387 1906 396 1914 .
428 1877 471 1913 In
504 1877 574 1913 hac
605 1881 669 1914 tua
700 1878 856 1924 speciali

427 1933 549 1971 Domo
580 1933 674 1970 libet
705 1934 888 1981 confiteri,

429 1989 503 2027 Sed
537 1991 624 2027 dum
654 2001 755 2028 meas
785 2001 1013 2038 recognosco

426 2047 579 2093 Culpas,
614 2047 723 2084 nimis
756 2048 948 2088 erubesco,

390 2188 396 2195 .
428 2159 509 2205 Ego
541 2169 627 2195 mox
659 2170 680 2196 a
711 2163 830 2197 matre
861 2163 973 2197 natus

430 2216 533 2253 Arae
563 2218 650 2252 tuae
682 2226 762 2252 sum
794 2217 966 2263 donatus,

431 2273 473 2309 In
507 2271 691 2309 ecclesiae
723 2270 846 2323 (tuae)
878 2273 992 2310 cubili

430 2328 541 2365 Circa
574 2329 718 2375 templa
748 2329 827 2366 nati
857 2330 912 2366 tui

386 2472 394 2480 .
427 2441 622 2479 Educatus
654 2446 691 2478 et
721 2442 889 2492 edoctus,

428 2500 678 2545 Incrassatus,
710 2499 964 2547 impinguatus

428 2555 519 2591 Tam
551 2555 750 2602 praedulci
781 2556 981 2603 nutritura,

427 2610 480 2649 Ut
511 2616 567 2648 est
597 2612 696 2648 oculi
728 2611 888 2658 pupilla.

386 2755 394 2764 .
427 2724 548 2761 Miser
579 2724 668 2771 quid
700 2725 854 2762 adultus
886 2724 974 2772 egi‘?

428 2780 605 2826 Ingratus
637 2781 893 2827 recalcitravi3

429 2837 499 2873 Per
530 2848 645 2883 genus
676 2848 784 2874 omne
815 2838 960 2884 peccati

421 2893 549 2930 Foeda
580 2905 720 2940 pronus
750 2893 857 2931 frena
889 2895 993 2933 dedi.

1200 1032 1236 1070 8.

1179 1596 1241 1634 10.

1175 1879 1238 1917 11.

1181 2161 1245 2200 12.

1175 2444 1238 2482 13.

1177 2726 1241 2765 14.

1270 1032 1321 1068 Et
1352 1032 1443 1078 quid
1473 1036 1583 1068 natus
1614 1036 1700 1069 tuus
1733 1031 1857 1069 fecit?

1271 1089 1346 1126 Pro
1378 1091 1415 1125 te
1446 1088 1577 1134 culpas
1608 1099 1710 1126 meas
1743 1089 1852 1136 texit,

1270 1143 1335 1181 Ad
1364 1144 1526 1181 honores
1556 1156 1614 1181 mc
1646 1145 1774 1195 evexit,

1270 1200 1419 1247 Populo
1447 1211 1516 1238 suo
1541 1201 1743 1247 praefecit.

1232 1342 1241 1351 .
1273 1313 1353 1350 Nec
1383 1313 1576 1360 primaeva
1608 1312 1823 1362 pubertate,

1272 1369 1353 1406 Nec
1382 1370 1422 1406 in
1453 1370 1548 1406 dura
1578 1370 1784 1415 iuventute,

1271 1426 1353 1463 Nec
1382 1427 1421 1463 in
1452 1437 1537 1463 sera
1566 1431 1759 1463 senectute

1272 1483 1376 1520 Mala
1406 1493 1489 1520 mea
1521 1493 1729 1521 cessavere.

1274 1595 1409 1633 Dices:
1447 1596 1505 1643 „A
1535 1606 1594 1632 me
1625 1596 1757 1642 procul
1790 1598 1885 1647 esto,

1274 1652 1374 1689 Tuas
1405 1663 1522 1699 nugas
1552 1664 1626 1689 non
1655 1652 1838 1702 admitto,

1275 1708 1315 1746 Si
1345 1719 1462 1753 meus,
1494 1714 1535 1745 ut
1566 1709 1672 1758 dicis,
1707 1719 1825 1757 esses,

1275 1765 1404 1802 Talem
1436 1769 1473 1801 te
1503 1775 1576 1802 non
1608 1765 1830 1812 exhiberes;

1272 1878 1396 1926 Vitiis,
1429 1889 1522 1925 quae
1552 1878 1663 1915 nimis
1694 1878 1770 1926 odi,

1272 1935 1357 1972 Non
1389 1934 1548 1972 deberes
1578 1934 1780 1981 inquinari,

1273 1992 1430 2028 Hostem
1461 2002 1583 2028 meum
1615 1991 1774 2039 elegisti,

1274 2049 1343 2088 Cui
1374 2053 1411 2084 te
1442 2052 1559 2085 totum
1594 2048 1833 2086 condonasti.

1277 2161 1339 2199 Illi
1371 2171 1520 2207 semper
1548 2160 1748 2209 oboedisti,

1276 2218 1384 2254 Illius
1416 2217 1512 2254 velle
1542 2215 1689 2266 fecisti,

1276 2274 1388 2312 Illum
1420 2285 1522 2321 roga,
1554 2274 1661 2310 illum
1691 2283 1770 2320 ora,

1276 2331 1387 2368 Illum
1420 2331 1550 2379 clama,
1584 2330 1689 2367 illum
1722 2341 1828 2369 voca.

1271 2444 1349 2481 Iste
1378 2444 1481 2480 iuvet
1510 2449 1621 2489 atque
1653 2447 1772 2491 regat,

1271 2500 1323 2538 Ut
1351 2500 1524 2536 clientem
1545 2504 1582 2535 te
1606 2498 1825 2540 defendat.“
1852 2520 1908 2527 ——

1272 2556 1301 2594 O
1333 2556 1463 2603 regina
1492 2557 1669 2603 gloriosa,

1274 2612 1412 2649 Potens
1443 2617 1480 2649 et
1508 2612 1724 2660 imperiosa,

1275 2726 1349 2763 Pro
1380 2737 1507 2763 amore
1538 2726 1616 2763 nati
1647 2726 1702 2763 tui

1275 2783 1382 2819 Haec
1414 2783 1529 2820 verba
1559 2781 1732 2829 proferre
1761 2783 1861 2829 noli;

1274 2840 1502 2888 Recordare,
1536 2840 1612 2886 pia,
1645 2843 1787 2881 sancta,

1273 2896 1369 2940 Quid
1404 2895 1526 2933 fecisti
1559 2896 1605 2932 de
1636 2895 1775 2935 Maria,

2024 618 2031 788 l
