1914 3223
762 210 815 215 —
876 188 952 227 :391
1016 210 1069 215 ——

270 302 320 339 30
370 300 541 339 Iustitiae
572 301 662 338 solis
693 302 865 348 genetrix
897 302 977 339 sine
1007 302 1148 339 semine
1180 300 1310 349 prolis.

369 357 450 394 Neu
483 357 658 394 dubitare
691 358 785 394 velis
818 359 990 405 exemplo
1022 357 1123 395 facta
1155 358 1292 402 fidelis,

366 413 589 450 Helisabeth
622 414 743 450 sterili
777 415 886 451 datus
923 421 976 451 est
1010 415 1047 452 iri
1080 420 1210 452 ventre
1240 415 1349 452 senili

364 470 421 508 De
453 475 644 507 marcente
675 470 757 507 viro
789 482 944 518 magnus
976 482 1071 518 puer
1101 472 1234 509 ordine
1266 473 1372 510 miro.

365 526 482 564 Lacte
514 531 660 564 tumens
693 531 824 573 pectus
856 528 929 564 iam
964 528 1075 565 discit
1107 528 1248 565 habere
1278 533 1463 579 senectus,

270 585 321 622 35
368 584 532 631 Pignore
563 583 701 630 gaudet
733 595 838 628 anus,
871 584 1007 631 gaudet
1041 595 1186 631 quoque
1219 586 1374 631 pignore
1406 595 1532 626 canus,

367 641 503 678 Partus
536 645 718 687 cognatae
750 640 871 677 minor
903 646 958 677 est
986 646 1022 677 ct
1055 641 1246 687 discrepat
1279 653 1299 678 a
1332 648 1390 689 te3

365 697 484 734 Iudex
515 700 552 734 et
583 707 722 744 praeco
753 707 822 734 nec
851 697 1020 744 pondere
1052 699 1231 745 penditur
1261 710 1393 745 aequo,

364 753 440 791 Sed
472 758 597 790 tamen
630 757 666 790 et
697 754 857 790 similem
890 754 990 790 servi
1022 754 1157 800 probat
1188 758 1293 791 actus
1327 755 1497 801 herilem,

366 810 404 847 Si
436 811 575 847 sterilis
605 810 731 858 gravis
763 815 832 859 est,
865 811 896 847 si
928 811 1033 857 virgo
1065 821 1252 858 puerpera
1286 812 1364 849 visa
1395 815 1464 849 est.

270 868 321 905 40
369 867 490 905 Unam
524 869 587 914 qui
618 867 754 911 credit,
787 878 860 904 non
892 867 991 904 hunc
1022 878 1082 904 res
1113 868 1233 904 altera
1265 868 1394 907 laedit.

364 924 462 961 Hinc
492 923 641 961 firmato
675 923 800 971 fidem,
835 924 908 961 duo
941 924 1035 961 mira
1069 924 1168 960 Deus
1201 924 1291 961 facit
1323 925 1436 962 idem.

367 980 533 1018 Credula
564 981 783 1028 respondit:
818 981 886 1026 Qui
919 992 988 1027 per
1021 986 1057 1018 tc
1088 985 1194 1017 tanta
1224 981 1441 1031 spopondit,

361 1038 413 1077 Ut
445 1037 565 1074 salvet
595 1037 789 1086 mundum,
821 1037 913 1074 milii
946 1038 1010 1074 det
1040 1043 1107 1074 tua
1137 1037 1253 1074 verba
1283 1038 1502 1075 secundum.

226 1193 368 1226 Collect.
402 1205 464 1225 ms.
499 1197 532 1225 S.
564 1195 707 1227 Gatiani
741 1195 915 1226 Turonen.
949 1205 1038 1226 saec.
1079 1192 1130 1226 12.
1179 1194 1260 1226 Cod.
1286 1195 1459 1227 Turonen.
1485 1192 1562 1226 890.
1589 1195 1628 1226 A.
1655 1213 1699 1218 -

134 1238 278 1271 Collect.
309 1249 371 1271 ms.
397 1240 582 1281 Augustin.
610 1240 774 1272 Tolosan.
802 1250 890 1272 saec.
919 1238 971 1272 13.
1020 1240 1103 1272 Cod.
1128 1240 1292 1272 Tolosan.
1318 1238 1394 1271 871.
1424 1242 1459 1272 B.
1486 1257 1528 1261 —
1554 1240 1698 1274 Collect.

135 1295 195 1315 ms.
214 1284 473 1326 Tongerloense
491 1295 579 1317 saec.
602 1284 652 1316 13.
686 1285 768 1317 Cod.
786 1285 985 1318 Bruxellen.
1002 1282 1091 1317 3185
1107 1283 1241 1325 (779ss
1256 1283 1343 1325 1506).
1359 1288 1396 1317 t).
1416 1304 1459 1307 —
1474 1287 1699 1327 Beaugendre

132 1330 198 1361 col.
231 1328 327 1361 1567.
355 1331 396 1361 D.
423 1349 467 1352 —
491 1328 512 1362 3
538 1335 652 1362 niente
677 1331 764 1363 feres
793 1333 828 1362 Β.
846 1348 890 1352 -
907 1329 926 1362 7
953 1332 1044 1372 gerit
1070 1332 1110 1362 D.
1130 1348 1172 1351 —
1193 1328 1234 1361 10
1260 1331 1329 1362 tale
1354 1331 1437 1363 fecit
1462 1342 1573 1373 neque
1601 1333 1636 1363 Β.
1655 1349 1699 1353 -

135 1373 171 1406 11
200 1375 292 1407 fatur
317 1376 526 1416 virguncula
552 1377 593 1408 D.
624 1395 657 1398 --
692 1374 733 1408 19
760 1377 824 1408 tibi
850 1380 977 1408 castae.
1004 1394 1046 1397 —-
1072 1374 1112 1408 31
1140 1377 1211 1407 Nee
1237 1376 1398 1408 dubitare
1417 1378 1460 1416 133
1487 1377 1574 1408 velis
1592 1377 1698 1410 verbo

134 1422 203 1452 iam
234 1421 326 1452 facta
356 1421 400 1452 D.
425 1439 469 1442 —
493 1419 537 1453 :38
563 1426 678 1454 tamen
706 1426 742 1453 ut
767 1422 916 1453 similem
943 1423 984 1453 D.
1011 1440 1053 1444 —
1078 1419 1122 1453 40
1147 1432 1217 1453 non
1243 1421 1347 1453 habet
1372 1432 1425 1453 res
1452 1422 1561 1454 altera
1588 1424 1630 1455 D.
1655 1439 1699 1444 ——

130 1464 171 1497 41
201 1466 285 1498 facit
310 1467 406 1498 Deus
432 1468 473 1498 D.

453 1692 534 1727 301.
573 1692 630 1732 (3)
671 1691 813 1727 Oratio
840 1691 1088 1736 paenitentis
1115 1701 1234 1736 saepe
1259 1692 1363 1736 lapsi

331 1831 394 1869 Me
425 1831 624 1868 miserum!
657 1831 749 1878 quid
781 1830 918 1878 agam?
949 1836 1059 1878 porto
1091 1830 1159 1867 sub
1192 1836 1344 1877 pectore
1376 1832 1541 1878 plagam,

334 1888 487 1935 Plagam
522 1889 668 1935 peccati
700 1887 877 1925 foetentis
908 1891 945 1924 et
975 1887 1190 1933 inveterati,

332 1945 537 1991 Tamquam
569 1946 599 1982 si
632 1949 780 1993 portem
812 1944 881 1981 sub
913 1945 1045 1981 eodem
1076 1947 1231 1991 pectore
1261 1949 1432 1982 mortem.

332 2002 450 2047 Quam
481 2002 654 2048 quotiens
684 2002 772 2051 lavi,
808 2001 982 2048 quotiens
1014 2001 1220 2047 emplastra
1250 2001 1377 2049 ligavi,

265 2060 287 2096 5
335 2061 369 2096 A
402 2059 619 2105 corruptela
650 2059 789 2095 totiens
821 2063 876 2095 est
908 2058 1009 2095 victa
1041 2057 1199 2097 medela.

332 2115 442 2152 Mille
472 2115 655 2162 ligaturas
686 2115 838 2153 admovi
870 2115 923 2151 nil
955 2114 1150 2160 valituras,

332 2172 491 2220 Semper
521 2177 633 2218 rupta
665 2172 772 2220 cutis,
805 2181 956 2218 semper
987 2171 1048 2207 via
1079 2171 1182 2207 nulla
1213 2170 1360 2207 salutis.

331 2228 432 2265 Hinc
463 2229 551 2265 totis
583 2229 685 2266 horis
718 2239 822 2265 mens
855 2232 911 2264 est
942 2238 1025 2264 mea
1056 2227 1171 2273 plena
1200 2227 1359 2271 timoris,

330 2284 428 2322 Nam
463 2283 644 2323 formidat
675 2286 728 2322 ita
759 2285 883 2322 subito
915 2284 1111 2320 discedere
1143 2284 1221 2320 vita

234 2341 284 2378 10
330 2341 380 2378 Et
412 2340 581 2379 flammas
613 2341 754 2390 horret,
788 2341 922 2388 quibus
952 2341 1047 2377 ultio
1079 2340 1238 2376 crimina
1268 2343 1400 2386 torret,

331 2397 522 2436 Flammas
553 2402 726 2435 aeternas
758 2397 1039 2443 infernalesque
1069 2407 1264 2434 cavernas.

332 2454 423 2492 Cum
453 2461 578 2492 tamen
611 2455 703 2492 haec
733 2455 908 2503 meditor,
941 2452 1084 2490 frustra
1116 2462 1342 2500 consurgere
1373 2453 1488 2500 nitor,

335 2511 507 2549 Haerens
538 2512 679 2558 quippe
710 2512 788 2548 luto
820 2521 912 2558 prae
945 2510 1216 2547 consuetudine
1247 2513 1348 2548 nuto.

334 2568 378 2604 In
412 2572 464 2605 tot
497 2572 532 2604 et
563 2568 601 2604 in
633 2569 748 2605 tantis
779 2567 917 2605 violavi
948 2567 1049 2604 iussa
1079 2566 1257 2615 tonintis,

238 2624 287 2661 15
336 2624 444 2669 Quod
475 2635 594 2672 prope
627 2625 788 2671 despero
820 2623 1024 2669 meliorari,
1055 2623 1141 2669 quia
1171 2633 1268 2662 sero,

334 2680 410 2717 Sed
440 2681 610 2727 quamvis
642 2691 739 2728 sero,
772 2684 897 2717 tamen
928 2680 1117 2717 adiutoria
1147 2689 1299 2725 quaero,

330 2736 416 2774 Non
447 2737 610 2774 humana
641 2737 805 2785 quidem,
837 2748 923 2773 nam
956 2740 1041 2773 sunt
1073 2735 1163 2772 mihi
1195 2735 1344 2783 cognita
1375 2734 1549 2783 pridemg

332 2793 421 2831 Sola
454 2793 581 2831 divina
613 2804 692 2830 sum
725 2793 931 2831 salvandus
962 2792 1162 2829 medicina.

329 2850 391 2886 Ad
423 2856 460 2886 te
491 2850 653 2896 suspiro,
687 2850 781 2887 caeli
812 2860 883 2886 non
917 2849 1068 2885 subdite
1099 2859 1203 2897 gyro,

233 2906 285 2944 20
333 2908 482 2945 Summe
515 2907 768 2950 sacerdotum,
801 2906 870 2942 tibi
903 2903 1033 2942 defero
1066 2905 1192 2942 debile
1224 2910 1362 2941 votum.
