2031 3289
880 174 934 178 ——
992 151 1074 191 200
1132 175 1188 178 —

526 265 563 302 9.
611 264 726 303 Cuius
757 265 860 302 orbis
891 265 1022 309 honor,
1056 265 1159 301 cuius
1192 268 1229 301 et
1259 265 1427 312 aethera,

613 320 727 358 Cuius
758 321 836 357 vita
865 321 967 357 salus
995 325 1032 357 et
1062 321 1161 358 bona
1191 322 1368 367 maxima,

669 377 739 413 Est
770 377 829 413 cui
861 388 995 413 nomen
1026 377 1064 413 in
1095 388 1241 425 aevum,

725 433 898 480 Regnum
932 437 1155 480 perpetuum
1189 435 1312 472 simul.

498 513 564 550 10.
613 512 669 548 Sit
701 513 801 558 patri
832 512 999 559 ingenito
1031 513 1152 559 gloria
1181 513 1356 560 maxima,

610 567 668 604 Sit
697 572 786 605 nato
817 569 965 615 pariter
996 579 1160 605 consona
1191 570 1313 616 gloria

667 624 760 661 Cum
792 624 882 661 flatu
914 625 1026 661 simul
1058 626 1156 661 almo

721 682 796 718 Per
827 685 962 718 cuncta
992 682 1054 727 pie
1085 682 1248 722 saecula.

342 781 468 821 Hymn.
505 785 538 812 et
568 781 731 822 Sequent.
767 791 828 812 ms.
855 780 1136 812 Fredeslariense
1170 790 1259 812 sace.
1288 778 1338 813 11.
1390 781 1472 813 Cod.
1499 781 1676 813 Cassolan.
1711 781 1814 813 theol.

252 826 301 857 IV
327 823 380 856 25.
406 828 445 857 A.
470 843 515 847 —
543 827 724 857 Browerus
750 837 781 867 p.
809 824 850 857 77
878 836 946 867 ssi-3
973 826 1153 857 Diimrnler
1177 827 1222 863 ΙΙ,
1249 824 1326 858 250.
1354 844 1394 848 —
1424 825 1451 865 1,
1481 825 1496 857 1
1523 829 1683 867 promitte
1708 827 1748 858 A.
1772 844 1816 849 —

256 869 282 909 17
311 869 332 902 4
358 872 510 902 sonitum
536 872 575 902 A.
602 889 644 892 —
672 869 704 909 4,
736 870 751 902 1
778 874 817 902 ut
842 871 994 908 inclitus,
1020 872 1132 902 Brow.
1159 888 1202 892 ——
1229 870 1258 909 5,
1286 870 1306 902 '2
1332 872 1395 903 1100
1420 873 1543 903 Petrus
1569 873 1698 903 inseret
1716 873 1754 903 A.
1772 889 1817 892 —

252 915 292 954 7,
326 914 346 947 3
370 917 472 947 Absit
501 917 612 948 scelus
639 917 731 958 quod
757 927 856 947 omne
881 916 922 947 A.
946 934 990 938 —
1018 915 1052 955 7,
1085 914 1106 947 4
1131 918 1276 947 veniant
1300 918 1390 948 bona
1416 918 1454 948 A.
1481 934 1525 938 —
1551 915 1588 954 9,
1623 915 1642 947 2
1668 917 1759 948 bona
1783 920 1817 948 et

252 963 404 992 maxima
428 962 468 992 A.
495 979 539 983 —
564 962 631 993 Str.
661 959 701 993 lO
724 962 810 994 fehlt
835 962 874 993 A.

381 1105 461 1141 149.
502 1106 582 1147 (18.)
617 1106 791 1149 Hymnus
817 1106 859 1140 in
884 1106 1057 1140 Laudem
1083 1106 1215 1141 sancti
1240 1106 1445 1142 Bonifacii
1471 1107 1678 1150 Martyris.

384 1201 419 1238 1.
452 1200 590 1237 Inclita
621 1204 835 1236 sanctorum
869 1209 951 1236 cum
983 1200 1107 1249 gloria
1139 1202 1274 1237 crescit
1306 1200 1457 1247 ubique,

509 1257 558 1293 Et
591 1256 764 1292 meritum
797 1256 980 1302 splendor
1011 1255 1131 1303 fulget
1161 1257 1199 1294 in
1231 1257 1322 1294 orbe
1353 1257 1436 1295 8011.

452 1313 547 1349 Asia
578 1311 792 1358 magnificat
826 1313 1018 1360 Iacobum,
1050 1314 1220 1350 Ausonia
1251 1324 1397 1360 quoque
1428 1315 1581 1351 Petrum

509 1370 789 1415 Iohannemque
821 1369 1009 1415 Ephesus,
1043 1369 1179 1407 Africa.
1210 1370 1454 1417 Cyprianum.

380 1450 418 1487 2.
451 1448 535 1485 Non
569 1449 692 1484 minus
724 1448 895 1485 exaltans
928 1448 1097 1485 celebrat
1129 1448 1332 1486 Germania
1364 1450 1495 1487 laudes

505 1505 556 1542 Et
589 1503 777 1541 Bonifacii
807 1516 901 1550 opus
930 1505 1110 1551 martyris
1141 1505 1357 1544 almificum.

451 1561 615 1599 Ordinat
645 1561 743 1597 hunc
772 1562 904 1605 Roma,
938 1562 1129 1608 mittitque
1160 1562 1360 1598 Britannia
1391 1567 1513 1600 mater

507 1618 711 1654 Doctorem
740 1618 891 1664 populis
921 1618 992 1655 hoc
1024 1619 1138 1655 decus
1171 1619 1366 1663 ecclesiae,

380 1698 400 1734 01>

408 1726 416 1735 .
450 1696 670 1733 Pontificem
702 1707 898 1742 summum,
931 1697 1122 1744 signorum
1155 1696 1310 1734 fulmine
1342 1698 1499 1744 clarum,

505 1753 666 1799 Eloquio
698 1753 871 1801 nitidum,
906 1754 1073 1790 moribus
1106 1754 1309 1800 egregium,

453 1810 575 1846 Tanta
607 1809 843 1856 prophetalis
875 1821 983 1856 quem
1015 1811 1137 1856 gratia
1170 1809 1279 1847 fulcit
1311 1811 1476 1861 honoris,

508 1866 675 1903 Ventura
706 1870 748 1902 ut
780 1867 896 1903 multa
929 1868 1177 1913 retuleritque
1207 1879 1316 1916 nova,

379 1948 416 1983 4.
449 1945 565 1990 Quem
597 1945 768 1981 Francus
800 1944 993 1992 Fresoque
1024 1946 1134 1982 simul
1166 1946 1340 1992 Saxoque
1371 1947 1584 1983 ministrum

505 2005 697 2039 Aeternae
729 2002 830 2039 vitae
861 2003 1057 2048 praedicat
1091 2013 1172 2038 esse
1203 2002 1289 2050 sibi,

448 2060 679 2105 Quamquam
711 2058 920 2096 Fresonum
953 2070 1054 2106 gens,
1086 2059 1254 2095 moribus
1286 2059 1400 2096 effera
1431 2071 1594 2108 semper,

505 2115 690 2161 Martyris
722 2127 810 2161 ergo
842 2126 973 2152 manus
1004 2116 1185 2163 sanguine
1216 2116 1408 2162 polluerit.

380 2198 417 2233 5.
450 2194 651 2231 Praedixit
683 2194 823 2233 Christi
855 2195 921 2231 sed
955 2206 1027 2233 vox
1059 2195 1266 2243 verissima,
1301 2197 1400 2242 quod
1433 2207 1531 2232 1111110

507 2251 685 2289 Cernitur
714 2251 909 2297 impletum
944 2251 1114 2297 pluribus
1148 2262 1229 2288 esse
1261 2253 1375 2289 locis:

450 2307 558 2354 Quod
590 2313 693 2343 terra
723 2309 894 2353 moritur,
929 2307 1157 2344 frumentum
1189 2309 1354 2355 plurima
1385 2307 1533 2346 confert

512 2364 663 2403 Semina
694 2362 932 2411 fructumque
963 2365 1218 2411 multiplicare
1249 2366 1390 2404 studet.

381 2446 417 2482 6.
451 2443 586 2489 Sicque
619 2443 829 2479 sacerdotis
861 2443 1011 2480 Domini
1042 2444 1250 2480 laetissima
1282 2444 1418 2480 crescit

506 2500 641 2538 Paucis
673 2510 716 2536 ex
748 2501 874 2547 granis
906 2500 1151 2547 glorificanda
1183 2511 1302 2546 sege&

451 2557 636 2605 Mortuus,
673 2567 770 2602 ecce,
804 2557 915 2593 modo
948 2557 1162 2603 vivensque,
1196 2558 1343 2594 solebat
1374 2562 1412 2594 ut
1444 2563 1543 2603 ante.

511 2613 701 2649 Lucratur
728 2613 878 2650 Christo
906 2614 1056 2660 agmina
1086 2614 1303 2661 multivaga.

383 2693 418 2730 7.
452 2692 567 2738 Signa
599 2695 747 2728 movent
780 2693 950 2741 populos,
986 2697 1141 2729 cernunt
1174 2694 1361 2741 magnalia
1393 2693 1507 2740 caeci,

510 2749 792 2795 Suram-umque
824 2761 935 2786 sonus
967 2749 1121 2786 auribus
1152 2749 1234 2795 ipse
1266 2754 1383 2795 tonat,

452 2804 671 2841 Morborum
706 2804 849 2852 fugiunt
886 2806 1004 2855 labes,
1036 2805 1141 2842 furor
1172 2807 1308 2852 impius
1338 2807 1412 2843 atri

508 2861 711 2897 Dumnonis
742 2863 891 2899 absistit
921 2862 1098 2909 martyris
1129 2873 1173 2899 ex
1206 2863 1394 2909 precibus.
