1914 3223
172 1621 374 1668 Magister,
406 1621 480 1658 ista
512 1621 558 1658 de
589 1631 700 1658 cruce

174 1679 238 1716 Me
279 1689 388 1715 nemo
418 1677 545 1715 vivum
574 1677 614 1715 in
646 1688 805 1725 corpore

177 1735 321 1772 Yinclis
353 1735 486 1772 solutis
516 1733 679 1783 auferat,

804 145 882 185 113
940 168 972 172 —

107 263 142 301 7.
175 259 238 298 Sic
268 264 309 298 tu
338 258 460 296 libens
490 269 549 296 me
579 259 729 305 suscipe
891 262 955 300 13.
973 260 1102 297 ‚Prius
1133 270 1253 309 meum
1285 271 1397 307 quam
1427 260 1602 306 spiritum

63 332 66 336 ·
173 317 282 354 Illius
314 316 415 353 alma
444 316 648 361 servulum,
989 317 1022 354 E
1054 328 1167 354 carne
1198 321 1348 364 raptum
1368 317 1618 363 assumpseris

174 374 244 420 Qui
275 383 334 409 me
365 373 527 410 redemit
559 382 629 419 per
659 376 760 409 tuam
992 373 1033 410 In
1067 374 1288 420 patriaeque
1319 373 1529 422 moenibus,

173 430 360 476 Magister
390 429 488 466 altus
519 429 689 476 gloriam.
716 463 718 465 ,
994 430 1061 467 Cui
1093 431 1226 475 milito,
1260 430 1457 468 locaveris.

105 524 141 561 8.
175 520 238 558 Sic
269 518 374 558 fatur
404 520 581 557 Andreas
613 518 734 555 crucis
894 521 956 558 14.
993 520 1098 557 Haec
1130 520 1238 565 dixit,
1272 526 1307 556 et
1337 519 1562 558 caelestibus

175 577 316 614 Erecta
345 587 503 613 cernens
535 586 674 613 cornua
990 577 1140 614 Emissa
1171 577 1236 613 lux
1268 588 1287 613 e
1318 577 1471 614 sedibus

174 633 422 680 'l'radensque
454 638 598 670 vestem
628 632 739 668 militi
991 633 1252 672 Circumdedit
1284 632 1531 670 fortissimum

174 691 343 727 Levatur
372 691 411 727 in
444 690 544 727 vitae
574 689 762 727 arborem.
994 690 1137 728 Christi
1169 701 1326 728 corusca
1357 695 1576 738 martyrem.

105 784 143 821 9.
177 781 258 818 Nec
290 785 415 818 cessat
447 781 545 818 altus
579 780 625 817 de
655 790 764 816 cruce
898 782 961 819 15.
996 781 1259 828 Splendorquc
1290 781 1368 818 sole
1401 780 1540 818 clarior

173 839 320 875 Docere
351 837 501 874 turbam
532 837 748 881 astantium,
993 839 1128 876 Coram
1158 838 1346 874 manendo
1376 838 1592 884 plurimum,

174 895 299 932 Vitam
331 904 535 941 perennem
569 904 650 930 cum
683 893 763 931 Deo
993 898 1095 940 Quae
1127 894 1254 941 palma
1286 895 1345 931 vel
1375 904 1471 941 quae
1502 894 1622 941 gloria

177 952 333 999 Polique
361 961 515 998 regnum
546 951 729 998 pandere.
993 952 1154 989 Crucem
1185 956 1374 1000 sequatur,
1409 951 1555 987 edocet.

79 1042 143 1080 10.
174 1043 338 1088 Quorum
369 1040 446 1078 fide
475 1041 550 1079 iam
583 1040 733 1078 fervida
895 1044 958 1081 16.
990 1041 1086 1089 Quin
1118 1042 1167 1078 ad
1199 1041 1277 1088 poli
1308 1052 1394 1078 mox
1427 1042 1531 1079 edita

174 1098 399 1146 Turbaeque
429 1099 544 1136 iudex
576 1099 732 1135 territus
991 1099 1181 1136 Reversus
1212 1098 1280 1135 alti
1311 1098 1489 1145 spiritum

175 1156 223 1193 Se
253 1156 458 1202 pollicetur
487 1155 648 1192 nexibus
992 1155 1124 1192 Secum
1156 1154 1274 1192 refert
1305 1155 1467 1201 apostoli

174 1212 286 1249 Hunc
315 1213 447 1249 mortis
477 1217 584 1249 atrae
615 1212 776 1252 solvere.
992 1212 1113 1249 Nodis
1145 1212 1309 1249 solutum
1341 1212 1524 1258 corporis.

76 1304 140 1342 11.
173 1304 226 1340 At
257 1303 448 1352 Andreas,
482 1303 578 1340 caeli
609 1302 690 1340 vias
893 1304 957 1341 17.
989 1304 1069 1350 Qua
1101 1313 1183 1339 cum
1214 1303 1288 1340 tuis
1319 1302 1498 1340 fidelibus

173 1360 388 1407 Regemque
420 1360 515 1396 caeli
546 1369 590 1397 ac
623 1359 787 1396 dulcium
992 1361 1080 1398 Iesu
1111 1359 1294 1406 triumphi
1326 1359 1495 1396 carmina

174 1417 382 1464 Frequenti
412 1417 486 1453 iam
518 1416 728 1453 concivium
992 1417 1123 1453 Victor
1153 1416 1284 1453 beatus
1316 1417 1457 1453 saeculi

176 1473 341 1511 Caelesti
372 1474 411 1510 in
442 1483 529 1510 arce
561 1477 764 1510 contuens:
992 1473 1171 1510 Gaudens
1202 1473 1239 1509 in
1271 1483 1403 1510 aevum
1427 1478 1618 1520 personat.

76 1564 141 1603 12.
174 1565 271 1607 Iesu.
305 1574 453 1613 precor,
489 1564 599 1613 dixit,
632 1564 728 1601 bone
891 1566 954 1605 18.
988 1564 1068 1610 Qua
1099 1563 1207 1601 nobis
1237 1563 1338 1600 inter
1369 1564 1518 1610 agmina

990 1621 1213 1658 Sublimium
1243 1619 1371 1657 felicia

988 1678 1059 1728 Da,
1094 1677 1271 1727 Christe,¹
1289 1681 1428 1714 sortem
1450 1677 1618 1723 parvulis

991 1735 1163 1782 Hymnos
1193 1734 1264 1770 tibi
1295 1733 1528 1771 canentibus.

152 1835 349 1868 Cassander
376 1835 398 1866 l.
424 1846 451 1866 c.
478 1845 510 1876 p.
537 1832 603 1867 310
625 1845 699 1877 sqq.
724 1851 768 1856 —
795 1833 847 1873 15,
872 1833 892 1866 2
918 1836 1052 1867 Horum
1086 1835 1273 1873 nianeud03
1307 1833 1395 1865 dazu
1421 1844 1475 1865 am
1501 1834 1621 1866 Raude

55 1880 110 1913 die
136 1881 377 1922 Bemerkimg:
408 1881 609 1923 Legendum
642 1880 781 1912 videtur
815 1880 962 1921 „Coram
991 1880 1160 1912 manendo
1186 1879 1394 1922 pluriinum‘*
1422 1880 1477 1911 vel
1506 1881 1619 1921 „Huic

57 1927 275 1959 immanendo
303 1924 524 1968 plurimum&

440 2060 499 2095 91.
534 2060 615 2101 (13.)
650 2060 695 2094 In
723 2060 1038 2095 Resurrectione
1064 2059 1241 2095 Domini.

915 2158 950 2192 4.
984 2155 1090 2191 Mors
1120 2155 1199 2198 illa,
1233 2155 1364 2191 mortis
1395 2153 1522 2201 passio

983 2212 1054 2248 Est
1085 2211 1252 2248 criminis
1284 2211 1469 2255 remissio,

984 2268 1122 2305 Illaesa
1153 2268 1272 2305 virtus
1304 2271 1513 2315 permanet,

985 2325 1114 2362 Victus
1147 2325 1251 2362 dedit
1283 2324 1494 2362 victoriam.

101 2154 136 2193 1.
169 2154 342 2200 Laetare,
377 2155 533 2199 caelum.
567 2155 742 2201 desuper,

169 2211 388 2260 Adplaude,
421 2212 533 2249 tellus
565 2223 609 2249 ac
639 2222 753 2261 mare,

169 2267 799 2316 Christusresurgenspostcrucem

168 2324 295 2362 Vitam
329 2325 433 2362 dedit
465 2325 702 2363 mortalibus.

988 2427 1153 2464 Miretur
1183 2436 1292 2464 omne
1323 2425 1513 2462 saeculum

989 2483 1120 2521 Crucis
1162 2483 1393 2529 triumphum
1422 2482 1616 2530 mysticae,

987 2540 1094 2577 Haec
1124 2540 1231 2586 signa
1264 2539 1509 2585 congruentia

987 2597 1099 2634 Velut
1121 2602 1316 2643 tropaeum
1339 2600 1492 2641 praesto
1517 2600 1616 2635 sunt.

100 2427 138 2464 2.
171 2426 249 2464 Iam
283 2431 431 2473 tempus
463 2432 658 2474 acceptum
687 2427 799 2471 redit.
919 2431 954 2465 5.

169 2483 261 2520 Dies
293 2483 426 2520 salutis
457 2484 636 2531 cernitur,

170 2540 251 2586 Quo
282 2541 442 2577 mundus
474 2541 559 2588 agni
592 2541 773 2588 sanguine

169 2595 333 2634 Refulsit
364 2609 386 2634 a
417 2597 625 2644 nigredine.

100 2697 137 2735 3.
170 2698 273 2736 Crux
306 2709 467 2745 namque
498 2698 755 2735 sacratissima
915 2701 952 2737 6.
986 2696 1615 2744 Solnamque‚magnumluminar,

169 2754 280 2802 Ligni
311 2755 452 2802 prioris
478 2755 637 2792 vulnera

985 2755 1110 2792 Horas
1143 2755 1288 2791 dierum
1321 2763 1533 2800 permeans.

170 2811 213 2848 In
244 2816 354 2858 patre
384 2812 505 2848 nostri
538 2812 690 2848 seminis

989 2811 1078 2848 Viso
1108 2822 1205 2848 novo
1238 2811 1417 2857 mysterio

169 2866 324 2936 §sanavit
356 2868 499 2905 hostem
531 2868 718 2906 saucians.
987 2867 1147 2915 Decepit
1177 2867 1306 2905 orbem
1338 2867 1508 2905 territus,

97 2975 102 2978 ῃ
122 2934 284 2970 Dreves,
310 2936 515 2964 Lateinische
536 2936 802 2970 Hymendichter.
844 2935 898 2964 [x.
1395 2930 1415 2965 8
