2031 3289
985 167 1033 171 —
1093 146 1147 185 40
1205 168 1259 172 —

619 261 656 297 4.
718 258 880 295 Fercula
910 262 1040 295 nostra
1068 258 1188 295 Deum
1219 260 1381 305 sapiant,

718 314 892 352 Christus
922 320 957 350 et
989 313 1119 351 influat
1150 315 1187 351 in
1219 319 1392 363 pateras3

716 370 837 419 Seria,
868 371 1029 417 ludrica,
1062 371 1188 420 verba,
1221 371 1336 416 iocos,

716 426 899 473 Denique,
932 427 1032 473 quod
1063 438 1188 464 sumus
1219 432 1282 464 aut
1313 428 1469 476 agimus,

716 481 833 520 Trina
863 493 1025 530 superne
1055 488 1160 530 regat
1190 484 1324 530 pietas.

619 595 656 634 5.
718 595 789 632 Hic
820 595 911 632 mihi
941 596 1045 632 nulla
1075 606 1182 632 rosae
1213 596 1347 643 spolia,

716 651 853 688 Nullus
883 656 1050 689 aromate
1080 650 1223 699 fragrat
1255 652 1360 702 odor,

717 707 794 745 Sed
824 708 949 754 liquor
978 707 1101 745 influit
1132 708 1354 753 ambrosius,

714 764 1014 811 Nectareamque
1044 763 1157 802 fidem
1190 765 1335 802 redolet

713 821 836 859 Fusus
868 820 914 857 ab
945 831 1062 867 usque
1093 821 1211 868 patris
1242 822 1396 868 gremio.

620 934 657 972 6.
717 933 788 982 Da,
821 933 990 979 locuples
1022 933 1135 982 Deus,
1168 934 1238 970 hoc
1269 932 1418 971 famulis

714 988 801 1026 Rite
831 989 1088 1036 precantibus,
1120 994 1161 1026 ut
1192 991 1295 1027 tenui

713 1045 887 1083 Membra
918 1047 1001 1082 cibo
1034 1052 1204 1084 recreata
1234 1047 1372 1093 levent,

715 1101 798 1138 Neu
827 1103 936 1149 piger
965 1103 1177 1140 immodicis
1210 1103 1370 1150 dapibus

714 1158 870 1195 Viscera
900 1163 1007 1196 tensa
1038 1164 1167 1206 gravet
1199 1160 1427 1197 stomachus.

617 1272 652 1309 7.
712 1272 880 1308 Haustus
911 1283 1060 1309 amarus
1089 1272 1219 1309 abesto
1250 1273 1394 1321 procul,

713 1327 794 1365 Nec
824 1327 941 1365 libeat
971 1329 1140 1376 tetigisse
1171 1340 1283 1366 manu

712 1385 879 1422 Exitiale
909 1385 999 1432 quid
1029 1390 1095 1422 aut
1123 1386 1292 1430 vetitum,

713 1440 852 1479 Gustus
884 1446 919 1478 et
950 1441 1033 1488 ipse
1063 1443 1214 1479 modum
1244 1446 1382 1491 teneat,

712 1496 880 1545 Sospitet.
909 1502 949 1535 ut
979 1499 1084 1535 iecur
1113 1499 1311 1537 incolume.

421 1606 584 1648 Sequent.
609 1619 671 1639 ms.
697 1609 978 1641 Emmeramense
1003 1620 1093 1642 saec.
1122 1607 1172 1641 12.
1190 1611 1275 1642 Clm.
1293 1611 1474 1642 Monaeen.
1496 1607 1613 1641 14845.
1630 1628 1675 1631 —
1691 1607 1722 1647 2,
1746 1609 1761 1642 1
1780 1612 1883 1642 Hinc.

326 1667 372 1673 —
396 1650 427 1688 3,
454 1651 475 1684 4
499 1653 680 1685 imbuerat.
700 1672 744 1677 —
767 1653 798 1692 4,
823 1653 845 1686 4
869 1655 970 1697 quid:
997 1666 1153 1698 agamus.
1171 1673 1213 1677 —
1237 1654 1269 1693 4,
1295 1655 1316 1687 5
1340 1665 1499 1696 superna.
1518 1673 1562 1677 —
1586 1654 1617 1693 5,
1643 1653 1663 1687 2
1688 1656 1820 1698 flagrat.
1839 1673 1883 1677 —-

2008 1767 2013 1800 ἱ

763 1831 821 1868 41.
859 1833 966 1875 (163.)
1001 1833 1148 1869 Versus
1173 1834 1265 1878 post
1292 1833 1444 1869 Cibum.
2008 1805 2013 1865 ι

897 1912 1064 1951 (cathem.
1090 1915 1150 1952 IV,
1177 1912 1307 1954 1—23).
2009 1871 2014 2095 ὲ

2010 2142 2014 2169 ι

535 2028 570 2067 1.
617 2028 742 2065 Pastis
774 2028 980 2066 visceribus
1012 2029 1169 2076 ciboque
1200 2035 1360 2077 sumpto,

617 2086 734 2131 Quem
765 2085 827 2123 lex
858 2086 1028 2132 corporis
1058 2086 1248 2123 imbecilla
1278 2087 1409 2135 poscit,

616 2141 786 2178 Laudem
817 2142 943 2189 lingua
975 2142 1054 2179 Deo
1085 2142 1184 2191 patri
1218 2143 1425 2191 rependat3

532 2267 570 2306 2,
617 2265 734 2310 Patri,
767 2267 827 2313 qui
859 2266 1060 2304 Cherubim
1092 2267 1211 2304 sedile
1242 2278 1388 2304 sacrum

617 2322 697 2359 Nec
728 2334 801 2360 non
831 2328 867 2359 et
899 2323 1097 2370 Seraphim
1128 2334 1235 2361 suum
1266 2335 1440 2370 supremo

617 2378 806 2419 Subnixus
837 2380 931 2416 solio
962 2384 1066 2418 tenet
1095 2381 1277 2427 regitque.

534 2504 571 2541 3.
618 2503 690 2539 Hic
722 2507 789 2549 est,
822 2514 930 2550 quem
962 2503 1127 2541 Sabaoth
1159 2505 1279 2542 Deum
1311 2516 1496 2548 vocamus,

616 2559 768 2605 Expers
800 2560 978 2607 principii
1011 2571 1215 2607 carensque
1246 2560 1329 2608 fine,

617 2616 756 2653 Rerum
788 2616 963 2654 conditor
993 2622 1029 2654 et
1061 2623 1233 2664 repertor
1262 2618 1377 2663 orbis,

531 2742 567 2778 4.
617 2741 718 2778 Fons
751 2741 850 2778 vitae
879 2740 1021 2787 liquida
1053 2740 1172 2778 fluens
1203 2741 1249 2779 ab
1281 2752 1377 2783 arce,

615 2795 767 2834 Infusor
797 2796 897 2847 fidei,
931 2801 1034 2835 sator
1063 2798 1232 2844 pudoris,

616 2852 752 2889 Mortis
785 2854 1030 2901 perdomitor,
1063 2854 1195 2891 salutis
1227 2861 1366 2891 auctor.
