2031 3289
557 296 594 336 3.

539 2195 607 2232 10.

548 2467 612 2505 11.

547 2727 611 2764 12.

890 177 1201 217 ——168—

626 293 742 340 Virgo
773 297 958 338 conceptu
988 290 1210 339 gravidatur
1239 290 1350 339 almo,

629 349 833 395 Coniugum
862 353 988 385 mutae
1018 347 1242 393 sterilesque
1271 345 1391 383 fibrae

628 406 708 443 Iam
738 405 867 453 vigent
898 404 1005 441 donis
1033 403 1143 452 uteri,
1176 402 1380 449 prophetat

816 459 979 498 Carcere
1009 464 1128 497 vates.

633 562 884 610 Splendidam
916 562 1010 599 caeli
1041 561 1204 599 faculam
1237 559 1389 605 dedere,

630 620 754 657 Movit
784 619 960 656 ardorem
991 629 1101 655 sacra
1130 617 1195 654 lux
1227 626 1431 663 magorum,

632 676 826 715 Territant
857 685 1007 712 saevam
1038 685 1135 711 nova
1165 673 1390 711 Iudaeorum

817 731 960 769 Nuntia
989 730 1152 777 plebem.

591 864 599 873 .
635 833 728 871 Sera
758 834 962 880 longaevus
994 832 1144 870 Simeon
1173 831 1340 868 videndo

632 892 733 928 Vota
762 894 838 927 tam
870 890 980 936 longe
1013 889 1118 936 prius
1151 888 1358 935 expetitam

633 947 836 986 Praedicat
869 946 1012 982 cunctis
1041 944 1195 982 Domini
1226 944 1385 981 salutem

820 1002 944 1040 Patris
975 1002 1122 1039 adesse.

638 1106 751 1143 Anna
781 1104 853 1142 iam
886 1108 978 1141 natu
1008 1103 1172 1152 gravior,
1205 1106 1361 1148 repente

634 1161 748 1199 Lucis
779 1165 925 1198 attactu
955 1165 1156 1207 penetrata
1191 1165 1360 1205 sanctae,

634 1218 741 1265 Quod
775 1218 840 1255 diu
870 1217 987 1254 traxit
1016 1217 1224 1254 toleranter
1254 1226 1398 1266 aevum,

820 1274 939 1312 Laeta
970 1273 1130 1322 peregit.

595 1408 604 1418 .
633 1378 847 1424 Martyrum
879 1374 990 1413 flores
1023 1374 1125 1411 ferus
1156 1375 1408 1422 interemptor

635 1434 794 1472 Milibus
824 1433 953 1470 multis
984 1432 1096 1469 avide
1129 1442 1298 1468 cruorem

637 1490 862 1536 Quaeritans
895 1489 1037 1526 Christi
1070 1489 1215 1525 cruciat
1244 1488 1431 1535 malignae

820 1545 979 1593 Frigore
1011 1546 1159 1585 mentis,

596 1678 604 1687 .
637 1649 742 1696 Ergo
772 1658 882 1694 quam
910 1651 1063 1684 nostrae
1095 1650 1208 1693 caput
1238 1645 1402 1693 optionis

634 1705 817 1743 Novimus
847 1704 968 1740 lucem
1000 1703 1192 1740 celebrare
1222 1703 1345 1749 plenis

639 1762 811 1805 Gaudiis,
844 1761 945 1799 omni
976 1761 1194 1796 studeamus
1225 1759 1346 1797 almae

822 1817 933 1855 Pacis
964 1827 1104 1854 amore.

639 1920 776 1958 Editus
807 1930 915 1957 sacro
946 1919 1066 1966 patris
1098 1929 1162 1954 ore
1201 1927 1350 1964 semper

643 1977 810 2024 Virginis
841 1981 945 2013 casta
977 1975 1095 2014 voluit
1126 1974 1195 2012 sub
1226 1975 1312 2012 alvo

641 2035 739 2072 Arta
770 2037 928 2071 naturae
959 2033 1123 2069 tolerare
1153 2029 1276 2068 factor

825 2089 958 2127 Munia
986 2093 1150 2128 nostrae.

639 2193 756 2239 Virgo
787 2196 1002 2240 portantem
1034 2189 1250 2227 veneranda
1282 2194 1421 2236 portat,

644 2250 779 2287 Lactat
808 2249 980 2291 altorem,
1013 2247 1115 2284 vehit
1148 2250 1185 2283 et
1213 2252 1423 2292 parentem,

644 2306 789 2353 Spiritu
820 2315 1032 2352 praegnans
1060 2304 1254 2350 operantis
1283 2303 1322 2340 in
1354 2314 1393 2340 se

827 2361 953 2399 Mater
979 2371 1159 2407 opusque.

645 2464 795 2501 Veritas
826 2468 928 2500 terra
960 2464 1155 2509 pietasque
1187 2465 1274 2498 nata
1306 2465 1375 2503 est,

644 2521 765 2559 Solvit
796 2525 833 2556 et
863 2520 1009 2566 primae
1040 2518 1318 2556 maledictionis

642 2578 804 2626 Damna,
836 2587 906 2623 pro
937 2575 1056 2622 spinis
1087 2574 1311 2621 tribulisque
1343 2572 1506 2610 fructum

828 2633 949 2670 Terra
977 2633 1178 2671 ministrat.

644 2726 808 2763 Fructus
839 2723 899 2760 hic
931 2728 1057 2760 terrae
1087 2722 1192 2768 prius
1224 2733 1245 2759 a
1275 2721 1464 2769 propheta

643 2781 766 2818 Valde
798 2779 969 2817 sublimis
1001 2777 1069 2816 fuit
1102 2778 1304 2827 indicatus,

653 2838 723 2884 Qui
753 2847 883 2884 greges
915 2840 1065 2873 sanctos
1096 2840 1268 2872 saturare
1300 2835 1384 2873 vivo

831 2894 931 2931 Pane
960 2892 1117 2930 valeret.
