2031 3289
1015 199 1094 237 155
1156 223 1203 227 .-

687 314 723 349 9.
757 312 916 348 Perenni
949 312 1110 349 Domino

813 379 952 415 perpes
983 369 1032 406 sit
1061 369 1193 415 gloria,

755 425 813 461 Ex
850 436 922 471 quo
954 429 1053 471 sunt,
1092 435 1161 471 per
1191 435 1299 471 quem
1330 428 1430 472 sunt,

813 481 852 518 in
882 492 953 527 quo
985 484 1072 518 sunt
1102 481 1246 518 omnia:

758 538 816 575 Ex
847 548 920 584 quo
951 542 1050 583 sunt,
1082 542 1193 584 pater
1224 541 1292 583 est,

814 605 883 641 per
913 604 1021 640 quem
1054 598 1152 641 sunt,
1184 594 1297 641 filius,

758 652 801 688 In
833 661 905 696 quo
936 655 1034 697 sunt,
1067 651 1186 697 patris
1218 655 1254 686 et

812 706 880 743 filii
911 707 1078 753 spirituS.

370 785 397 815 B
433 785 490 815 fol.
524 783 607 816 841).
642 804 683 808 —
717 785 743 817 C
776 782 834 816 fol.
865 783 950 817 42a.
985 802 1026 806 —
1063 782 1098 822 1,
1135 783 1150 815 1
1185 785 1286 816 titulo
1312 785 1351 815 B.
1379 804 1418 807 —
1444 783 1482 823 4,
1516 784 1537 815 3
1563 785 1639 816 Hae
1672 787 1749 827 ipsa
1781 786 1836 818 die

279 831 450 861 Dominus
479 832 513 861 Β.
539 847 577 852 —-
601 829 632 869 4,
667 830 688 861 ὅ
713 832 748 861 in
774 841 888 861 aeram
916 831 953 861 Β.
983 848 1024 851 -
1049 828 1079 869 5,
1108 828 1121 860 1
1150 830 1267 861 addite
1292 831 1330 861 B.
1358 848 1396 851 —
1424 828 1455 867 5,
1480 828 1502 861 4
1527 830 1596 862 diei
1621 831 1660 862 B.
1687 849 1728 853 —
1754 830 1785 870 8,
1816 830 1836 863 5

280 876 353 916 Ipsi
378 886 517 917 quoque
543 877 580 907 Β.

759 961 828 999 127.
862 963 943 1006 (17.)
978 962 1032 998 Ad
1057 960 1355 1009 Gonlpletorium.

282 1047 317 1084 1.
350 1046 499 1092 Ubique
529 1046 603 1082 tuis
634 1057 702 1083 nos
1094 1049 1130 1085 3.
1162 1046 1267 1082 Hora
1297 1046 1370 1082 iam
1403 1046 1566 1092 requiem

409 1107 443 1138 et
476 1113 625 1148 semper
654 1102 831 1140 laudibus
1223 1102 1296 1139 diei
1328 1102 1489 1149 septima

353 1159 509 1208 Vaeare,
540 1159 713 1208 Domine,
1166 1159 1361 1205 Completa
1392 1160 1578 1206 poscimus

410 1215 549 1252 debere
580 1216 763 1262 novimus,
1222 1215 1375 1252 laudum
1407 1216 1659 1263 hebdomada,

350 1273 421 1319 Qui
450 1272 533 1310 loca
566 1271 731 1309 fabricas
1166 1272 1224 1309 Tu
1254 1276 1395 1319 nostro,
1428 1272 1601 1322 Domine,

407 1329 514 1366 nobis
545 1333 582 1365 et
612 1333 797 1376 tempora,
1222 1329 1383 1366 benedic
1414 1329 1592 1378 Sabbato,

352 1385 510 1422 Noctem
541 1386 590 1423 ad
621 1386 799 1432 requiem,
1167 1386 1266 1431 Quos
1296 1390 1360 1422 tuo
1391 1389 1543 1432 reparet

408 1443 506 1480 diem
538 1443 587 1480 ad
618 1453 746 1489 opera,
1222 1442 1327 1488 quies
1357 1442 1548 1489 obsequio.
1580 1445 1593 1460 ⁹

281 1523 317 1559 2.
350 1521 399 1557 Et
432 1532 513 1558 cum
544 1533 619 1558 non
651 1520 750 1559 ferat
781 1522 850 1559 1100
1095 1524 1133 1561 4.
1165 1522 1274 1558 Hane
1305 1526 1369 1558 ‘tua¹
1401 1522 1556 1559 dextera

407 1583 536 1615 nostra
567 1577 766 1626 fragilitas‚
1223 1579 1370 1615 domum
1403 1578 1609 1615 sanctificet

353 1635 476 1672 Horas
506 1635 680 1679 instituit,
1164 1635 1212 1671 Et
1244 1635 1552 1671 immanissimum

406 1691 489 1728 fixit
520 1692 680 1739 vigilias,
1222 1692 1365 1728 leonem
1398 1692 1553 1741 religet,

351 1749 404 1786 Ut
433 1749 517 1795 ipsa
546 1749 630 1786 loca
660 1760 728 1785 nos
1164 1747 1300 1785 Somno
1332 1747 1488 1794 pacifico

407 1805 455 1842 nd
486 1806 579 1842 haee
608 1805 848 1851 admoneant,
1221 1805 1275 1840 sic
1307 1816 1442 1851 corpus
1474 1816 1615 1855 recrea,

348 1862 514 1899 Invitent
545 1866 715 1908 tempora
1164 1861 1217 1899 Ut
1245 1861 1283 1897 in
1315 1866 1352 1898 te
1385 1862 1512 1909 vigilet

406 1922 442 1954 et
473 1929 604 1965 segnes
635 1922 806 1965 arguant.
1222 1928 1325 1954 mens
1357 1928 1506 1966 semper
1536 1919 1675 1957 sobria.

685 2001 722 2037 5.
755 1997 917 2035 Perenni
948 1997 1109 2034 Domino

812 2064 949 2101 perpes
980 2054 1029 2091 sit
1059 2054 1191 2101 gloria,

755 2111 815 2149 Ex
845 2121 918 2158 quo
949 2114 1045 2160 sunt,
1080 2121 1148 2157 per
1178 2120 1287 2157 quem
1318 2114 1416 2158 sunt,

812 2168 850 2204 in
881 2178 953 2214 quo
984 2171 1072 2204 sunt
1101 2167 1245 2204 omnia:

756 2225 816 2262 Ex
847 2235 920 2271 quo
951 2228 1048 2271 sunt,
1079 2228 1189 2270 pater
1220 2227 1288 2269 est,

812 2292 882 2328 per
912 2291 1020 2327 quem
1053 2285 1151 2329 sunt,
1183 2280 1294 2326 filius,

756 2339 800 2375 In
830 2349 903 2384 quo
933 2341 1031 2388 sunt,
1065 2337 1185 2384 patris
1215 2341 1253 2373 et

815 2394 883 2431 filii
914 2394 1081 2440 spiritus,

372 2474 399 2504 B
425 2474 481 2505 fol.
507 2471 591 2506 8521.
617 2491 659 2496 —
685 2471 723 2513 2,
760 2471 776 2505 1
803 2469 849 2504 Et
873 2483 949 2504 eum
976 2472 1063 2504 ferat
1087 2482 1157 2504 non
1181 2472 1257 2504 hoe.
1283 2489 1325 2493 -
1349 2470 1388 2509 3,
1421 2469 1443 2503 4
1474 2471 1736 2505 hebdomadam.

792 2605 862 2642 128.
899 2606 978 2649 (18.)
1013 2604 1122 2641 Feria
1147 2604 1322 2641 secunda.

948 2671 1000 2702 Ad
1025 2671 1173 2702 Laudes.

284 2752 318 2790 1.
351 2752 508 2788 Aetates
539 2754 748 2798 temporum
1165 2750 1320 2787 Dierum
1352 2750 1520 2787 novimus

409 2808 602 2854 nostrique
634 2808 802 2856 corporis
1220 2808 1259 2844 in
1290 2807 1361 2845 1100
1390 2807 1591 2852 senarium,

352 2864 476 2901 Divini
510 2875 685 2901 numerus
1164 2865 1215 2901 Et
1245 2874 1310 2900 sex
1342 2866 1484 2901 aetates
1516 2867 1599 2900 sunt

408 2921 625 2968 praesignat
656 2921 794 2968 operis,
1222 2920 1350 2957 mundi
1382 2920 1440 2958 vel
1472 2920 1673 2959 hominum.
