2031 3289
962 173 1156 223 -,334
1213 198 1268 203 —

354 284 390 324 6.
424 281 540 325 Caeli
574 283 617 325 et
648 283 796 326 terrac
829 287 1031 337 dominum,

421 342 650 388 Angelorum
683 347 720 378 et
751 343 939 380 hominum

478 398 575 435 Eum
611 399 648 435 in
680 398 755 436 fide
786 399 896 437 video

426 455 649 501 Patremque
681 465 762 491 esse
792 456 986 503 luminum,

421 510 584 548 Dantem
617 511 782 548 tenebris
813 513 1012 550 terminum

479 568 542 604 Sic
572 569 721 604 intuens
752 579 857 614 spem
889 569 1020 620 habeo,

423 618 473 660 Et
504 624 535 660 si
566 624 599 660 ei
631 636 705 661 non
737 625 843 662 valeo

420 679 583 726 Servire‚
615 680 712 717 sicut
743 681 875 730 debeo,

469 737 524 774 Ob
533 737 713 783 grandem
723 739 857 774 molem
868 738 1077 787 criminum,
1129 775 1133 778 .

419 794 498 839 Quo
519 804 575 830 me
599 796 772 830 vertam?
821 795 930 832 Hunc
952 796 1077 842 timeo,

421 850 680 887 Contremisco
709 853 746 887 et
776 862 909 900 paveo,

478 906 535 943 Ne
566 907 704 944 vindex
737 907 784 944 sit
806 908 1076 954 peccaminum.

376 1086 385 1094 .
420 1055 473 1097 Et
510 1059 598 1105 quia
628 1063 775 1106 patrem
808 1060 964 1098 credere

418 1115 502 1152 Non
535 1116 703 1153 creditur
733 1115 920 1165 sufficere,

475 1171 554 1208 Nec
584 1184 656 1209 non
688 1179 786 1209 esset.
817 1174 964 1220 relatio,

417 1229 479 1265 Atl
511 1229 690 1266 articulos
723 1240 878 1276 vergere

415 1285 480 1321 Me
511 1286 595 1322 volo
627 1291 665 1322 et
696 1291 928 1333 convertere,

472 1342 540 1387 Qui
575 1343 655 1379 dati
685 1347 771 1380 sunt
804 1344 850 1380 dc
879 1344 969 1382 filio.

417 1398 531 1435 Cuius
561 1403 618 1435 est
647 1400 841 1446 generatio

416 1454 478 1492 Sic
509 1455 694 1502 miranda,
727 1457 827 1503 quod
859 1458 955 1494 ratio

472 1512 565 1548 Eam
599 1514 719 1549 nescit
747 1513 973 1563 exprimere,

418 1568 542 1605 Veluti
572 1570 792 1616 vespertilio

417 1627 551 1671 Stupet
582 1626 697 1663 solari
727 1627 849 1672 radio,

472 1681 534 1718 Sic
563 1683 685 1719 nescit
714 1683 767 1720 ibi
799 1694 966 1723 cernere.

373 1834 410 1871 8.
444 1830 492 1872 In
527 1831 667 1874 Iesum
697 1832 914 1876 Christum
943 1837 1070 1885 igitur,

442 1891 530 1928 Mea
561 1891 656 1929 fides
689 1892 877 1940 dirigitur,

496 1948 584 1994 Ipse
614 1952 672 1985 est
701 1951 821 1995 patris
853 1949 966 1996 filius,

443 2003 600 2042 Genitus
633 2009 689 2041 est
720 2010 755 2041 et
787 2006 953 2053 gignitur

440 2061 489 2098 Et
521 2061 622 2108 gigni
652 2072 802 2108 semper
833 2063 1001 2100 creditur

497 2117 601 2155 Sicut
632 2129 654 2154 a
684 2120 762 2156 sole
794 2119 943 2166 radius3

440 2174 504 2210 Nil
535 2175 571 2211 in
603 2180 712 2221 patre
743 2177 928 2224 superius,

439 2231 502 2267 Nil
530 2232 569 2268 in
600 2236 687 2268 nato
718 2231 889 2280 inferius,

496 2289 538 2325 In
570 2293 748 2334 quantum
780 2289 881 2326 Deus
916 2290 1067 2338 dicitur,

437 2345 643 2381 Aeternum
675 2351 732 2382 est
762 2358 867 2382 suum
901 2347 1005 2393 prius

436 2402 716 2448 Aeternumque
746 2404 946 2452 posterius,

493 2457 618 2494 Nullis
649 2460 828 2496 extremis
861 2459 1051 2497 clauditur

392 2633 400 2641 .
435 2601 590 2644 Filium
623 2603 715 2646 cius
750 2605 923 2648 unicum

438 2661 510 2698 Per
542 2663 730 2699 decretum
759 2664 982 2701 catholicum

493 2718 602 2756 Hunc
632 2718 782 2757 affirmo
813 2726 847 2757 et
879 2732 1020 2769 assero,

436 2774 523 2811 Sine
554 2786 626 2822 quo
657 2781 773 2813 totum
807 2777 1004 2823 lubricum,

436 2832 552 2869 Inane
582 2837 618 2869 et
649 2834 849 2871 erraticum

492 2889 541 2927 Et
574 2900 705 2927 carens
731 2901 841 2928 cursu
862 2902 1057 2942 prospero,

1167 719 1230 756 10.

1162 1494 1222 1532 11,

1156 2271 1221 2310 12.

1265 290 1345 327 Sibi
1377 301 1525 329 servum
1557 302 1616 328 me
1647 292 1760 329 offero

1265 346 1373 383 Nunc
1404 352 1451 396 et,
1485 349 1663 395 quamdiu
1693 347 1812 392 fuero,

1311 404 1556 448 Quantumvis
1569 405 1679 442 valde
1691 405 1890 449 modicum,

1264 459 1326 496 Ad
1357 471 1514 507 eumque
1542 471 1600 497 me
1631 460 1832 511 transfero,

1262 517 1566 564 Quandocunque
1597 528 1773 555 erravero

1301 572 1505 619 Tamquam
1517 574 1563 610 ad
1575 574 1701 621 polum
1711 575 1890 612 arcticum

1265 715 1488 758 Dominum
1520 718 1715 760 nostrum
1747 721 1873 758 dicere

1263 775 1372 811 Hunc
1403 787 1470 812 nos
1501 776 1619 813 filium
1652 777 1843 825 dexterae,

1316 832 1386 876 Qui
1420 833 1579 870 dicimur
1608 834 1798 882 catholici,

1266 887 1451 925 Debemus
1483 895 1520 925 et
1547 883 1724 927 attollere

1261 944 1403 990 Mente,
1437 945 1551 982 verbo
1583 951 1619 982 et
1650 957 1764 993 opere

1316 1002 1522 1039 Praeconio
1553 1003 1776 1050 multiplici3

1261 1058 1432 1094 Potestas
1463 1059 1542 1095 eius
1575 1059 1671 1096 deici

1261 1113 1460 1161 Nunquam
1491 1120 1615 1162 potest
1649 1127 1716 1152 nec
1747 1116 1847 1154 effici

1316 1171 1444 1208 Minor
1471 1173 1551 1209 sive
1584 1173 1815 1224 decrescere,

1260 1227 1414 1274 Sibique
1445 1229 1586 1266 debent
1616 1229 1736 1266 subici

1259 1283 1487 1331 Terrigenae
1519 1290 1555 1321 et
1586 1287 1718 1323 caelici

1315 1341 1367 1378 Et,
1395 1340 1566 1379 infernus
1597 1343 1694 1379 hunc
1714 1347 1888 1381 tremere.

1258 1491 1338 1539 Qui
1369 1494 1602 1549 conceptus
1635 1496 1702 1535 est
1733 1501 1840 1534 utero

1258 1551 1457 1597 Virginem,
1489 1557 1531 1588 ut
1561 1563 1700 1601 assero,

1314 1608 1476 1645 illibatis
1506 1608 1728 1655 visceribus,

1257 1664 1369 1701 Cuius
1401 1675 1482 1702 cum
1513 1673 1802 1712 perscrutavero

1255 1721 1425 1767 Modum,
1458 1722 1656 1761 hebetatus
1690 1733 1754 1760 ero

1311 1776 1465 1816 Retusis
1497 1780 1641 1817 cunctis
1671 1780 1862 1828 sensibus3

1254 1835 1337 1871 Hoc
1370 1833 1459 1871 fecit
1490 1836 1611 1882 ruptis
1643 1837 1771 1874 usibus

1253 1891 1305 1928 Et
1335 1892 1670 1930 consuetudinibus

1313 1948 1479 1985 Naturae
1510 1960 1578 1997 pro
1611 1960 1669 1987 me
1699 1951 1850 1998 misero,

1255 2005 1365 2043 Unde
1397 2016 1442 2042 ex
1473 2004 1690 2043 infelicibus

1253 2061 1317 2098 Me
1349 2066 1483 2108 reputo
1516 2063 1739 2109 hominibus,

1311 2118 1348 2156 Si
1380 2118 1471 2156 haec
1501 2119 1640 2156 oblitus
1672 2119 1792 2160 suem.

1256 2268 1316 2310 De
1348 2268 1511 2324 spiritu
1542 2271 1692 2314 sancto
1725 2271 1808 2319 fuit,

1251 2329 1357 2374 Quod
1391 2329 1496 2375 virgo
1527 2329 1647 2366 Deum
1678 2331 1805 2375 genuit

1307 2384 1363 2421 De
1394 2385 1475 2422 Deo
1505 2391 1613 2433 patre
1644 2387 1821 2436 genitum,

1249 2442 1354 2487 Quod
1388 2442 1489 2479 Deus
1518 2453 1648 2480 carnes
1680 2444 1802 2480 induit

1250 2498 1300 2535 Et
1329 2503 1476 2535 uterum
1507 2511 1580 2536 non
1613 2500 1768 2549 horruit,

1305 2555 1410 2591 Licet
1442 2555 1513 2592 sibi
1545 2556 1759 2603 insolitum3

1250 2612 1328 2648 Iter
1360 2610 1428 2648 fuit
1461 2613 1689 2660 incognitum

1248 2668 1296 2704 Et
1329 2672 1485 2705 naturae
1517 2669 1791 2711 absconditum,

1303 2725 1396 2771 Quia
1429 2724 1530 2765 fecit,
1563 2731 1601 2763 ut
1635 2727 1774 2774 voluit;

1250 2781 1336 2817 Plus
1371 2782 1531 2819 scrutari
1564 2787 1618 2819 est
1650 2783 1810 2831 irritum,

1246 2836 1362 2874 Fides
1394 2838 1495 2875 valet
1526 2839 1573 2875 ad
1606 2840 1779 2877 meritum

1301 2894 1349 2931 Et
1389 2895 1472 2943 plus
1505 2896 1604 2933 ultra
1635 2908 1706 2933 non
1739 2897 1875 2945 arguit.
