2031 3289
988 140 1298 180 —450—

6 114 18 134 (i

13 138 24 275 l

7 283 18 370 ff
724 295 806 331 425.
841 296 922 338 (37.)
956 296 1014 330 De
1040 295 1357 331 Annuntiatione
1382 296 1429 331 B.
1457 295 1510 330 M.
1537 295 1584 331 v.

7 377 18 440 {3
380 392 421 430 1.
454 392 484 430 O
516 391 597 428 veri
625 387 775 427 luciferi
1196 391 1236 430 4.
1266 389 1416 427 Morum
1447 400 1592 435 norma,

7 419 25 527 'i
510 448 687 484 lucarnar
717 449 972 495 praegratum,
1327 445 1514 482 Bonitatis
1544 446 1703 493 species,

8 485 24 570 'i'
457 503 530 540 Per
562 503 662 550 quod
691 503 793 539 misit
824 502 1038 548 pneumatis
1265 502 1337 539 Dei
1369 500 1505 548 forma,

8 561 10 571 ¹
508 560 631 596 virtus
667 558 738 595 tibi
767 562 910 608 natum,
1327 558 1517 594 Virtutum
1550 558 1757 606 congeries,

452 617 599 655 Lumen
637 615 758 652 sancti
788 615 944 661 spiritus
1272 614 1377 652 Caeli
1410 615 1538 660 decor,

511 683 593 709 cum
624 676 662 710 te
692 671 921 708 subintravit
1330 670 1486 708 Pietatis
1518 669 1646 719 facies,

457 728 645 766 Gabrielis
678 728 824 775 nuntio,
1271 727 1325 764 Te
1356 737 1455 763 nunc
1484 737 1620 773 precor

511 796 584 832 quo
614 788 652 820 te
683 784 874 833 salutavit,
1324 783 1382 820 Sis
1414 793 1483 830 pro
1515 783 1623 820 nobis
1654 783 1768 822 acies,

384 886 426 924 2.
459 885 620 924 Dicens:
651 886 735 922 Ave
765 885 902 929 Maria,

511 943 616 979 sidus
642 941 757 978 maris
788 941 943 988 clarum,
1201 943 1237 978 5.
1271 941 1363 979 Cum
1393 940 1447 977 nil
1477 944 1590 989 neget
1617 940 1731 989 filius,

15 1030 22 1046 f
455 999 575 1036 Plena
604 998 677 1035 Dei
707 998 841 1045 gratia,
1327 997 1427 1043 quod
1458 1002 1579 1034 mater
1610 1002 1801 1045 precatur,

9 1050 19 1098 ξῖ
510 1059 551 1091 tu
583 1055 745 1102 deposce
777 1065 903 1092 carum
1270 1054 1388 1091 Posce
1418 1054 1518 1090 hunc
1547 1054 1748 1102 propitius,

9 1107 18 1158 ⁴}
454 1111 669 1157 Dominum,
702 1111 764 1158 qui
795 1116 918 1147 tecum
950 1115 1017 1160 est,
1327 1110 1380 1148 Ut
1407 1110 1500 1147 haec
1530 1109 1723 1148 tribuatur

15 1166 22 1211 ς’
512 1172 554 1204 ut
583 1168 702 1215 pellat
733 1178 901 1204 amarum
1274 1167 1359 1204 Vita
1389 1167 1566 1213 perennis
1597 1167 1742 1213 gloriae

10 1220 20 1254 Ὗ
456 1225 665 1262 Benedicta
695 1234 733 1260 es
765 1224 865 1260 inter
1329 1222 1585 1269 Caelestisque
1617 1227 1833 1269 praestatur

14 1265 19 1328 «f
513 1291 629 1328 genus
661 1279 887 1317 feminarum
1270 1280 1412 1316 Luctus
1443 1279 1618 1316 miseriae

10 1332 20 1385 ’ζ
454 1337 506 1375 Et
537 1348 618 1374 cum
647 1332 751 1389 [tuo]
783 1336 872 1386 filio,
1327 1336 1463 1373 Mundi
1496 1336 1582 1373 dum
1615 1335 1789 1383 fugatur.

511 1392 615 1431 fonte
645 1393 865 1440 gratiarum.

387 1498 427 1536 3.
459 1496 574 1543 Ergo,
605 1498 726 1532 mater
757 1495 971 1543 singulam,
1203 1496 1240 1534 6.
1274 1496 1392 1532 Posce
1422 1499 1583 1541 patrem,
1616 1505 1729 1541 posce
1759 1498 1899 1542 natum,

457 1553 572 1599 Virgo
604 1562 754 1598 semper
785 1562 939 1588 manens
969 1551 1056 1588 talis
1273 1552 1392 1588 Posce
1423 1551 1531 1588 nobis
1562 1562 1724 1597 pneuma
1755 1557 1901 1598 gratum

0 1615 21 1649 ξ,
514 1609 605 1646 Post
635 1612 784 1655 partum
816 1612 853 1644 et
883 1613 1006 1656 antea,
1328 1608 1371 1644 In
1403 1613 1572 1644 nostrum
1603 1607 1835 1655 subsidium3

0 1650 21 1694 1¹²
459 1667 580 1704 Tuum
613 1665 819 1711 deprecare
851 1669 977 1701 natum
1273 1664 1414 1701 Nostra
1444 1669 1485 1700 tu
1515 1665 1566 1701 sis
1595 1664 1831 1704 advocatrix,

456 1722 508 1759 Et
537 1722 635 1758 hunc
667 1721 774 1758 nobis
805 1721 946 1767 praebe
968 1725 1117 1768 gratum
1273 1721 1304 1759 Ο
1337 1721 1524 1757 caelorum
1556 1721 1792 1769 imperatrix,

517 1779 592 1815 Per
622 1783 687 1815 tua
718 1777 908 1825 suffragia.
1333 1778 1405 1814 Per
1434 1777 1566 1814 mortis
1597 1777 1837 1824 supplicium.

462 1879 536 1910 Fol.
574 1876 637 1910 136
651 1889 681 1910 a.
708 1896 753 1900 —
779 1879 887 1919 „Item
920 1879 1041 1911 Oratio
1066 1877 1109 1910 de
1134 1879 1410 1910 Annuntiatione
1436 1878 1560 1910 beatae
1584 1878 1719 1910 Mariae
1744 1875 1932 1919 Virginis.“

373 1941 416 1946 -
442 1922 472 1962 2,
499 1924 518 1956 6
547 1925 592 1956 Ut
617 1924 725 1966 pellat
750 1925 862 1955 scelus
888 1934 1055 1955 amarum.

792 2091 873 2128 426.
910 2092 990 2136 (38.)
1024 2093 1081 2127 De
1108 2091 1248 2128 sancto
1276 2091 1521 2127 Katharina.

394 2187 431 2225 1.
464 2186 568 2224 Sicut
599 2198 685 2223 rosa
716 2186 796 2222 sine
828 2186 950 2236 spina,
1208 2189 1244 2225 3.
1278 2186 1353 2223 Sed
1385 2190 1490 2223 tanta
1520 2189 1644 2222 mente
1676 2185 1887 2232 praecellit,

462 2243 524 2280 Sic
554 2241 705 2279 refulsit
736 2243 948 2280 Katherina
1275 2244 1421 2289 Agmen
1454 2243 1720 2289 magistrorum
1751 2242 1861 2289 pellit

519 2299 668 2337 Genere
698 2299 906 2346 gentilium,
1334 2300 1567 2346 Argumento
1603 2298 1732 2346 lepido

463 2357 559 2394 Fani
591 2356 700 2402 liquit
733 2356 934 2393 simulacra
1278 2355 1329 2393 Et
1359 2356 1398 2392 in
1428 2356 1525 2392 viam
1559 2355 1663 2392 ducit
1694 2359 1848 2399 rectam,
1891 2402 1893 2405 ι

463 2412 515 2449 Et
546 2423 710 2458 superna
741 2413 837 2458 petit
867 2423 976 2450 sacra
1279 2413 1330 2451 Ut
1364 2411 1477 2448 vitam
1510 2415 1632 2449 sumat
1664 2410 1873 2458 perfectam

521 2469 645 2506 Nacta
676 2469 746 2505 Dei
778 2468 907 2506 filium.
1334 2468 1490 2515 Absque
1522 2468 1637 2505 corde
1669 2469 1812 2515 tepido.

396 2572 435 2609 2.
466 2570 572 2607 Haec
602 2570 808 2607 minervam
840 2571 1078 2619 sacramenti,
1209 2572 1246 2608 4.
1279 2569 1567 2616 Quinquagenos
1598 2574 1766 2607 oratores

466 2625 707 2673 septiformis
740 2627 954 2663 documenti
1280 2626 1401 2663 Docet
1431 2626 1480 2662 ad
1511 2626 1725 2672 superiores

521 2683 695 2729 Suscepit
728 2683 908 2720 divinitus
1338 2682 1531 2719 Proficisci
1563 2693 1712 2728 cuneOS‚

465 2739 515 2776 Et
546 2739 690 2776 imbuta
722 2739 838 2776 verbo
870 2739 963 2787 legis
1281 2741 1378 2786 Quos
1410 2739 1516 2786 virgo
1546 2739 1584 2775 in
1616 2738 1800 2786 martyrio

467 2797 652 2832 Maxentii
685 2796 787 2833 dicta
822 2797 921 2843 regis
1281 2796 1506 2842 Summoque
1538 2806 1618 2832 cum
1651 2795 1820 2842 tripudio

552 2853 637 2889 Non
670 2852 847 2889 fornstdat
880 2852 1042 2899 penitus.
1338 2852 1400 2888 Sic
1431 2851 1632 2890 comitatur
1664 2862 1738 2889 eos.
