2031 3289
871 167 1181 208 —246—

561 335 642 371 186.
680 335 737 376 (3.)
771 335 919 371 Versus
945 334 995 369 ad
1019 342 1155 377 regem
1180 334 1489 379 suscipiendum.

562 430 596 467 1.
644 430 921 474 Imperatorum
953 427 1126 473 genimen
1155 431 1364 475 potentum,

640 485 768 522 Macte
799 494 999 530 regnorum
1030 484 1198 521 novitate
1228 485 1336 530 mira,

639 542 797 587 Semper
826 539 990 586 antiquis
1022 538 1174 577 famulis
1204 540 1366 588 benigne

775 597 870 643 Rex,
900 596 1092 635 miserere.

556 702 594 738 2.
640 698 828 736 Franciae
858 708 965 745 reges
997 698 1162 734 micuere
1192 702 1322 745 patres

638 755 792 801 Fulgidi
823 754 922 801 regis
953 754 1089 791 Karoli
1118 764 1187 800 per
1217 754 1359 802 orbem,

640 811 721 849 Nec
751 812 873 847 minus
904 814 1044 847 matres
1074 811 1288 849 Alemanna
1318 810 1432 849 tellus

772 867 882 905 Misit
912 867 1087 904 honoras

553 972 590 1008 3.
636 969 711 1006 Hic
744 969 887 1018 domus,
921 969 993 1005 hac
1023 971 1081 1004 est
1111 968 1237 1014 patria
1269 972 1420 1005 creatus

637 1025 782 1062 Fautor
812 1025 988 1063 Otmarus
1018 1024 1242 1061 benedictus
1274 1024 1385 1071 abba,

642 1082 777 1120 Gallus
810 1092 855 1118 ex
888 1081 1027 1119 Scottis
1059 1080 1214 1118 veniens
1246 1081 1375 1118 beavit

772 1138 906 1176 Omnia
937 1141 1079 1176 nostra.

552 1243 588 1279 4.
640 1240 831 1277 Barbaros
862 1243 1010 1276 terrens
1042 1239 1218 1287 proprios
1250 1237 1391 1284 foveto,
1987 1191 1993 1313 Ι

639 1297 731 1335 Cum
763 1296 897 1343 quibus
929 1306 1058 1333 omnes
1089 1295 1257 1333 Orientis
1287 1299 1402 1342 artes,

639 1354 758 1391 Immo
789 1353 966 1399 quadrati
997 1352 1198 1399 superabis
1228 1352 1311 1390 arvi
1986 1320 1993 1385 1

775 1409 929 1447 Summa
959 1409 1019 1447 vel
1051 1410 1138 1447 ima.
1986 1386 1992 1597 Ι

1986 1670 1991 1874 ἓ

1986 1952 1990 2020 !

1986 2073 1990 2158 ἰ

553 1515 590 1550 5.
639 1512 736 1549 Iuris
767 1515 804 1548 et
835 1511 941 1558 pacis
972 1511 1191 1548 moderator
1221 1520 1375 1557 aequus,

638 1569 883 1617 Temperans,
917 1566 1026 1604 fortis
1058 1567 1185 1614 vigeas
1217 1577 1287 1613 per
1317 1577 1426 1603 omne

637 1625 802 1672 Tempus
835 1625 896 1661 hic
927 1624 1081 1671 degens,
1115 1634 1230 1670 super
1260 1626 1365 1660 astra
1395 1623 1489 1660 caeli

770 1682 870 1719 Hinc
901 1680 1088 1718 abiturus.

337 1782 482 1814 Collect.
511 1793 571 1814 mS.
599 1782 827 1825 Sangallense
854 1792 943 1813 saec.
973 1779 1005 1813 9.
1054 1781 1136 1813 Cod.
1164 1780 1365 1823 Sangallen.
1391 1777 1468 1812 889.
1493 1779 1534 1811 Α.
1552 1797 1596 1801 *—
1619 1780 1723 1821 Trop.
1751 1789 1812 1810 ωε.

250 1828 479 1868 Sangallense
514 1838 603 1860 saec.
633 1826 684 1860 10.
735 1825 818 1860 cod.
845 1824 1045 1869 Sangallen.
1071 1824 1149 1858 381.
1174 1827 1213 1857 B.
1239 1842 1283 1847 ——
1314 1827 1420 1866 „Item
1445 1825 1487 1857 de
1513 1835 1580 1866 quo
1607 1823 1744 1867 supra“.
1771 1843 1813 1847 —-

252 1874 331 1913 „Sie
370 1872 505 1905 scheint
537 1874 796 1905 VValdrammus
833 1883 910 1904 zum
942 1872 1123 1904 Verfasser
1157 1882 1199 1903 zu
1230 1871 1362 1908 haben,
1399 1871 1523 1902 dessen
1556 1872 1688 1902 Namen
1723 1871 1814 1902 beim

250 1918 479 1950 unmittelbar
526 1919 834 1960 vorhergehenden
875 1916 1043 1950 Gedichte
1091 1918 1127 1948 in
1175 1916 1235 1948 der
1275 1916 1503 1948 Handschrift
1542 1919 1696 1958 genannt
1736 1913 1812 1947 ist.“

250 1960 444 2005 Schuliger‚
480 1964 735 2006 sangersohule
769 1964 802 1995 S.
830 1961 884 1994 32.
917 1966 988 1995 not.
1012 1961 1044 1994 2.
1091 1963 1216 1994 Dieser
1240 1962 1359 1994 Grund
1393 1962 1515 2002 besagt
1544 1961 1669 1992 nichts.
1719 1961 1814 1992 Auch

250 2009 397 2041 Scherer
422 2009 494 2052 legt
520 2011 566 2041 im
587 2009 1081 2042 Handschriftenverzeichnis
1105 2018 1175 2039 von
1201 2008 1250 2040 St.
1276 2008 1402 2040 Gallen
1434 2007 1496 2038 das
1521 2007 1670 2039 Gedicht
1694 2006 1814 2038 Wald-
1839 2018 1842 2020 ’

250 2065 358 2085 rainm
386 2055 458 2095 bei3
485 2055 573 2086 doch
598 2056 645 2087 ist
669 2056 745 2086 sein
769 2054 952 2096 Anspruch
980 2053 1200 2085 zweifelhaft.

639 2210 719 2246 187.
755 2210 814 2254 (4.)
851 2210 1002 2246 Versus
1028 2210 1078 2245 ad
1103 2208 1427 2244 Processionem.

419 2305 466 2343 R.
515 2304 622 2341 Votis
653 2304 889 2351 supplicibus
921 2314 1031 2341 voces
1063 2313 1178 2350 super
1206 2307 1311 2340 astra
1342 2300 1520 2348 feramus,
1836 2303 1839 2306 ⁴
1985 2321 1988 2339 ι

563 2361 701 2398 Trinus
732 2365 774 2398 ut
805 2365 843 2398 et
873 2361 1034 2407 simplex
1066 2371 1133 2397 nos
1165 2362 1271 2406 regat
1302 2359 1553 2405 omnipotens.
1984 2349 1988 2363 ⁴

298 2453 314 2488 1
367 2451 504 2488 Sancte
535 2455 656 2499 pater,
688 2451 776 2488 iuva
806 2462 886 2499 nos,
1116 2452 1153 2488 3.
1186 2449 1360 2487 Summae
1391 2449 1494 2486 sedis
1525 2448 1708 2498 minister,

365 2507 503 2545 Sancte
534 2506 601 2556 fili,
635 2508 741 2545 salva
772 2519 852 2553 nos⁷
1184 2507 1273 2552 Quis
1303 2509 1343 2543 ut
1372 2505 1489 2550 Deus,
1521 2504 1700 2554 Michael,

366 2564 530 2610 Compar
560 2564 619 2600 his
650 2568 687 2601 et
718 2565 890 2611 spiritus,
1187 2564 1278 2601 Cum
1310 2562 1484 2609 supernis
1517 2561 1661 2599 civibus

366 2620 501 2669 Ungue
532 2632 598 2658 nos
630 2620 870 2659 intrinsecus,
1185 2618 1244 2656 Sis
1276 2619 1384 2656 nobis
1415 2618 1616 2665 propitius.

299 2714 335 2751 2.
371 2711 509 2748 Sancta
540 2712 645 2758 virgo
675 2711 874 2758 virginum,
1115 2713 1152 2750 4.
1186 2711 1328 2747 Praeeo
1359 2709 1503 2747 Christi
1535 2708 1733 2756 Iohannes,

368 2768 487 2805 Stella
517 2768 643 2812 maris,
677 2768 814 2815 Maria,
1184 2767 1286 2815 Agni
1318 2765 1388 2803 Dei
1420 2769 1606 2813 ostensor,

367 2824 424 2860 Tu
455 2835 525 2870 pro
556 2824 665 2861 nobis
696 2824 814 2862 filium
1185 2822 1452 2869 Redemptoris
1484 2821 1651 2867 baptista

367 2880 453 2927 Ora,
486 2880 676 2918 Christum
708 2881 921 2921 Dominum.
1183 2880 1240 2916 Tu
1272 2890 1339 2916 nos
1372 2879 1452 2916 Deo
1483 2877 1714 2914 commenda.
