2031 3289
344 349 409 388 14.

341 809 406 848 15.

342 1610 408 1648 17.

335 2322 400 2362 18.

950 232 1259 272 —396—

440 347 652 394 Seoeaqiwta
682 350 772 384 sumt
801 346 968 396 reyinae,

437 403 636 449 Octoqinta
670 402 905 440 concubinae

495 459 547 497 Et
576 458 950 496 adulescentularum

437 517 530 554 Non
559 518 612 552 est
641 526 825 553 numerus
858 515 917 551 vel
949 515 1029 551 sine

438 571 720 611 Numerationis
751 570 826 608 fine

494 629 565 666 Est
597 627 798 664 multitudo
830 638 972 672 earum,

1254 347 1355 392 Quae
1386 346 1454 382 tibi
1488 347 1745 382 continuarum

1253 404 1379 449 Agunt
1411 403 1542 440 laudes
1573 402 1776 448 gratiarum

1310 458 1464 505 Absque
1494 458 1657 505 tegmine
1689 458 1867 505 cortinae,

1254 514 1454 551 Dicentes:
1487 519 1528 551 tu
1557 514 1763 551 animarum

1255 570 1498 608 Dominatrix
1531 581 1569 607 es
1602 574 1835 619 cunctarum,

1313 627 1401 664 Sola
1431 632 1562 664 tenens
1592 627 1650 663 ius
1682 626 1845 674 reginae.

809 728 1047 766 Christus
1087 727 1148 765 ad
1185 728 1405 774 angelos,

441 809 532 847 Una
563 810 615 844 est
644 818 730 843 mea
755 807 938 855 perfecta,

440 864 628 903 Columba
657 875 743 899 'mea
775 863 915 899 dilecta

498 921 664 966 Unaque
694 923 748 956 est
777 919 893 956 mam·
923 929 1017 956 suae

439 977 649 1023 Singularis
681 979 718 1012 et
749 976 875 1022 electa,

440 1033 556 1070 Nulla
586 1043 757 1070 sororum
788 1033 962 1078 inspecta

497 1090 556 1126 Ita
586 1101 606 1125 a
639 1099 696 1125 me
727 1089 955 1138 praecipue3

440 1145 536 1182 Nam
568 1146 657 1181 licet
689 1145 785 1181 aliae
818 1145 914 1182 duae

437 1203 607 1240 Fuerunt
640 1202 859 1248 praedictae
888 1211 984 1238 suae

495 1257 700 1307 Genetriei,
734 1258 827 1295 haec
857 1257 1006 1294 obiecta

439 1315 536 1353 Mihi
568 1325 642 1351 non
673 1325 918 1360 supervacue,

441 1372 690 1409 Considerata
723 1381 897 1418 congrue,

498 1428 622 1475 Magis
655 1428 808 1474 placens
840 1432 897 1464 est
927 1426 1072 1467 effecta.

1160 807 1224 844 16.
1256 806 1384 843 Filiae
1413 806 1536 843 Adam
1570 806 1745 843 viderunt

1254 861 1372 899 Illam
1408 866 1441 900 et
1462 863 1788 909 praedicaverunt

1312 919 1537 956 Cunctarum
1570 918 1845 965 beatissimam,

1256 975 1502 1012 concubinae
1531 975 1788 1012 laudaverunt

1253 1031 1305 1069 Et
1335 1031 1490 1078 reyimte
1520 1035 1721 1068 tenuerunt

1311 1088 1415 1125 Eam
1446 1087 1820 1135 excellentissimam3

1253 1144 1374 1187 Beati,
1406 1145 1468 1191 qui
1500 1144 1707 1191 piissimam

1254 1201 1305 1238 Et
1335 1200 1729 1238 misericordissimam

1302 1258 1411 1294 Hanc
1423 1257 1557 1294 devote
1568 1261 1692 1293 mente
1701 1260 1888 1304 quaerunt
1926 1267 1930 1271 ’

1255 1314 1316 1362 Et,
1351 1315 1412 1360 qui
1444 1325 1547 1350 suam
1580 1314 1839 1359 dignissimam

1257 1370 1425 1408 Gloriam
1458 1375 1494 1406 et
1525 1370 1813 1417 grandissimam

1315 1427 1576 1464 Praedicando
1586 1427 1726 1464 mundo
1739 1425 1884 1478 ferunt-l

688 1529 811 1566 Filii
851 1529 1002 1566 Adam
1045 1529 1102 1566 de
1141 1533 1242 1566 ortu
1281 1529 1513 1576 virginis,

438 1609 509 1656 Qui
540 1609 708 1645 tenebris
740 1608 963 1657 habitamus,

437 1666 544 1714 Quae
573 1668 627 1702 est
657 1665 745 1712 ista,
777 1666 1002 1711 ignoramus,

493 1723 599 1770 Quae
615 1732 846 1768 consumens
858 1721 1130 1770 proyreditur,·

437 1779 628 1825 Optimum
661 1782 731 1825 est,
763 1779 861 1824 quod
894 1778 1069 1824 sciamus,

437 1836 540 1880 Quae
571 1835 620 1871 sit
650 1835 729 1883 illa,
760 1839 797 1870 et
829 1834 1030 1879 discamus,

492 1891 576 1939 Vel,
603 1892 632 1928 si
661 1891 797 1928 bonum
819 1891 906 1927 hinc
927 1892 1068 1940 oritur;

436 1948 557 1996 Quasi
589 1959 735 1984 aurora
767 1948 933 1984 cernitur

436 2005 672 2051 Consurgere
704 2008 740 2040 et
771 2004 953 2052 creditur,

489 2061 597 2107 Quod
630 2071 699 2107 per
727 2071 808 2097 eam
838 2060 1042 2097 evadamus

435 2117 593 2154 Noctem
613 2121 794 2163 nostram,
813 2127 909 2164 quae
928 2117 1067 2154 dicitur

434 2174 647 2216 Peccatum,
677 2178 712 2209 et
746 2174 988 2224 dignoscitur,

489 2230 529 2268 Si
565 2230 687 2268 eidem
719 2241 971 2270 occurramus,

431 2320 601 2358 Pulchra
631 2323 672 2357 ut
703 2319 798 2356 luna
830 2320 991 2357 lustrata

432 2377 519 2415 Sole
550 2381 586 2413 et
617 2377 835 2413 illuminata

489 2434 531 2470 In
564 2445 629 2469 suo
661 2433 882 2479 plenilunio,

431 2491 656 2528 Nullatenus
688 2490 871 2535 eclipsata

433 2547 516 2584 Nisi
549 2551 651 2583 terra
682 2546 848 2583 mediata

489 2603 668 2640 Retracto
699 2602 789 2639 solis
822 2602 941 2649 radio,

432 2659 559 2698 Posito
592 2669 750 2705 namque
781 2658 859 2695 filio

430 2717 472 2753 In
506 2715 641 2762 capitis
673 2714 833 2752 confinio

491 2773 576 2818 lpsa
608 2772 802 2818 caudaque
832 2771 955 2808 locata

430 2828 615 2866 Draconis
647 2827 844 2874 eclipsatio

428 2886 521 2922 Eius
553 2884 605 2932 fit,
646 2895 726 2921 cum
757 2885 793 2921 in
826 2883 949 2921 medio

487 2941 605 2979 Terra
637 2941 798 2978 humana
829 2945 885 2977 est
916 2940 1015 2978 data.

1159 1609 1223 1648 19.
1255 1607 1389 1645 Electa
1419 1611 1461 1645 ut
1489 1607 1547 1646 sol
1579 1608 1720 1644 electus

1252 1665 1302 1702 Et
1333 1676 1399 1701 sua
1429 1664 1529 1701 nube
1561 1664 1730 1701 detectus

1313 1722 1515 1758 Stellarum
1547 1726 1604 1757 est
1635 1720 1857 1770 clarissima,

1255 1778 1339 1815 Non
1372 1782 1429 1813 est
1459 1778 1613 1824 planeta
1643 1775 1835 1824 perfectus

1253 1834 1512 1882 Retrogradus
1542 1834 1600 1870 vel
1633 1834 1798 1871 directus

1309 1891 1414 1928 Sicut
1444 1898 1499 1927 est
1531 1889 1829 1939 perfectissima;

1252 1947 1340 1984 Sola
1370 1939 1470 1984 lucet
1500 1947 1749 1996 sanctissima,

1251 2004 1340 2041 Sola
1370 2004 1545 2050 splendet
1576 2003 1840 2054 mundissima,

1307 2060 1407 2108 Sola,
1440 2060 1544 2097 cuius
1575 2063 1629 2096 est
1661 2063 1808 2098 erectus

1248 2116 1416 2154 Affectus
1447 2117 1495 2153 ad
1527 2117 1711 2154 altissima

1249 2174 1403 2212 Secreta
1436 2174 1505 2210 Dei
1536 2174 1712 2222 maxima,

1305 2231 1408 2276 Quae
1420 2230 1491 2266 sibi
1505 2234 1689 2267 monstrat
1701 2230 1874 2270 dilectus.

1150 2320 1215 2361 20.
1246 2319 1446 2357 Terribilis
1476 2324 1519 2356 ut
1550 2323 1756 2370 castorum,

1244 2376 1359 2414 Acies
1390 2381 1427 2412 et
1456 2381 1685 2414 armatorum

1304 2433 1446 2470 Contra
1476 2433 1603 2470 hostes
1635 2432 1831 2475 ordinata,

1247 2490 1404 2536 Semper
1434 2494 1492 2526 est
1522 2489 1835 2536 archangelorum

1248 2547 1297 2584 Et
1330 2546 1492 2583 omnium
1526 2546 1720 2582 beatorum

1305 2603 1493 2640 Comitiva
1523 2602 1678 2646 sociata,

1247 2660 1369 2696 Tanta
1404 2659 1543 2696 virtute
1575 2659 1728 2702 vallata,

1246 2716 1352 2762 Quod
1390 2715 1489 2752 bella
1519 2715 1591 2751 sibi
1621 2719 1754 2762 parata

1305 2771 1436 2809 Sciant
1468 2772 1593 2808 hostes
1625 2770 1847 2808 famulorum

1248 2828 1423 2874 Suorum,
1456 2839 1536 2865 cum
1569 2828 1742 2865 invocata

1246 2885 1382 2923 Fuerit.
1413 2885 1472 2921 vel
1504 2889 1722 2931 exspectata

1303 2941 1365 2979 Ad
1399 2941 1533 2978 durum
1565 2950 1690 2978 casum
1721 2951 1862 2979 eorum.
