2031 3289
850 201 1157 243 —474—

245 316 274 349 7.
311 318 365 349 Da
392 318 550 349 timorem
576 321 611 348 et
632 327 784 349 amorem
1058 312 1090 346 9.
1126 314 1232 346 Illum
1256 316 1348 358 regis
1374 318 1409 347 et
1435 316 1588 358 protegis

355 363 421 394 Dei
446 361 542 401 mihi,
567 362 717 399 domina,
1170 359 1202 391 A
1227 362 1361 392 cunctis
1385 361 1600 399 criminibus,

311 408 365 439 Da
390 407 556 439 honorem
582 412 615 439 et
639 407 798 438 decorem
1127 405 1176 438 Ut
1199 405 1237 436 in
1264 406 1370 437 caelis
1397 415 1458 447 per
1481 409 1516 437 te
1539 405 1625 437 felix

356 452 404 484 Et
427 452 567 484 devinci
591 453 747 484 crimina.
1174 451 1342 483 Laetetur
1365 461 1441 482 cum
1467 451 1616 483 civibus.

243 528 274 564 8.
310 532 359 563 Te
383 531 568 563 laudantes
593 535 628 563 et
651 533 808 562 amantes
1040 528 1091 563 10.
1131 531 1234 563 Cives
1260 530 1349 562 caeli
1374 541 1450 561 cum
1475 529 1569 562 fideli

356 577 435 608 Non
460 580 607 618 possunt
630 575 785 615 deficere,
1172 575 1280 608 Plebe
1305 575 1450 607 laudant
1472 576 1632 614 Mariam,

309 621 359 654 Te
383 621 527 653 laudare
552 625 586 653 et
609 631 725 652 amare
1127 621 1275 652 Matrem
1301 619 1442 658 Christi,
1468 629 1558 662 quae
1583 621 1642 652 dat
1667 621 1728 652 isti

357 666 424 698 Est
448 677 524 698 cum
551 667 690 699 Christo
718 667 848 697 vivere.
1173 665 1305 697 Mundo
1331 666 1420 697 caeli
1444 665 1603 707 gloriam.

314 744 382 777 Str.
411 742 449 777 11
476 745 547 777 und
574 742 616 776 12
641 745 718 776 sind
745 744 813 777 Str.
838 741 860 776 3
883 744 954 776 und
977 742 1000 776 4
1024 754 1086 776 aus
1110 743 1305 785 Rhythmus
1330 745 1395 776 ΙΙΙ.

225 810 276 846 13.
315 814 393 845 Lux
417 813 604 851 caelorum,
630 823 708 854 spes
734 812 923 854 lapsorum,
1040 808 1093 843 23.
1130 812 1321 844 Benedicta
1346 813 1421 844 eius
1445 813 1519 844 vita

360 859 467 900 Virgo
494 869 626 890 morum
651 859 806 899 praevia,
1176 858 1259 889 Fuit
1282 859 1332 888 ita
1359 858 1488 895 sobria,

313 902 342 934 O
368 903 511 939 lucerna
535 904 758 944 sempiterna,
1130 903 1180 935 Ut
1203 903 1343 934 virtutis
1369 906 1402 934 et
1426 903 1550 934 salutis

356 949 424 980 Dei
449 948 553 990 plena
576 949 700 990 gratia.
1175 948 1281 980 Esset
1305 949 1439 979 cunctis
1466 949 1618 990 praevia.

225 1027 276 1061 14.
313 1028 342 1060 Ο
367 1028 504 1066 deeora,
529 1028 615 1060 doce
640 1037 711 1065 ora,
1037 1012 1093 1059 24.
1131 1026 1307 1059 Generosa
1332 1030 1367 1059 et
1390 1027 1542 1059 formosa

359 1074 454 1105 Doce
479 1073 584 1105 corda
608 1074 738 1111 nescia,
1173 1073 1282 1114 Virgo
1308 1083 1388 1104 rosa
1412 1072 1596 1111 Nazareth,

313 1115 388 1151 Nec
413 1120 460 1150 sit
486 1118 568 1150 vilis
594 1118 679 1150 haec
704 1118 836 1150 textilis
1130 1118 1229 1159 Roga
1253 1121 1384 1155 natum,
1410 1121 1448 1149 ut
1473 1118 1612 1150 beatum

358 1165 430 1196 Mei
455 1164 526 1196 oris
551 1163 677 1196 hostia.
1174 1163 1284 1195 Nobis
1311 1166 1438 1194 statum
1464 1167 1612 1205 reparet.

226 1243 276 1276 15.
313 1245 381 1276 His
406 1244 568 1285 loquelis,
593 1243 648 1274 his
673 1241 825 1284 querelis
1040 1238 1094 1273 25.
1131 1241 1204 1274 Nos
1229 1242 1396 1283 guberna,
1422 1241 1482 1273 lux
1508 1252 1670 1284 superna,

359 1290 469 1321 Aures
496 1288 585 1320 velis
610 1288 758 1327 flectere,
1177 1287 1330 1328 Lampas
1355 1287 1460 1328 plena
1484 1287 1632 1326 Iericho,

313 1335 361 1367 Et
385 1334 545 1366 affectum
571 1336 604 1365 et
628 1336 804 1375 aspectum
1131 1332 1365 1374 Impinguata,
1392 1332 1568 1364 illustrata

360 1380 413 1412 Ad
438 1390 501 1411 nos
527 1382 659 1411 rectum
685 1378 821 1410 ducere.
1178 1377 1327 1409 Lumine
1354 1377 1545 1419 seraphico.

227 1457 278 1492 16.
316 1460 543 1493 Columbinos
569 1462 603 1491 et
627 1459 796 1500 benignos
1043 1454 1098 1489 26.
1134 1456 1163 1488 O
1188 1458 1314 1495 Maria,
1339 1456 1524 1498 prophetia

360 1505 387 1536 F
389 1505 520 1537 lectens
546 1504 590 1536 ad
613 1514 677 1535 nos
703 1504 835 1542 oculos,
1179 1502 1209 1533 A
1234 1506 1267 1534 te
1292 1502 1386 1534 dicta
1409 1503 1552 1545 geritur,

315 1550 412 1582 Tuae
435 1550 532 1582 laudi
558 1550 668 1581 laetos
694 1548 786 1587 audi,
1134 1547 1200 1579 Est
1224 1551 1399 1589 prostrata
1423 1557 1508 1589 gens
1534 1548 1638 1586 elata,

363 1597 435 1628 Nos
460 1595 595 1627 custodi
622 1594 771 1626 sedulos.
1178 1593 1318 1634 Pauper
1343 1596 1446 1624 aucta
1469 1594 1631 1625 cernitur.

228 1673 279 1707 17.
306 1675 458 1716 Primum
484 1674 622 1716 quidem
649 1684 744 1715 spem
770 1676 804 1705 et
827 1672 928 1705 fidem
1042 1669 1096 1704 27.
1136 1671 1255 1704 Fidem
1282 1681 1380 1714 auge,
1407 1672 1541 1704 hostem
1566 1682 1691 1714 punge,

361 1721 432 1752 Des
458 1723 492 1751 et
516 1719 608 1751 idem
634 1728 766 1760 sapere,
1178 1717 1314 1759 Regina
1338 1717 1538 1755 Ierusalem,

317 1765 384 1807 Spe
409 1774 575 1807 pugnare,
600 1764 666 1795 fide
691 1768 792 1800 stare,
1134 1762 1250 1794 David
1275 1772 1425 1803 germen,
1451 1763 1556 1794 Iacob
1582 1772 1715 1800 semen,

364 1811 518 1843 Caritate
543 1820 690 1841 currere.
1175 1808 1308 1839 Vivens
1333 1807 1450 1839 lumen
1474 1807 1689 1840 Bethlehem.

228 1886 279 1921 18.
315 1891 368 1922 Ab
395 1890 516 1931 ignitis
542 1900 595 1921 me
621 1889 770 1931 sagittis,
1045 1885 1100 1919 28.
1139 1887 1224 1920 Sion
1251 1888 1366 1925 turris,
1392 1897 1481 1928 quae
1507 1888 1671 1925 occurris,

362 1936 470 1977 Virgo
497 1935 603 1973 mitis,
629 1935 751 1971 exime,
1182 1933 1306 1964 Iuncta
1330 1934 1437 1964 muris
1462 1933 1583 1970 Israel,

318 1981 347 2012 A
373 1981 505 2012 catenis
531 1984 565 2011 et
588 1980 743 2017 venenis,
1138 1978 1203 2010 Cui
1228 1977 1266 2008 fit
1291 1977 1414 2020 dignus
1440 1981 1544 2019 atque
1569 1977 1671 2009 divus

364 2026 473 2067 Virgo
499 2025 597 2065 lenis,
624 2035 716 2057 erue.
1184 2022 1451 2064 Paranymphus
1477 2023 1629 2055 Gabriel.

230 2103 281 2138 19.
319 2104 465 2137 Efficaci
490 2111 524 2149 et
548 2105 664 2136 veraci
1044 2099 1098 2134 29.
1135 2103 1208 2134 Nos
1234 2103 1367 2134 sineere
1392 2105 1565 2141 contuere,

363 2150 471 2192 Cinge
494 2150 673 2192 patientia,
1182 2147 1291 2189 Virgo
1318 2148 1552 2185 serenissima,

317 2195 346 2227 A
372 2206 408 2227 re
434 2205 543 2237 prava
567 2205 691 2236 corpus
716 2194 808 2234 lava,
1137 2193 1205 2232 Qui
1230 2193 1420 2230 turbamur,
1447 2192 1674 2230 confutamur,

367 2240 434 2272 Cor
458 2241 501 2272 ab
527 2241 688 2272 avaritia.
1182 2238 1300 2269 Veluti
1326 2239 1526 2280 peripsima.

228 2318 281 2354 20.
320 2321 435 2352 Mater
459 2320 550 2362 agni,
577 2320 668 2360 regis
694 2318 822 2360 magni,
1045 2314 1100 2350 30.
1138 2317 1223 2357 Quis
1249 2327 1402 2355 narrare,
1428 2318 1506 2359 quis
1532 2326 1678 2358 pensare

362 2365 544 2407 Templum
569 2365 681 2396 sancti
706 2364 861 2406 spiritus,
1181 2363 1306 2394 Posset
1329 2361 1448 2394 dotum
1473 2362 1606 2399 titulos,

319 2412 389 2443 Fac
414 2411 535 2452 perire,
562 2421 632 2441 non
657 2411 785 2441 sentire
1136 2407 1270 2447 Quibus
1295 2407 1389 2439 culta
1414 2411 1448 2439 et
1472 2407 1614 2439 suffulta

365 2452 407 2487 In
431 2466 486 2487 me
511 2456 584 2487 irae
608 2455 773 2486 fremitus.
1180 2453 1310 2494 Fulges
1335 2452 1426 2484 ultra
1451 2453 1605 2494 angelos.

228 2533 282 2567 21.
317 2536 383 2574 Da,
411 2536 610 2577 succingam
637 2538 671 2566 et
696 2535 901 2576 restringam
1046 2531 1100 2566 31.
1140 2533 1169 2565 Ο
1193 2533 1318 2571 Maria,
1344 2542 1443 2573 prece
1468 2533 1525 2573 pia

366 2582 477 2613 Freno
502 2580 657 2621 linguam
684 2581 814 2618 intime,
1185 2578 1297 2609 Nobis
1322 2577 1372 2609 fer
1399 2577 1580 2615 auxilium,

323 2625 539 2668 Impudicam
566 2629 600 2657 et
627 2626 784 2666 iniquam
1138 2623 1246 2656 Cuius
1270 2632 1396 2654 nomen
1424 2627 1476 2654 est
1500 2622 1653 2654 solamen

366 2672 511 2703 Carnem
537 2671 677 2712 iungam
703 2672 849 2702 animae.
1182 2669 1322 2700 Miseris
1348 2672 1381 2700 et
1405 2667 1582 2710 gaudium.

229 2748 283 2781 22.
321 2751 349 2781 Α
377 2749 549 2782 mundana
575 2750 629 2781 vel
658 2749 809 2781 humana
1048 2744 1102 2781 32.
1143 2748 1278 2780 Nomen
1299 2750 1466 2781 sanctum,
1489 2756 1549 2788 per
1569 2745 1660 2789 quod
1677 2745 1796 2788 plano·

367 2796 478 2833 Peste,
504 2805 595 2826 vana
619 2795 744 2836 gloria,
1456 2796 1526 2823 tum

321 2841 377 2872 Me
402 2840 545 2872 defende
571 2845 603 2872 et
629 2840 777 2879 intende,
1183 2838 1372 2869 Aeternum
1398 2838 1584 2875 evasimus,

368 2886 419 2916 Ne
446 2887 490 2916 sit
516 2887 618 2917 menti
647 2887 761 2917 noxia.
1139 2884 1274 2916 Nomen
1299 2883 1438 2921 bonum,
1465 2893 1525 2925 per
1549 2882 1640 2925 quod
1665 2881 1795 2914 donum

1185 2928 1318 2962 Salutis
1344 2929 1551 2970 accepimus.
