2031 3289
1016 234 1320 278 -230-

761 353 830 390 30.
863 351 991 389 Sinum
1023 351 1147 399 aspidi

866 409 935 445 Vel
966 408 1043 455 igni
1074 408 1178 454 prius
1209 408 1329 454 aperi,

919 464 1094 510 Quisquis
1125 464 1239 510 sapis,

864 522 976 567 Quam
1010 519 1181 557 femineis

867 577 921 614 Te
953 577 1165 613 committas
1194 576 1400 625 illecebris,

920 633 1003 670 Nisi
1035 633 1144 669 malis

862 691 923 727 Ad
957 690 1110 726 exitium

870 748 1080 793 properare
1111 746 1358 782 certissimum

920 804 1013 842 Cum
1047 802 1266 849 praedictis.

477 930 493 961 I
518 927 567 961 30
593 929 684 960 steht
709 939 771 959 vor
797 926 859 960 31).
886 944 927 949 —
955 924 1017 965 31),
1043 925 1064 958 5
1090 928 1206 959 Labor
1232 927 1282 958 hii
1307 930 1351 958 et.
1381 946 1418 949 —
1445 924 1466 958 3
1479 928 1510 966 b,
1536 925 1556 959 8
1582 927 1744 968 Agitatur
1768 930 1803 958 et
1826 927 1881 958 ab.
1906 947 1946 951 —

390 976 425 1006 11
451 972 512 1011 33,
539 973 561 1005 4
585 975 655 1005 Aut
680 975 770 1016 quis.
798 990 837 994 —
862 970 924 1013 3a,
946 970 966 1003 8
992 973 1091 1004 Sicut
1116 973 1274 1005 Samson.

593 1196 673 1232 248.
713 1196 816 1238 (138.)
852 1196 1045 1232 Planctus
1070 1196 1198 1231 David
1225 1205 1345 1240 super
1369 1197 1515 1241 Aluum-9
1543 1196 1629 1231 filio
1657 1197 1749 1240 Ner,

959 1263 1073 1297 quem
1099 1253 1196 1288 loab
1222 1253 1387 1289 occidit.

1224 1381 1294 1421 lb.
1327 1382 1446 1418 Amor
1476 1393 1520 1419 ac
1551 1382 1711 1419 deliciae

1321 1439 1500 1475 Militaris
1531 1439 1689 1485 glanae,

410 1382 479 1422 lb.
513 1382 645 1419 Abner
675 1381 906 1430 fidelissime,

506 1439 613 1476 Bello
644 1439 913 1484 strenuissime,

1221 1563 1295 1601 2b.
1327 1563 1446 1600 Dolus
1479 1563 1736 1611 exsecrabilis,

1325 1621 1443 1657 Casus
1474 1618 1700 1657 miserabilis

1325 1677 1468 1722 Cogunt
1500 1677 1548 1714 ad
1581 1677 1777 1714 continuas

1324 1734 1478 1770 Hostem
1511 1744 1656 1780 quoque
1687 1734 1875 1783 lacrimas,

1326 1790 1585 1837 Dissolvitque
1615 1791 1736 1837 pietas

1326 1847 1475 1884 Mentes
1506 1846 1777 1884 adamantinas.

406 1566 427 1601 2
447 1575 481 1601 a.
514 1564 617 1609 Quod
653 1564 706 1600 vis
738 1574 809 1600 non
842 1563 1066 1610 praevaluit,

508 1620 626 1657 Dolus
656 1620 694 1656 in
725 1624 762 1656 te
794 1621 935 1667 potuit3

510 1678 586 1714 I’er
616 1688 724 1723 quem
757 1677 859 1723 peris
892 1677 1065 1723 proditus

508 1735 584 1771 Par
615 1733 693 1770 eius
725 1734 774 1770 sit
805 1734 939 1783 exitus,

507 1790 632 1827 Nullis
665 1790 798 1836 dignus
830 1788 992 1839 fletibus,

515 1848 614 1892 Quos
645 1851 730 1883 tuus
763 1847 824 1884 dat
858 1846 1042 1884 omnibus.

409 1974 481 2010 Sa.
510 1971 641 2008 Hostis
672 1971 776 2018 regni
1222 1971 1294 2009 3b.
1328 1971 1461 2009 Multis
1493 1972 1639 2008 damnis

406 2381 480 2419 4a.

412 2790 479 2825 5a.

508 2028 605 2065 Dum
637 2026 743 2064 fuisti

562 2083 802 2131 Manifestus,

506 2141 662 2188 Semper
693 2141 805 2178 claris

505 2198 558 2235 Es
591 2198 792 2244 triumphis

562 2255 805 2294 Sublimatus.

512 2379 665 2416 Israelis

504 2436 638 2473 Murus
670 2434 793 2482 fortis,

564 2493 681 2530 Iudae
712 2497 844 2537 metus,

505 2549 682 2586 Inimicus

505 2606 556 2642 Et
587 2606 727 2643 amicus

562 2663 659 2700 Eras
690 2663 856 2703 summis.

514 2786 608 2824 Dum
641 2787 847 2824 timendum

564 2843 633 2879 tibi
665 2843 876 2888 credidisti,

510 2900 693 2938 Periculis

565 2957 710 2994 cunctis
740 2956 961 3003 providisti3

1219 2379 1287 2418 4b.

1325 2028 1402 2065 Nos
1435 2029 1600 2065 multasti

1380 2085 1496 2122 Nulla
1526 2096 1673 2134 passus,

1322 2142 1450 2178 Armis
1480 2148 1627 2188 potens,

1324 2198 1443 2235 Sensu
1473 2199 1630 2246 pollens,

1382 2255 1449 2291 Vir
1480 2253 1684 2301 perfectus,

1320 2379 1489 2416 Tandem
1519 2381 1658 2416 nostris

1323 2435 1469 2473 Cedens
1501 2437 1597 2473 votis

1378 2493 1454 2529 luis
1488 2491 1620 2529 foedus

1322 2550 1374 2587 Et
1402 2560 1469 2595 spe
1499 2549 1603 2595 pacis

1322 2609 1442 2644 Arma
1472 2606 1581 2652 ponis

1377 2662 1480 2699 Male
1510 2666 1623 2700 tutus.

1323 2786 1418 2823 Fide
1449 2790 1578 2824 nostra

1379 2843 1500 2880 fidens
1531 2843 1719 2886 corruisti,

1321 2901 1437 2946 Quam
1471 2900 1517 2936 dc
1548 2904 1611 2936 tua

1379 2957 1437 2994 vir
1469 2967 1581 2994 verax
1614 2957 1795 3003 pensasti.
