2031 3289
288 327 353 365 13,

289 753 354 790 14.

283 1181 348 1219 15.

284 1608 353 1646 16.

282 2037 346 2074 17.

284 2465 348 2505 18.

906 214 1220 255 —632——

398 327 494 374 Ave,
526 327 644 375 virgo,
673 337 783 373 quam
813 327 852 363 in
882 328 976 365 artis

400 383 607 421 Christiani
639 383 770 420 mortis
800 383 938 420 Martis

460 439 643 476 Invocant
673 439 906 488 terroribus,

403 495 499 539 Ave,
531 495 700 541 prudens
732 499 768 531 et
804 496 972 542 cordata,

398 551 472 589 Per
502 562 612 597 quam
645 551 744 589 salus
775 550 976 599 profligata

458 607 648 644 Redditur
679 607 936 646 credentibus.

400 755 495 799 Ave,
529 753 624 790 caeli
655 753 874 802 thymiama,

398 809 512 848 Cuius
542 809 648 859 odor,
682 810 785 846 cuius
817 808 918 847 fama

454 865 606 903 Summa
637 864 725 902 ferit
757 867 896 914 sidera,

396 922 511 960 Cuius
542 933 677 959 nomen
708 933 818 959 aures
852 922 984 972 melliti,

396 978 489 1017 Cum
520 979 712 1024 prolatum
742 978 810 1016 has
841 979 1029 1026 percellit,

452 1034 503 1071 Et
534 1034 743 1082 pigmentat
774 1046 875 1074 aera.

396 1181 491 1228 Ave,
524 1180 629 1227 pelta
658 1186 900 1228 peccatorum

396 1237 448 1274 Et
478 1237 624 1284 asylum
655 1238 843 1284 elegorum
860 1235 906 1286 ¹),

454 1294 574 1330 Immo
605 1292 848 1331 refectorium
868 1307 876 1340 3

395 1350 490 1395 Ave,
522 1353 653 1396 sporta
683 1360 781 1397 pane
811 1351 937 1398 plena,

397 1405 538 1443 Christi
561 1406 688 1456 ciclas,
717 1406 860 1444 Christi
881 1407 967 1445 lena
979 1405 1028 1456 2),

452 1462 595 1500 Christi
628 1463 916 1510 dogmatorium.

401 1610 496 1655 Ave,
529 1619 598 1656 per
628 1620 738 1655 quam
769 1609 962 1654 uniuntur,

395 1665 663 1713 Coniugantur,
697 1666 974 1713 coniunguntur

453 1721 637 1768 Virginali
668 1721 786 1759 fibula

394 1778 526 1825 Agnus
557 1778 628 1822 leo,
663 1779 725 1816 via
755 1777 853 1826 finis,

396 1833 586 1880 Splendor
606 1834 738 1880 nubes,
761 1845 897 1872 numen
920 1834 1026 1884 cinis,

450 1891 595 1928 Radius
627 1895 663 1927 et
694 1891 844 1931 nebula.

394 2038 488 2086 Ave,
522 2036 626 2073 cuius
658 2041 714 2073 est
745 2047 791 2073 ex
821 2037 906 2074 alvo

394 2093 469 2131 Sed
500 2093 658 2141 pudoris
689 2092 780 2130 flore
812 2094 917 2131 salvo

451 2149 618 2187 Verbum
649 2150 770 2198 patris
802 2150 959 2198 editum,

395 2206 485 2244 Sine
516 2216 620 2243 mare
651 2217 792 2243 marem
823 2207 939 2253 paris,

395 2262 481 2299 Non
512 2272 581 2309 per
608 2273 761 2309 germen
793 2266 875 2300 sata
895 2263 1024 2311 maris,

452 2318 526 2356 Sed
554 2329 623 2365 per
643 2323 814 2356 sanctum
836 2320 1025 2366 spiritum.

393 2466 487 2514 Ave,
519 2465 639 2502 nubes
669 2469 868 2512 penetrata

394 2521 536 2558 Phoebi
567 2520 728 2559 flammis
759 2527 796 2559 et
827 2526 958 2560 ornata

448 2577 613 2615 Deitatis
639 2578 749 2627 iride,

393 2635 494 2681 Quae
525 2634 594 2671 suh
625 2634 759 2671 umbra
780 2635 899 2671 lucem
924 2635 1024 2672 celas

391 2690 440 2727 Et
472 2695 665 2728 aeternum
698 2690 853 2728 verbum
887 2691 989 2729 velas

449 2746 611 2784 Nostrae
655 2747 779 2785 carnis
810 2747 1023 2796 chlamyde.

398 2877 420 2917 ¹)
455 2881 510 2911 vel
538 2881 751 2912 miserorum.
778 2898 821 2903 —

390 2922 415 2961 ¹³)
451 2927 558 2957 vestis
585 2927 768 2961 senatoria.
794 2943 838 2949 —-

1105 328 1168 367 19.

1101 756 1168 794 20.

1101 1183 1169 1221 21.

1103 1611 1168 1649 22.

1099 2039 1165 2079 23.

1099 2469 1164 2506 24.

1215 328 1308 377 Ave,
1342 331 1473 365 vertex
1504 328 1723 374 honestatis,

1215 385 1310 431 Ave,
1342 387 1549 422 monstrum
1579 384 1804 429 sanctitatis,

1271 441 1366 488 Ave,
1399 440 1498 478 vitae
1529 440 1714 488 scatebra,

1216 497 1311 542 Ave,
1343 497 1460 542 pinna
1490 496 1681 545 puritatis,

1216 553 1311 598 Ave,
1343 552 1469 590 thoral
1498 552 1693 601 trinitatis,

1273 610 1368 654 Ave,
1399 608 1494 645 lucis
1524 608 1683 648 latebra.

1214 756 1309 802 Ave,
1341 755 1458 802 virgo,
1492 755 1564 793 Dei
1597 755 1702 801 reda,

1213 811 1286 848 Dei
1317 810 1458 862 fanum,
1490 811 1528 848 in
1559 822 1632 858 quo
1662 811 1775 850 taeda

1273 867 1456 905 Caelestis
1487 867 1721 917 accenditur,

1214 924 1272 960 Tu
1302 924 1435 961 salutis
1466 934 1505 960 es
1535 924 1692 974 minera,

1216 980 1347 1027 Clava,
1381 981 1505 1027 cuspis
1536 984 1574 1017 et
1603 980 1816 1028 machaera,

1270 1037 1351 1082 Qua
1392 1047 1492 1074 mors
1533 1047 1643 1075 caesa
1672 1037 1845 1075 moritur.

1214 1182 1309 1230 Ave,
1326 1192 1396 1229 per
1411 1193 1521 1229 quam
1538 1186 1695 1230 surgunt
1712 1183 1764 1230 hi,
1783 1183 1846 1230 qui

1214 1238 1445 1277 Ceciderunt
1474 1249 1544 1286 per
1573 1239 1719 1286 antiqui

1271 1294 1466 1342 Serpentis
1498 1295 1696 1342 astutiam3

1213 1351 1309 1398 Ave,
1333 1362 1428 1398 quae
1451 1362 1521 1398 per
1537 1355 1679 1389 castum
1696 1352 1846 1390 thorum

1214 1408 1349 1446 Carnis
1379 1408 1436 1445 ius
1468 1412 1504 1445 et
1534 1408 1741 1455 logicorum

1270 1464 1391 1502 Fallis
1423 1464 1739 1512 consequentiam.

1215 1610 1356 1648 Dicunt
1385 1611 1482 1648 enim
1514 1612 1619 1658 sequi
1651 1612 1759 1660 tales,

1215 1667 1358 1713 Quibus
1390 1665 1519 1705 favent
1549 1669 1763 1707 naturales:

1269 1723 1374 1761 Haec
1406 1729 1461 1762 est
1492 1729 1625 1774 mater,
1657 1724 1774 1770 igitur

1213 1779 1345 1817 Virum
1376 1781 1480 1818 novit
1512 1785 1547 1817 et
1579 1785 1635 1817 est
1666 1779 1788 1828 facta3

1215 1836 1290 1875 Sed
1321 1836 1446 1874 Maria
1477 1837 1622 1884 prolem
1653 1841 1765 1875 nacta

1269 1892 1384 1940 Dicit,
1425 1894 1525 1940 quod
1556 1905 1631 1931 non
1662 1894 1844 1942 sequitur.

1212 2038 1349 2077 Dicant
1381 2039 1450 2086 illi,
1483 2040 1595 2086 quod,
1628 2041 1660 2078 si
1692 2045 1796 2078 caret

1211 2095 1346 2133 Planta
1377 2106 1502 2142 succo,
1533 2106 1684 2143 semper
1712 2101 1807 2143 aret,

1269 2155 1393 2190 Arens
1424 2164 1612 2199 nunquam
1644 2153 1830 2202 pullulat3

1212 2207 1286 2245 Sed
1317 2208 1462 2246 intacta
1492 2209 1597 2258 virgo
1626 2210 1819 2247 Christum
1843 2247 1848 2250 .

1212 2265 1400 2302 Pariendo
1430 2266 1571 2303 nodum
1602 2266 1715 2303 istum

1268 2321 1389 2359 Solvit
1420 2326 1457 2358 et
1487 2320 1673 2361 effibulat.

1212 2468 1305 2517 Ave,
1338 2478 1489 2516 parens,
1514 2472 1646 2515 partus
1676 2479 1818 2507 morem

1212 2524 1329 2561 Partu
1359 2529 1520 2570 mutans,
1559 2536 1644 2563 nam
1674 2525 1843 2564 dolorem

1268 2581 1399 2618 Partui
1430 2585 1703 2631 postposteraS,

1212 2636 1364 2674 Florem
1395 2637 1511 2686 paris,
1545 2639 1612 2676 sed
1643 2639 1681 2676 in
1713 2642 1826 2686 partu

1212 2692 1342 2739 Neque
1372 2692 1501 2731 florem
1533 2705 1602 2731 nec
1630 2694 1740 2733 iubar
1769 2699 1810 2733 tu

1266 2747 1430 2788 Pudoris
1461 2749 1655 2791 obliteraS.
