<?xml version="1.0" encoding="UTF-8"?>
<!DOCTYPE html PUBLIC "-//W3C//DTD XHTML 1.0 Transitional//EN"
    "http://www.w3.org/TR/xhtml1/DTD/xhtml1-transitional.dtd">
<html xmlns="http://www.w3.org/1999/xhtml" xml:lang="en" lang="en">
 <head>
  <title>
</title>
<meta http-equiv="Content-Type" content="text/html;charset=utf-8" />
  <meta name='ocr-system' content='tesseract 3.04.00' />
  <meta name='ocr-capabilities' content='ocr_page ocr_carea ocr_par ocr_line ocrx_word'/>
</head>
<body>
  <div class='ocr_page' id='page_1' title='image "./hymnographilatin01drevuoft_0293.png"; bbox 0 0 1914 3223; ppageno 0'>
   <div class='ocr_carea' id='block_1_1' title="bbox 823 202 902 243">
    <p class='ocr_par' dir='ltr' id='par_1_1' title="bbox 823 202 902 243">
     <span class='ocr_line' id='line_1_1' title="bbox 823 202 902 243; baseline 0.013 -1"><span class='ocrx_word' id='word_1_1' title='bbox 823 202 902 243; x_wconf 76' lang='lat'>287</span> 
     </span>
    </p>
   </div>
   <div class='ocr_carea' id='block_1_2' title="bbox 109 318 777 648">
    <p class='ocr_par' dir='ltr' id='par_1_2' title="bbox 109 318 777 648">
     <span class='ocr_line' id='line_1_2' title="bbox 109 318 777 367; baseline -0.013 -4"><span class='ocrx_word' id='word_1_2' title='bbox 109 326 174 363; x_wconf 66' lang='lat'>2³3.</span> <span class='ocrx_word' id='word_1_3' title='bbox 206 324 342 361; x_wconf 80' lang='lat' dir='ltr'>Omnes</span> <span class='ocrx_word' id='word_1_4' title='bbox 372 320 481 364; x_wconf 75' lang='lat' dir='ltr'>enim,</span> <span class='ocrx_word' id='word_1_5' title='bbox 513 319 574 366; x_wconf 89' lang='lat' dir='ltr'>qui</span> <span class='ocrx_word' id='word_1_6' title='bbox 604 318 777 367; x_wconf 81' lang='lat' dir='ltr'>Mariam,</span> 
     </span>
     <span class='ocr_line' id='line_1_3' title="bbox 209 375 680 423; baseline -0.011 -7"><span class='ocrx_word' id='word_1_7' title='bbox 209 378 445 416; x_wconf 83' lang='lat' dir='ltr'>Genetricem</span> <span class='ocrx_word' id='word_1_8' title='bbox 478 375 548 413; x_wconf 91' lang='lat' dir='ltr'>Dei</span> <span class='ocrx_word' id='word_1_9' title='bbox 580 375 680 423; x_wconf 82' lang='lat' dir='ltr'>piam</span> 
     </span>
     <span class='ocr_line' id='line_1_4' title="bbox 266 431 731 480; baseline -0.004 -8"><span class='ocrx_word' id='word_1_10' title='bbox 266 435 314 472; x_wconf 73' lang='lat' dir='ltr'>Et</span> <span class='ocrx_word' id='word_1_11' title='bbox 345 433 524 480; x_wconf 79' lang='lat' dir='ltr'>virginem</span> <span class='ocrx_word' id='word_1_12' title='bbox 557 431 731 478; x_wconf 79' lang='lat' dir='ltr'>diligunt.</span> 
     </span>
     <span class='ocr_line' id='line_1_5' title="bbox 212 488 671 537; baseline -0.011 -8"><span class='ocrx_word' id='word_1_13' title='bbox 212 491 279 530; x_wconf 90' lang='lat' dir='ltr'>Isti</span> <span class='ocrx_word' id='word_1_14' title='bbox 310 490 470 537; x_wconf 84' lang='lat' dir='ltr'>quietem</span> <span class='ocrx_word' id='word_1_15' title='bbox 502 488 671 526; x_wconf 85' lang='lat' dir='ltr'>intimum</span> 
     </span>
     <span class='ocr_line' id='line_1_6' title="bbox 209 545 735 591; baseline -0.011 -6"><span class='ocrx_word' id='word_1_16' title='bbox 209 550 300 586; x_wconf 65' lang='lat' dir='ltr'>cum</span> <span class='ocrx_word' id='word_1_17' title='bbox 333 547 463 583; x_wconf 81' lang='lat' dir='ltr'>eadem</span> <span class='ocrx_word' id='word_1_18' title='bbox 493 550 529 581; x_wconf 84' lang='lat' dir='ltr'>et</span> <span class='ocrx_word' id='word_1_19' title='bbox 559 545 735 591; x_wconf 79' lang='lat' dir='ltr'>optimam</span> 
     </span>
     <span class='ocr_line' id='line_1_7' title="bbox 268 601 713 648; baseline -0.011 -7"><span class='ocrx_word' id='word_1_20' title='bbox 268 605 416 642; x_wconf 84' lang='lat' dir='ltr'>Partem</span> <span class='ocrx_word' id='word_1_21' title='bbox 448 602 518 638; x_wconf 86' lang='lat' dir='ltr'>sibi</span> <span class='ocrx_word' id='word_1_22' title='bbox 551 601 713 648; x_wconf 76' lang='lat' dir='ltr'>eligunt-3</span> 
     </span>
    </p>
   </div>
   <div class='ocr_carea' id='block_1_3' title="bbox 117 701 987 749">
    <p class='ocr_par' dir='ltr' id='par_1_3' title="bbox 117 701 987 749">
     <span class='ocr_line' id='line_1_8' title="bbox 117 701 987 749; baseline -0.01 -6"><span class='ocrx_word' id='word_1_23' title='bbox 117 708 182 743; x_wconf 75' lang='lat'>24.</span> <span class='ocrx_word' id='word_1_24' title='bbox 215 705 261 742; x_wconf 83' lang='lat' dir='ltr'>Et</span> <span class='ocrx_word' id='word_1_25' title='bbox 293 703 469 740; x_wconf 86' lang='lat' dir='ltr'>insistunt</span> <span class='ocrx_word' id='word_1_26' title='bbox 501 702 685 749; x_wconf 73' lang='lat' dir='ltr'>patientes</span> <span class='ocrx_word' id='word_1_27' title='bbox 922 701 987 739; x_wconf 76' lang='lat'>29,</span> 
     </span>
    </p>
   </div>
   <div class='ocr_carea' id='block_1_4' title="bbox 212 759 818 1023">
    <p class='ocr_par' dir='ltr' id='par_1_4' title="bbox 213 759 733 806">
     <span class='ocr_line' id='line_1_9' title="bbox 213 759 733 806; baseline -0.01 -8"><span class='ocrx_word' id='word_1_28' title='bbox 213 761 258 798; x_wconf 79' lang='lat' dir='ltr'>Et</span> <span class='ocrx_word' id='word_1_29' title='bbox 292 760 459 806; x_wconf 80' lang='lat' dir='ltr'>parendo</span> <span class='ocrx_word' id='word_1_30' title='bbox 489 759 733 801; x_wconf 79' lang='lat' dir='ltr'>continentes,</span> 
     </span>
    </p>

    <p class='ocr_par' dir='ltr' id='par_1_5' title="bbox 212 815 818 976">
     <span class='ocr_line' id='line_1_10' title="bbox 270 815 664 859; baseline -0.005 -6"><span class='ocrx_word' id='word_1_31' title='bbox 270 817 318 854; x_wconf 89' lang='lat' dir='ltr'>Ut</span> <span class='ocrx_word' id='word_1_32' title='bbox 348 820 481 853; x_wconf 83' lang='lat' dir='ltr'>vacent</span> <span class='ocrx_word' id='word_1_33' title='bbox 511 815 664 859; x_wconf 74' lang='lat' dir='ltr'>malitia,</span> 
     </span>
     <span class='ocr_line' id='line_1_11' title="bbox 212 871 694 921; baseline -0.008 -11"><span class='ocrx_word' id='word_1_34' title='bbox 212 872 493 921; x_wconf 74' lang='lat' dir='ltr'>misericordes,</span> <span class='ocrx_word' id='word_1_35' title='bbox 525 871 694 910; x_wconf 83' lang='lat' dir='ltr'>humiles,</span> 
     </span>
     <span class='ocr_line' id='line_1_12' title="bbox 213 926 818 976; baseline -0.008 -10"><span class='ocrx_word' id='word_1_36' title='bbox 213 929 352 976; x_wconf 79' lang='lat' dir='ltr'>Quibus</span> <span class='ocrx_word' id='word_1_37' title='bbox 384 929 509 965; x_wconf 78' lang='lat' dir='ltr'>studet</span> <span class='ocrx_word' id='word_1_38' title='bbox 541 927 680 967; x_wconf 76' lang='lat' dir='ltr'>Christi</span> <span class='ocrx_word' id='word_1_39' title='bbox 712 926 818 963; x_wconf 79' lang='lat' dir='ltr'>miles</span> 
     </span>
    </p>

    <p class='ocr_par' dir='ltr' id='par_1_6' title="bbox 269 984 645 1023">
     <span class='ocr_line' id='line_1_13' title="bbox 269 984 645 1023; baseline 0 0"><span class='ocrx_word' id='word_1_40' title='bbox 269 986 311 1023; x_wconf 87' lang='lat' dir='ltr'>In</span> <span class='ocrx_word' id='word_1_41' title='bbox 343 985 470 1022; x_wconf 82' lang='lat' dir='ltr'>mundi</span> <span class='ocrx_word' id='word_1_42' title='bbox 501 984 645 1023; x_wconf 84' lang='lat' dir='ltr'>militia.</span> 
     </span>
    </p>
   </div>
   <div class='ocr_carea' id='block_1_5' title="bbox 117 1083 724 1405">
    <p class='ocr_par' dir='ltr' id='par_1_7' title="bbox 117 1083 724 1405">
     <span class='ocr_line' id='line_1_14' title="bbox 117 1083 664 1131; baseline -0.002 -5"><span class='ocrx_word' id='word_1_43' title='bbox 117 1083 182 1126; x_wconf 74' lang='grc'>25.</span> <span class='ocrx_word' id='word_1_44' title='bbox 215 1089 312 1125; x_wconf 87' lang='lat' dir='ltr'>Istos</span> <span class='ocrx_word' id='word_1_45' title='bbox 345 1091 448 1124; x_wconf 86' lang='lat' dir='ltr'>vocat</span> <span class='ocrx_word' id='word_1_46' title='bbox 482 1091 517 1122; x_wconf 86' lang='lat' dir='ltr'>et</span> <span class='ocrx_word' id='word_1_47' title='bbox 548 1086 664 1131; x_wconf 78' lang='lat' dir='ltr'>eligit.</span> 
     </span>
     <span class='ocr_line' id='line_1_15' title="bbox 216 1143 685 1189; baseline -0.006 -9"><span class='ocrx_word' id='word_1_48' title='bbox 216 1144 311 1180; x_wconf 88' lang='lat' dir='ltr'>lstos</span> <span class='ocrx_word' id='word_1_49' title='bbox 342 1148 465 1179; x_wconf 77' lang='lat' dir='ltr'>servat</span> <span class='ocrx_word' id='word_1_50' title='bbox 498 1148 531 1179; x_wconf 88' lang='lat' dir='ltr'>et</span> <span class='ocrx_word' id='word_1_51' title='bbox 565 1143 685 1189; x_wconf 80' lang='lat' dir='ltr'>diligit</span> 
     </span>
     <span class='ocr_line' id='line_1_16' title="bbox 272 1198 627 1246; baseline 0.003 -10"><span class='ocrx_word' id='word_1_52' title='bbox 272 1200 384 1246; x_wconf 83' lang='lat' dir='ltr'>Deus,</span> <span class='ocrx_word' id='word_1_53' title='bbox 421 1200 487 1236; x_wconf 83' lang='lat' dir='ltr'>Dei</span> <span class='ocrx_word' id='word_1_54' title='bbox 519 1198 627 1237; x_wconf 79' lang='lat' dir='ltr'>tilius.</span> 
     </span>
     <span class='ocr_line' id='line_1_17' title="bbox 215 1255 693 1303; baseline -0.006 -10"><span class='ocrx_word' id='word_1_55' title='bbox 215 1256 315 1303; x_wconf 83' lang='lat' dir='ltr'>Ergo</span> <span class='ocrx_word' id='word_1_56' title='bbox 346 1255 437 1292; x_wconf 85' lang='lat' dir='ltr'>nihil</span> <span class='ocrx_word' id='word_1_57' title='bbox 470 1255 693 1295; x_wconf 80' lang='lat' dir='ltr'>hominibus,</span> 
     </span>
     <span class='ocr_line' id='line_1_18' title="bbox 215 1311 724 1357; baseline -0.002 -9"><span class='ocrx_word' id='word_1_58' title='bbox 215 1312 316 1349; x_wconf 83' lang='lat' dir='ltr'>Nihil</span> <span class='ocrx_word' id='word_1_59' title='bbox 348 1313 385 1348; x_wconf 79' lang='lat' dir='ltr'>in</span> <span class='ocrx_word' id='word_1_60' title='bbox 416 1312 544 1349; x_wconf 85' lang='lat' dir='ltr'>mundi</span> <span class='ocrx_word' id='word_1_61' title='bbox 575 1311 724 1357; x_wconf 77' lang='lat' dir='ltr'>finibus,</span> 
     </span>
     <span class='ocr_line' id='line_1_19' title="bbox 271 1368 634 1405; baseline 0 0"><span class='ocrx_word' id='word_1_62' title='bbox 271 1368 374 1405; x_wconf 88' lang='lat' dir='ltr'>Nihil</span> <span class='ocrx_word' id='word_1_63' title='bbox 407 1374 459 1404; x_wconf 87' lang='lat' dir='ltr'>est</span> <span class='ocrx_word' id='word_1_64' title='bbox 492 1368 634 1405; x_wconf 87' lang='lat' dir='ltr'>utilius.</span> 
     </span>
    </p>
   </div>
   <div class='ocr_carea' id='block_1_6' title="bbox 123 1469 990 1515">
    <p class='ocr_par' dir='ltr' id='par_1_8' title="bbox 123 1469 990 1515">
     <span class='ocr_line' id='line_1_20' title="bbox 123 1469 990 1515; baseline -0.002 -7"><span class='ocrx_word' id='word_1_65' title='bbox 123 1472 188 1508; x_wconf 73' lang='lat'>26.</span> <span class='ocrx_word' id='word_1_66' title='bbox 218 1472 332 1515; x_wconf 79' lang='lat' dir='ltr'>Quam</span> <span class='ocrx_word' id='word_1_67' title='bbox 364 1470 523 1507; x_wconf 85' lang='lat' dir='ltr'>Mariam</span> <span class='ocrx_word' id='word_1_68' title='bbox 556 1469 727 1506; x_wconf 78' lang='lat' dir='ltr'>venerari</span> <span class='ocrx_word' id='word_1_69' title='bbox 927 1470 990 1507; x_wconf 79' lang='lat'>31.</span> 
     </span>
    </p>
   </div>
   <div class='ocr_carea' id='block_1_7' title="bbox 214 1526 719 1799">
    <p class='ocr_par' dir='ltr' id='par_1_9' title="bbox 214 1526 719 1732">
     <span class='ocr_line' id='line_1_21' title="bbox 217 1526 652 1563; baseline -0.002 0"><span class='ocrx_word' id='word_1_70' title='bbox 217 1526 262 1563; x_wconf 86' lang='lat' dir='ltr'>Et</span> <span class='ocrx_word' id='word_1_71' title='bbox 296 1537 421 1563; x_wconf 79' lang='lat' dir='ltr'>amare</span> <span class='ocrx_word' id='word_1_72' title='bbox 452 1531 488 1562; x_wconf 87' lang='lat' dir='ltr'>et</span> <span class='ocrx_word' id='word_1_73' title='bbox 518 1527 652 1562; x_wconf 78' lang='lat' dir='ltr'>sectari</span> 
     </span>
     <span class='ocr_line' id='line_1_22' title="bbox 273 1582 682 1622; baseline -0.002 -3"><span class='ocrx_word' id='word_1_74' title='bbox 273 1584 363 1620; x_wconf 86' lang='lat' dir='ltr'>Cum</span> <span class='ocrx_word' id='word_1_75' title='bbox 397 1582 561 1619; x_wconf 85' lang='lat' dir='ltr'>eiusdem</span> <span class='ocrx_word' id='word_1_76' title='bbox 594 1583 682 1622; x_wconf 80' lang='lat' dir='ltr'>filio.</span> 
     </span>
     <span class='ocr_line' id='line_1_23' title="bbox 215 1637 719 1677; baseline -0.004 0"><span class='ocrx_word' id='word_1_77' title='bbox 215 1640 296 1677; x_wconf 83' lang='lat' dir='ltr'>Hoc</span> <span class='ocrx_word' id='word_1_78' title='bbox 322 1644 377 1675; x_wconf 91' lang='lat' dir='ltr'>est</span> <span class='ocrx_word' id='word_1_79' title='bbox 408 1639 504 1675; x_wconf 90' lang='lat' dir='ltr'>enim</span> <span class='ocrx_word' id='word_1_80' title='bbox 537 1639 614 1675; x_wconf 87' lang='lat' dir='ltr'>eius</span> <span class='ocrx_word' id='word_1_81' title='bbox 646 1637 719 1676; x_wconf 91' lang='lat' dir='ltr'>frui</span> 
     </span>
     <span class='ocr_line' id='line_1_24' title="bbox 214 1695 613 1732; baseline -0.003 0"><span class='ocrx_word' id='word_1_82' title='bbox 214 1696 354 1732; x_wconf 88' lang='lat' dir='ltr'>Amore</span> <span class='ocrx_word' id='word_1_83' title='bbox 385 1701 418 1732; x_wconf 92' lang='lat' dir='ltr'>et</span> <span class='ocrx_word' id='word_1_84' title='bbox 451 1695 527 1732; x_wconf 86' lang='lat' dir='ltr'>nati</span> <span class='ocrx_word' id='word_1_85' title='bbox 557 1695 613 1732; x_wconf 90' lang='lat' dir='ltr'>sui</span> 
     </span>
    </p>

    <p class='ocr_par' dir='ltr' id='par_1_10' title="bbox 268 1752 650 1799">
     <span class='ocr_line' id='line_1_25' title="bbox 268 1752 650 1799; baseline 0 -11"><span class='ocrx_word' id='word_1_86' title='bbox 268 1752 318 1788; x_wconf 81' lang='lat' dir='ltr'>Et</span> <span class='ocrx_word' id='word_1_87' title='bbox 347 1762 472 1788; x_wconf 87' lang='lat' dir='ltr'>corum</span> <span class='ocrx_word' id='word_1_88' title='bbox 505 1752 650 1799; x_wconf 80' lang='lat' dir='ltr'>gaudio,</span> 
     </span>
    </p>
   </div>
   <div class='ocr_carea' id='block_1_8' title="bbox 119 1841 778 2173">
    <p class='ocr_par' dir='ltr' id='par_1_11' title="bbox 119 1841 778 2173">
     <span class='ocr_line' id='line_1_26' title="bbox 119 1841 778 1893; baseline -0.003 -13"><span class='ocrx_word' id='word_1_89' title='bbox 119 1842 181 1880; x_wconf 78' lang='lat'>27.</span> <span class='ocrx_word' id='word_1_90' title='bbox 215 1841 288 1879; x_wconf 89' lang='lat' dir='ltr'>Sed</span> <span class='ocrx_word' id='word_1_91' title='bbox 321 1853 399 1886; x_wconf 79' lang='lat' dir='ltr'>nos,</span> <span class='ocrx_word' id='word_1_92' title='bbox 432 1843 519 1879; x_wconf 84' lang='lat' dir='ltr'>licet</span> <span class='ocrx_word' id='word_1_93' title='bbox 549 1843 778 1893; x_wconf 84' lang='lat' dir='ltr'>pauperculi,</span> 
     </span>
     <span class='ocr_line' id='line_1_27' title="bbox 215 1898 667 1945; baseline 0.002 -11"><span class='ocrx_word' id='word_1_94' title='bbox 215 1898 318 1934; x_wconf 87' lang='lat' dir='ltr'>Licet</span> <span class='ocrx_word' id='word_1_95' title='bbox 350 1899 492 1945; x_wconf 88' lang='lat' dir='ltr'>indigni</span> <span class='ocrx_word' id='word_1_96' title='bbox 524 1898 667 1941; x_wconf 73' lang='lat' dir='ltr'>famuli,</span> 
     </span>
     <span class='ocr_line' id='line_1_28' title="bbox 269 1955 717 2003; baseline 0.002 -12"><span class='ocrx_word' id='word_1_97' title='bbox 269 1955 328 1992; x_wconf 84' lang='lat' dir='ltr'>Ad</span> <span class='ocrx_word' id='word_1_98' title='bbox 361 1955 439 1991; x_wconf 89' lang='lat' dir='ltr'>eius</span> <span class='ocrx_word' id='word_1_99' title='bbox 470 1956 717 2003; x_wconf 79' lang='lat' dir='ltr'>clementiam,</span> 
     </span>
     <span class='ocr_line' id='line_1_29' title="bbox 215 2012 736 2053; baseline 0.004 -6"><span class='ocrx_word' id='word_1_100' title='bbox 215 2012 274 2047; x_wconf 80' lang='lat' dir='ltr'>Ad</span> <span class='ocrx_word' id='word_1_101' title='bbox 306 2012 459 2048; x_wconf 82' lang='lat' dir='ltr'>eandem</span> <span class='ocrx_word' id='word_1_102' title='bbox 491 2022 736 2053; x_wconf 80' lang='lat' dir='ltr'>recurramus,</span> 
     </span>
     <span class='ocr_line' id='line_1_30' title="bbox 215 2068 776 2115; baseline -0.002 -9"><span class='ocrx_word' id='word_1_103' title='bbox 215 2068 266 2106; x_wconf 88' lang='lat' dir='ltr'>Ut</span> <span class='ocrx_word' id='word_1_104' title='bbox 297 2078 364 2113; x_wconf 86' lang='lat' dir='ltr'>per</span> <span class='ocrx_word' id='word_1_105' title='bbox 391 2068 510 2114; x_wconf 85' lang='lat' dir='ltr'>ipsam</span> <span class='ocrx_word' id='word_1_106' title='bbox 541 2069 776 2115; x_wconf 83' lang='lat' dir='ltr'>acquiramus</span> 
     </span>
     <span class='ocr_line' id='line_1_31' title="bbox 272 2124 697 2173; baseline 0.009 -15"><span class='ocrx_word' id='word_1_107' title='bbox 272 2124 423 2160; x_wconf 69' lang='lat' dir='ltr'>Veniam</span> <span class='ocrx_word' id='word_1_108' title='bbox 455 2129 493 2162; x_wconf 87' lang='lat' dir='ltr'>et</span> <span class='ocrx_word' id='word_1_109' title='bbox 523 2126 697 2173; x_wconf 69' lang='lat' dir='ltr'>gratiam.</span> 
     </span>
    </p>
   </div>
   <div class='ocr_carea' id='block_1_9' title="bbox 922 317 988 354">
    <p class='ocr_par' dir='ltr' id='par_1_12' title="bbox 922 317 988 354">
     <span class='ocr_line' id='line_1_32' title="bbox 922 317 988 354; baseline 0 -1"><span class='ocrx_word' id='word_1_110' title='bbox 922 317 988 354; x_wconf 68' lang='lat'>28.</span> 
     </span>
    </p>
   </div>
   <div class='ocr_carea' id='block_1_10' title="bbox 921 1085 986 1122">
    <p class='ocr_par' dir='ltr' id='par_1_13' title="bbox 921 1085 986 1122">
     <span class='ocr_line' id='line_1_33' title="bbox 921 1085 986 1122; baseline 0 0"><span class='ocrx_word' id='word_1_111' title='bbox 921 1085 986 1122; x_wconf 79' lang='lat'>30.</span> 
     </span>
    </p>
   </div>
   <div class='ocr_carea' id='block_1_11' title="bbox 923 1846 989 1882">
    <p class='ocr_par' dir='ltr' id='par_1_14' title="bbox 923 1846 989 1882">
     <span class='ocr_line' id='line_1_34' title="bbox 923 1846 989 1882; baseline -0.03 0"><span class='ocrx_word' id='word_1_112' title='bbox 923 1846 989 1882; x_wconf 75' lang='lat'>32.</span> 
     </span>
    </p>
   </div>
   <div class='ocr_carea' id='block_1_12' title="bbox 1019 312 1648 644">
    <p class='ocr_par' dir='ltr' id='par_1_15' title="bbox 1019 312 1648 644">
     <span class='ocr_line' id='line_1_35' title="bbox 1022 312 1585 359; baseline -0.009 -7"><span class='ocrx_word' id='word_1_113' title='bbox 1022 315 1104 352; x_wconf 89' lang='lat' dir='ltr'>Non</span> <span class='ocrx_word' id='word_1_114' title='bbox 1136 314 1232 351; x_wconf 91' lang='lat' dir='ltr'>enim</span> <span class='ocrx_word' id='word_1_115' title='bbox 1252 317 1386 359; x_wconf 73' lang='lat' dir='ltr'>potest</span> <span class='ocrx_word' id='word_1_116' title='bbox 1420 324 1491 349; x_wconf 86' lang='lat' dir='ltr'>non</span> <span class='ocrx_word' id='word_1_117' title='bbox 1522 312 1585 358; x_wconf 87' lang='lat' dir='ltr'>pia</span> 
     </span>
     <span class='ocr_line' id='line_1_36' title="bbox 1021 369 1483 418; baseline -0.006 -10"><span class='ocrx_word' id='word_1_118' title='bbox 1021 372 1174 408; x_wconf 72' lang='lat' dir='ltr'>Necnon</span> <span class='ocrx_word' id='word_1_119' title='bbox 1204 373 1288 407; x_wconf 84' lang='lat' dir='ltr'>&#39;esse</span> <span class='ocrx_word' id='word_1_120' title='bbox 1318 369 1483 418; x_wconf 79' lang='lat' dir='ltr'>propitia</span> 
     </span>
     <span class='ocr_line' id='line_1_37' title="bbox 1078 425 1578 473; baseline -0.006 -9"><span class='ocrx_word' id='word_1_121' title='bbox 1078 427 1207 473; x_wconf 80' lang='lat' dir='ltr'>Nobis,</span> <span class='ocrx_word' id='word_1_122' title='bbox 1240 427 1378 464; x_wconf 87' lang='lat' dir='ltr'>mundo</span> <span class='ocrx_word' id='word_1_123' title='bbox 1408 425 1578 470; x_wconf 84' lang='lat' dir='ltr'>advenis,</span> 
     </span>
     <span class='ocr_line' id='line_1_38' title="bbox 1019 482 1648 530; baseline -0.006 -9"><span class='ocrx_word' id='word_1_124' title='bbox 1019 488 1122 530; x_wconf 73' lang='lat' dir='ltr'>Quae</span> <span class='ocrx_word' id='word_1_125' title='bbox 1162 483 1352 520; x_wconf 84' lang='lat' dir='ltr'>nobiscum</span> <span class='ocrx_word' id='word_1_126' title='bbox 1385 487 1442 519; x_wconf 86' lang='lat' dir='ltr'>est</span> <span class='ocrx_word' id='word_1_127' title='bbox 1471 487 1508 518; x_wconf 88' lang='lat' dir='ltr'>ct</span> <span class='ocrx_word' id='word_1_128' title='bbox 1538 482 1648 518; x_wconf 91' lang='lat' dir='ltr'>homo</span> 
     </span>
     <span class='ocr_line' id='line_1_39' title="bbox 1022 539 1610 587; baseline -0.005 -9"><span class='ocrx_word' id='word_1_129' title='bbox 1022 542 1069 578; x_wconf 80' lang='lat' dir='ltr'>Et</span> <span class='ocrx_word' id='word_1_130' title='bbox 1104 552 1172 587; x_wconf 90' lang='lat' dir='ltr'>pro</span> <span class='ocrx_word' id='word_1_131' title='bbox 1203 540 1311 576; x_wconf 89' lang='lat' dir='ltr'>nobis</span> <span class='ocrx_word' id='word_1_132' title='bbox 1342 543 1397 576; x_wconf 89' lang='lat' dir='ltr'>est</span> <span class='ocrx_word' id='word_1_133' title='bbox 1430 539 1466 575; x_wconf 91' lang='lat' dir='ltr'>in</span> <span class='ocrx_word' id='word_1_134' title='bbox 1500 539 1610 576; x_wconf 85' lang='lat' dir='ltr'>domo</span> 
     </span>
     <span class='ocr_line' id='line_1_40' title="bbox 1077 595 1492 644; baseline 0.002 -10"><span class='ocrx_word' id='word_1_135' title='bbox 1077 597 1146 634; x_wconf 81' lang='lat' dir='ltr'>Dei</span> <span class='ocrx_word' id='word_1_136' title='bbox 1179 608 1260 633; x_wconf 91' lang='lat' dir='ltr'>cum</span> <span class='ocrx_word' id='word_1_137' title='bbox 1292 595 1492 644; x_wconf 85' lang='lat' dir='ltr'>indigenis.</span> 
     </span>
    </p>
   </div>
   <div class='ocr_carea' id='block_1_13' title="bbox 1021 698 1559 1019">
    <p class='ocr_par' dir='ltr' id='par_1_16' title="bbox 1021 698 1559 1019">
     <span class='ocr_line' id='line_1_41' title="bbox 1021 698 1559 745; baseline -0.002 -10"><span class='ocrx_word' id='word_1_138' title='bbox 1021 699 1080 736; x_wconf 73' lang='lat' dir='ltr'>Ad</span> <span class='ocrx_word' id='word_1_139' title='bbox 1115 699 1211 735; x_wconf 86' lang='lat' dir='ltr'>hanc</span> <span class='ocrx_word' id='word_1_140' title='bbox 1242 710 1330 745; x_wconf 82' lang='lat' dir='ltr'>ergo</span> <span class='ocrx_word' id='word_1_141' title='bbox 1362 698 1559 735; x_wconf 72' lang='lat' dir='ltr'>redeamus</span> 
     </span>
     <span class='ocr_line' id='line_1_42' title="bbox 1021 755 1482 802; baseline -0.002 -10"><span class='ocrx_word' id='word_1_142' title='bbox 1021 755 1066 792; x_wconf 78' lang='lat' dir='ltr'>Et</span> <span class='ocrx_word' id='word_1_143' title='bbox 1099 755 1218 792; x_wconf 73' lang='lat' dir='ltr'>eidem</span> <span class='ocrx_word' id='word_1_144' title='bbox 1252 766 1482 802; x_wconf 74' lang='lat' dir='ltr'>exponamus</span> 
     </span>
     <span class='ocr_line' id='line_1_43' title="bbox 1078 812 1527 854; baseline -0.002 -5"><span class='ocrx_word' id='word_1_145' title='bbox 1078 812 1254 849; x_wconf 80' lang='lat' dir='ltr'>Nostrum</span> <span class='ocrx_word' id='word_1_146' title='bbox 1287 812 1527 854; x_wconf 78' lang='lat' dir='ltr'>desiderium.</span> 
     </span>
     <span class='ocr_line' id='line_1_44' title="bbox 1022 869 1472 910; baseline -0.002 -5"><span class='ocrx_word' id='word_1_147' title='bbox 1022 869 1070 908; x_wconf 90' lang='lat' dir='ltr'>Ut</span> <span class='ocrx_word' id='word_1_148' title='bbox 1106 870 1181 905; x_wconf 85' lang='lat' dir='ltr'>nati</span> <span class='ocrx_word' id='word_1_149' title='bbox 1213 869 1270 905; x_wconf 88' lang='lat' dir='ltr'>sui</span> <span class='ocrx_word' id='word_1_150' title='bbox 1301 869 1472 910; x_wconf 68' lang='lat' dir='ltr'>servulis,</span> 
     </span>
     <span class='ocr_line' id='line_1_45' title="bbox 1023 925 1535 971; baseline 0 -10"><span class='ocrx_word' id='word_1_151' title='bbox 1023 926 1129 962; x_wconf 78' lang='lat' dir='ltr'>Licet</span> <span class='ocrx_word' id='word_1_152' title='bbox 1158 926 1195 962; x_wconf 93' lang='lat' dir='ltr'>in</span> <span class='ocrx_word' id='word_1_153' title='bbox 1227 925 1324 961; x_wconf 90' lang='lat' dir='ltr'>bono</span> <span class='ocrx_word' id='word_1_154' title='bbox 1354 925 1535 971; x_wconf 80' lang='lat' dir='ltr'>parvulis,</span> 
     </span>
     <span class='ocr_line' id='line_1_46' title="bbox 1081 981 1457 1019; baseline 0 -1"><span class='ocrx_word' id='word_1_155' title='bbox 1081 982 1198 1019; x_wconf 82' lang='lat' dir='ltr'>Nobis</span> <span class='ocrx_word' id='word_1_156' title='bbox 1229 981 1457 1019; x_wconf 81' lang='lat' dir='ltr'>adiutorium</span> 
     </span>
    </p>
   </div>
   <div class='ocr_carea' id='block_1_14' title="bbox 1020 1083 1649 1414">
    <p class='ocr_par' dir='ltr' id='par_1_17' title="bbox 1022 1083 1547 1132">
     <span class='ocr_line' id='line_1_47' title="bbox 1022 1083 1547 1132; baseline -0.004 -11"><span class='ocrx_word' id='word_1_157' title='bbox 1022 1084 1246 1130; x_wconf 72' lang='lat' dir='ltr'>Impenrlere</span> <span class='ocrx_word' id='word_1_158' title='bbox 1272 1095 1344 1120; x_wconf 90' lang='lat' dir='ltr'>non</span> <span class='ocrx_word' id='word_1_159' title='bbox 1377 1083 1547 1132; x_wconf 80' lang='lat' dir='ltr'>desistat,</span> 
     </span>
    </p>

    <p class='ocr_par' dir='ltr' id='par_1_18' title="bbox 1020 1139 1649 1235">
     <span class='ocr_line' id='line_1_48' title="bbox 1020 1139 1649 1187; baseline -0.002 -10"><span class='ocrx_word' id='word_1_160' title='bbox 1020 1141 1095 1178; x_wconf 85' lang='lat' dir='ltr'>Sed</span> <span class='ocrx_word' id='word_1_161' title='bbox 1127 1141 1227 1177; x_wconf 83' lang='lat' dir='ltr'>circa</span> <span class='ocrx_word' id='word_1_162' title='bbox 1257 1151 1323 1177; x_wconf 87' lang='lat' dir='ltr'>nos</span> <span class='ocrx_word' id='word_1_163' title='bbox 1349 1150 1517 1187; x_wconf 83' lang='lat' dir='ltr'>gressum</span> <span class='ocrx_word' id='word_1_164' title='bbox 1541 1139 1649 1177; x_wconf 87' lang='lat' dir='ltr'>sistat</span> 
     </span>
     <span class='ocr_line' id='line_1_49' title="bbox 1077 1197 1548 1235; baseline 0.002 -2"><span class='ocrx_word' id='word_1_165' title='bbox 1077 1198 1216 1234; x_wconf 82' lang='lat' dir='ltr'>Mentis</span> <span class='ocrx_word' id='word_1_166' title='bbox 1247 1202 1284 1233; x_wconf 87' lang='lat' dir='ltr'>et</span> <span class='ocrx_word' id='word_1_167' title='bbox 1316 1197 1548 1235; x_wconf 85' lang='lat' dir='ltr'>clementiae.</span> 
     </span>
    </p>

    <p class='ocr_par' dir='ltr' id='par_1_19' title="bbox 1021 1254 1466 1300">
     <span class='ocr_line' id='line_1_50' title="bbox 1021 1254 1466 1300; baseline -0.002 -10"><span class='ocrx_word' id='word_1_168' title='bbox 1021 1254 1116 1290; x_wconf 81' lang='lat' dir='ltr'>Suae</span> <span class='ocrx_word' id='word_1_169' title='bbox 1147 1254 1202 1290; x_wconf 90' lang='lat' dir='ltr'>illi</span> <span class='ocrx_word' id='word_1_170' title='bbox 1235 1254 1319 1300; x_wconf 89' lang='lat' dir='ltr'>piae</span> <span class='ocrx_word' id='word_1_171' title='bbox 1350 1254 1466 1290; x_wconf 89' lang='lat' dir='ltr'>menti</span> 
     </span>
    </p>

    <p class='ocr_par' dir='ltr' id='par_1_20' title="bbox 1022 1310 1535 1414">
     <span class='ocr_line' id='line_1_51' title="bbox 1022 1310 1535 1358; baseline 0 -12"><span class='ocrx_word' id='word_1_172' title='bbox 1022 1310 1099 1347; x_wconf 88' lang='lat' dir='ltr'>Nos</span> <span class='ocrx_word' id='word_1_173' title='bbox 1131 1310 1260 1358; x_wconf 80' lang='lat' dir='ltr'>infigat</span> <span class='ocrx_word' id='word_1_174' title='bbox 1292 1315 1329 1347; x_wconf 83' lang='lat' dir='ltr'>et</span> <span class='ocrx_word' id='word_1_175' title='bbox 1360 1310 1535 1347; x_wconf 87' lang='lat' dir='ltr'>clementi</span> 
     </span>
     <span class='ocr_line' id='line_1_52' title="bbox 1078 1367 1529 1414; baseline 0 -10"><span class='ocrx_word' id='word_1_176' title='bbox 1078 1367 1175 1405; x_wconf 87' lang='lat' dir='ltr'>Suae</span> <span class='ocrx_word' id='word_1_177' title='bbox 1205 1377 1355 1414; x_wconf 85' lang='lat' dir='ltr'>semper</span> <span class='ocrx_word' id='word_1_178' title='bbox 1385 1367 1529 1413; x_wconf 84' lang='lat' dir='ltr'>gratiae</span> 
     </span>
    </p>
   </div>
   <div class='ocr_carea' id='block_1_15' title="bbox 1022 1468 1528 1801">
    <p class='ocr_par' dir='ltr' id='par_1_21' title="bbox 1022 1468 1528 1801">
     <span class='ocr_line' id='line_1_53' title="bbox 1024 1468 1528 1517; baseline -0.002 -11"><span class='ocrx_word' id='word_1_179' title='bbox 1024 1469 1073 1506; x_wconf 86' lang='lat' dir='ltr'>Et</span> <span class='ocrx_word' id='word_1_180' title='bbox 1107 1469 1152 1506; x_wconf 90' lang='lat' dir='ltr'>de</span> <span class='ocrx_word' id='word_1_181' title='bbox 1183 1468 1286 1506; x_wconf 87' lang='lat' dir='ltr'>fonte</span> <span class='ocrx_word' id='word_1_182' title='bbox 1316 1468 1528 1517; x_wconf 85' lang='lat' dir='ltr'>septiformi</span> 
     </span>
     <span class='ocr_line' id='line_1_54' title="bbox 1022 1525 1492 1573; baseline 0 -11"><span class='ocrx_word' id='word_1_183' title='bbox 1022 1526 1073 1562; x_wconf 81' lang='lat' dir='ltr'>Et</span> <span class='ocrx_word' id='word_1_184' title='bbox 1103 1526 1240 1573; x_wconf 72' lang='lat' dir='ltr'>abysso</span> <span class='ocrx_word' id='word_1_185' title='bbox 1271 1525 1492 1563; x_wconf 86' lang='lat' dir='ltr'>multiformi</span> 
     </span>
     <span class='ocr_line' id='line_1_55' title="bbox 1081 1582 1468 1620; baseline 0 0"><span class='ocrx_word' id='word_1_186' title='bbox 1081 1582 1236 1620; x_wconf 82' lang='lat' dir='ltr'>Gratiae</span> <span class='ocrx_word' id='word_1_187' title='bbox 1268 1582 1468 1620; x_wconf 87' lang='lat' dir='ltr'>dulcifluae</span> 
     </span>
     <span class='ocr_line' id='line_1_56' title="bbox 1027 1639 1473 1677; baseline 0 -2"><span class='ocrx_word' id='word_1_188' title='bbox 1027 1639 1193 1676; x_wconf 77' lang='lat' dir='ltr'>Pluvium</span> <span class='ocrx_word' id='word_1_189' title='bbox 1226 1640 1473 1677; x_wconf 84' lang='lat' dir='ltr'>voluntariam</span> 
     </span>
     <span class='ocr_line' id='line_1_57' title="bbox 1022 1695 1462 1743; baseline 0.002 -12"><span class='ocrx_word' id='word_1_190' title='bbox 1022 1695 1070 1732; x_wconf 88' lang='lat' dir='ltr'>Et</span> <span class='ocrx_word' id='word_1_191' title='bbox 1103 1697 1159 1732; x_wconf 90' lang='lat' dir='ltr'>sui</span> <span class='ocrx_word' id='word_1_192' title='bbox 1192 1697 1287 1733; x_wconf 87' lang='lat' dir='ltr'>roris</span> <span class='ocrx_word' id='word_1_193' title='bbox 1319 1697 1462 1743; x_wconf 81' lang='lat' dir='ltr'>copiam</span> 
     </span>
     <span class='ocr_line' id='line_1_58' title="bbox 1078 1751 1473 1801; baseline 0.005 -12"><span class='ocrx_word' id='word_1_194' title='bbox 1078 1751 1259 1790; x_wconf 75' lang='lat' dir='ltr'>Infunclat</span> <span class='ocrx_word' id='word_1_195' title='bbox 1291 1754 1473 1801; x_wconf 84' lang='lat' dir='ltr'>largiflue.</span> 
     </span>
    </p>
   </div>
   <div class='ocr_carea' id='block_1_16' title="bbox 1019 1844 1572 2175">
    <p class='ocr_par' dir='ltr' id='par_1_22' title="bbox 1020 1844 1570 2005">
     <span class='ocr_line' id='line_1_59' title="bbox 1021 1844 1570 1893; baseline -0.004 -11"><span class='ocrx_word' id='word_1_196' title='bbox 1021 1845 1113 1882; x_wconf 86' lang='lat' dir='ltr'>Flos</span> <span class='ocrx_word' id='word_1_197' title='bbox 1145 1844 1344 1891; x_wconf 83' lang='lat' dir='ltr'>virginum,</span> <span class='ocrx_word' id='word_1_198' title='bbox 1378 1856 1399 1881; x_wconf 91' lang='lat' dir='ltr'>o</span> <span class='ocrx_word' id='word_1_199' title='bbox 1432 1845 1570 1893; x_wconf 70' lang='lat' dir='ltr'>Maria,</span> 
     </span>
     <span class='ocr_line' id='line_1_60' title="bbox 1020 1900 1539 1946; baseline 0.002 -9"><span class='ocrx_word' id='word_1_200' title='bbox 1020 1900 1146 1946; x_wconf 71' lang='lat' dir='ltr'>Flore,</span> <span class='ocrx_word' id='word_1_201' title='bbox 1177 1900 1314 1946; x_wconf 71' lang='lat' dir='ltr'>fructu,</span> <span class='ocrx_word' id='word_1_202' title='bbox 1347 1912 1433 1938; x_wconf 89' lang='lat' dir='ltr'>rore</span> <span class='ocrx_word' id='word_1_203' title='bbox 1465 1901 1539 1945; x_wconf 75' lang='lat' dir='ltr'>dia,</span> 
     </span>
     <span class='ocr_line' id='line_1_61' title="bbox 1076 1958 1504 2005; baseline -0.007 -9"><span class='ocrx_word' id='word_1_204' title='bbox 1076 1958 1156 1996; x_wconf 90' lang='lat' dir='ltr'>Tuo</span> <span class='ocrx_word' id='word_1_205' title='bbox 1188 1958 1307 1995; x_wconf 86' lang='lat' dir='ltr'>imbre</span> <span class='ocrx_word' id='word_1_206' title='bbox 1339 1959 1504 2005; x_wconf 77' lang='lat' dir='ltr'>caelitus,</span> 
     </span>
    </p>

    <p class='ocr_par' dir='ltr' id='par_1_23' title="bbox 1019 2014 1572 2175">
     <span class='ocr_line' id='line_1_62' title="bbox 1020 2014 1514 2064; baseline 0 -14"><span class='ocrx_word' id='word_1_207' title='bbox 1020 2014 1135 2051; x_wconf 89' lang='lat' dir='ltr'>Plena</span> <span class='ocrx_word' id='word_1_208' title='bbox 1167 2014 1273 2051; x_wconf 88' lang='lat' dir='ltr'>bonis</span> <span class='ocrx_word' id='word_1_209' title='bbox 1304 2020 1341 2052; x_wconf 87' lang='lat' dir='ltr'>et</span> <span class='ocrx_word' id='word_1_210' title='bbox 1371 2015 1514 2064; x_wconf 84' lang='lat' dir='ltr'>sophia,</span> 
     </span>
     <span class='ocr_line' id='line_1_63' title="bbox 1019 2070 1572 2119; baseline 0.002 -12"><span class='ocrx_word' id='word_1_211' title='bbox 1019 2070 1097 2107; x_wconf 85' lang='lat' dir='ltr'>Nos</span> <span class='ocrx_word' id='word_1_212' title='bbox 1128 2070 1328 2119; x_wconf 88' lang='lat' dir='ltr'>perfunde,</span> <span class='ocrx_word' id='word_1_213' title='bbox 1360 2073 1466 2118; x_wconf 80' lang='lat' dir='ltr'>virgo</span> <span class='ocrx_word' id='word_1_214' title='bbox 1496 2072 1572 2119; x_wconf 82' lang='lat' dir='ltr'>pia,</span> 
     </span>
     <span class='ocr_line' id='line_1_64' title="bbox 1075 2128 1524 2175; baseline 0 -11"><span class='ocrx_word' id='word_1_215' title='bbox 1075 2128 1175 2164; x_wconf 87' lang='lat' dir='ltr'>Rore</span> <span class='ocrx_word' id='word_1_216' title='bbox 1205 2128 1327 2165; x_wconf 88' lang='lat' dir='ltr'>sancti</span> <span class='ocrx_word' id='word_1_217' title='bbox 1357 2129 1524 2175; x_wconf 81' lang='lat' dir='ltr'>spiritus,</span> 
     </span>
    </p>
   </div>
   <div class='ocr_carea' id='block_1_17' title="bbox 500 2217 1146 2538">
    <p class='ocr_par' dir='ltr' id='par_1_24' title="bbox 500 2217 1146 2538">
     <span class='ocr_line' id='line_1_65' title="bbox 500 2217 1100 2263; baseline 0.002 -9"><span class='ocrx_word' id='word_1_218' title='bbox 500 2217 564 2254; x_wconf 88' lang='lat'>33.</span> <span class='ocrx_word' id='word_1_219' title='bbox 597 2217 675 2253; x_wconf 85' lang='lat' dir='ltr'>Fac</span> <span class='ocrx_word' id='word_1_220' title='bbox 702 2226 772 2263; x_wconf 90' lang='lat' dir='ltr'>per</span> <span class='ocrx_word' id='word_1_221' title='bbox 801 2221 903 2253; x_wconf 89' lang='lat' dir='ltr'>tuum</span> <span class='ocrx_word' id='word_1_222' title='bbox 934 2218 1100 2255; x_wconf 89' lang='lat' dir='ltr'>Alleluia</span> 
     </span>
     <span class='ocr_line' id='line_1_66' title="bbox 594 2273 1110 2320; baseline 0.006 -11"><span class='ocrx_word' id='word_1_223' title='bbox 594 2273 834 2320; x_wconf 72' lang='lat' dir='ltr'>‘suarumque</span> <span class='ocrx_word' id='word_1_224' title='bbox 864 2284 1017 2320; x_wconf 90' lang='lat' dir='ltr'>precum</span> <span class='ocrx_word' id='word_1_225' title='bbox 1051 2275 1110 2312; x_wconf 86' lang='lat' dir='ltr'>via</span> 
     </span>
     <span class='ocr_line' id='line_1_67' title="bbox 645 2330 1146 2376; baseline 0.006 -11"><span class='ocrx_word' id='word_1_226' title='bbox 645 2330 686 2366; x_wconf 93' lang='lat' dir='ltr'>In</span> <span class='ocrx_word' id='word_1_227' title='bbox 718 2330 789 2366; x_wconf 87' lang='lat' dir='ltr'>hae</span> <span class='ocrx_word' id='word_1_228' title='bbox 818 2331 947 2367; x_wconf 88' lang='lat' dir='ltr'>mundi</span> <span class='ocrx_word' id='word_1_229' title='bbox 980 2332 1146 2376; x_wconf 70' lang='lat' dir='ltr'>specula,</span> 
     </span>
     <span class='ocr_line' id='line_1_68' title="bbox 595 2385 1103 2434; baseline 0.004 -11"><span class='ocrx_word' id='word_1_230' title='bbox 595 2385 645 2423; x_wconf 90' lang='lat' dir='ltr'>Ut</span> <span class='ocrx_word' id='word_1_231' title='bbox 676 2387 848 2424; x_wconf 88' lang='lat' dir='ltr'>caelestis</span> <span class='ocrx_word' id='word_1_232' title='bbox 879 2388 1103 2434; x_wconf 71' lang='lat' dir='ltr'>symphonia</span> 
     </span>
     <span class='ocr_line' id='line_1_69' title="bbox 595 2442 1047 2489; baseline 0.009 -11"><span class='ocrx_word' id='word_1_233' title='bbox 595 2442 715 2489; x_wconf 72' lang='lat' dir='ltr'>Regni</span> <span class='ocrx_word' id='word_1_234' title='bbox 746 2442 853 2480; x_wconf 90' lang='lat' dir='ltr'>nobis</span> <span class='ocrx_word' id='word_1_235' title='bbox 884 2444 1047 2482; x_wconf 81' lang='lat' dir='ltr'>melodia</span> 
     </span>
     <span class='ocr_line' id='line_1_70' title="bbox 653 2498 1075 2538; baseline 0.005 -2"><span class='ocrx_word' id='word_1_236' title='bbox 653 2498 816 2536; x_wconf 85' lang='lat' dir='ltr'>Resonet</span> <span class='ocrx_word' id='word_1_237' title='bbox 842 2500 881 2536; x_wconf 92' lang='lat' dir='ltr'>in</span> <span class='ocrx_word' id='word_1_238' title='bbox 912 2501 1075 2538; x_wconf 83' lang='lat' dir='ltr'>saecula.</span> 
     </span>
    </p>
   </div>
   <div class='ocr_carea' id='block_1_18' title="bbox 551 2588 1184 2639">
    <p class='ocr_par' dir='ltr' id='par_1_25' title="bbox 551 2588 1184 2639">
     <span class='ocr_line' id='line_1_71' title="bbox 551 2588 1184 2639; baseline 0.013 -15"><span class='ocrx_word' id='word_1_239' title='bbox 551 2588 718 2636; x_wconf 67' lang='lat' dir='ltr'>Explicit</span> <span class='ocrx_word' id='word_1_240' title='bbox 747 2591 961 2637; x_wconf 75' lang='lat' dir='ltr'>capitulum</span> <span class='ocrx_word' id='word_1_241' title='bbox 991 2597 1184 2639; x_wconf 69' lang='lat' dir='ltr'>quartum.</span> 
     </span>
    </p>
   </div>
   <div class='ocr_carea' id='block_1_19' title="bbox 506 2712 1227 2763">
    <p class='ocr_par' dir='ltr' id='par_1_26' title="bbox 506 2712 1227 2763">
     <span class='ocr_line' id='line_1_72' title="bbox 506 2712 1227 2763; baseline 0.008 -15"><span class='ocrx_word' id='word_1_242' title='bbox 506 2712 694 2759; x_wconf 84' lang='lat' dir='ltr'>Incipit</span> <span class='ocrx_word' id='word_1_243' title='bbox 735 2715 916 2753; x_wconf 87' lang='lat' dir='ltr'>titulus</span> <span class='ocrx_word' id='word_1_244' title='bbox 955 2717 1001 2753; x_wconf 92' lang='lat' dir='ltr'>in</span> <span class='ocrx_word' id='word_1_245' title='bbox 1043 2717 1227 2763; x_wconf 83' lang='lat' dir='ltr'>quinto.</span> 
     </span>
    </p>
   </div>
   <div class='ocr_carea' id='block_1_20' title="bbox 301 2799 1410 2970">
    <p class='ocr_par' dir='ltr' id='par_1_27' title="bbox 301 2799 1410 2970">
     <span class='ocr_line' id='line_1_73' title="bbox 301 2799 1410 2855; baseline 0.009 -19"><span class='ocrx_word' id='word_1_246' title='bbox 301 2799 381 2838; x_wconf 83' lang='lat' dir='ltr'>Vae</span> <span class='ocrx_word' id='word_1_247' title='bbox 410 2800 492 2847; x_wconf 74' lang='lat' dir='ltr'>tibi,</span> <span class='ocrx_word' id='word_1_248' title='bbox 525 2803 668 2849; x_wconf 88' lang='lat' dir='ltr'>pseudo</span> <span class='ocrx_word' id='word_1_249' title='bbox 698 2802 814 2851; x_wconf 75' lang='lat' dir='ltr'>furor,</span> <span class='ocrx_word' id='word_1_250' title='bbox 846 2806 933 2853; x_wconf 82' lang='lat' dir='ltr'>quia</span> <span class='ocrx_word' id='word_1_251' title='bbox 963 2811 999 2843; x_wconf 91' lang='lat' dir='ltr'>te</span> <span class='ocrx_word' id='word_1_252' title='bbox 1031 2812 1208 2854; x_wconf 88' lang='lat' dir='ltr'>serpente</span> <span class='ocrx_word' id='word_1_253' title='bbox 1240 2819 1410 2855; x_wconf 86' lang='lat' dir='ltr'>peruror.</span> 
     </span>
     <span class='ocr_line' id='line_1_74' title="bbox 301 2857 1397 2911; baseline 0.005 -15"><span class='ocrx_word' id='word_1_254' title='bbox 301 2857 399 2896; x_wconf 87' lang='lat' dir='ltr'>Proh</span> <span class='ocrx_word' id='word_1_255' title='bbox 431 2858 550 2905; x_wconf 83' lang='lat' dir='ltr'>dolor,</span> <span class='ocrx_word' id='word_1_256' title='bbox 581 2864 722 2897; x_wconf 83' lang='lat' dir='ltr'>statera</span> <span class='ocrx_word' id='word_1_257' title='bbox 751 2866 839 2908; x_wconf 86' lang='lat' dir='ltr'>quot</span> <span class='ocrx_word' id='word_1_258' title='bbox 871 2863 997 2909; x_wconf 87' lang='lat' dir='ltr'>perdit</span> <span class='ocrx_word' id='word_1_259' title='bbox 1028 2864 1156 2911; x_wconf 82' lang='lat' dir='ltr'>iniqua</span> <span class='ocrx_word' id='word_1_260' title='bbox 1187 2865 1397 2903; x_wconf 86' lang='lat' dir='ltr'>chimaera!</span> 
     </span>
     <span class='ocr_line' id='line_1_75' title="bbox 301 2914 1267 2970; baseline 0.007 -18"><span class='ocrx_word' id='word_1_261' title='bbox 301 2914 331 2952; x_wconf 96' lang='grc' dir='ltr'>Ο</span> <span class='ocrx_word' id='word_1_262' title='bbox 359 2914 422 2961; x_wconf 80' lang='lat' dir='ltr'>pia</span> <span class='ocrx_word' id='word_1_263' title='bbox 454 2915 568 2962; x_wconf 79' lang='lat' dir='ltr'>virgo,</span> <span class='ocrx_word' id='word_1_264' title='bbox 599 2927 747 2966; x_wconf 83' lang='lat' dir='ltr'>precor,</span> <span class='ocrx_word' id='word_1_265' title='bbox 781 2918 894 2956; x_wconf 81' lang='lat' dir='ltr'>virosi</span> <span class='ocrx_word' id='word_1_266' title='bbox 925 2920 1085 2959; x_wconf 85' lang='lat' dir='ltr'>domatis</span> <span class='ocrx_word' id='word_1_267' title='bbox 1115 2932 1267 2970; x_wconf 84' lang='lat' dir='ltr'>aequor,</span> 
     </span>
    </p>
   </div>
  </div>
 </body>
</html>
