2031 3289
951 212 1260 257 2266-

785 372 866 408 279.
902 373 959 415 (5.)
994 374 1051 408 De
1076 373 1206 409 Beata
1229 373 1361 408 Maria
1386 373 1432 408 V.

270 482 272 485 ’
330 468 398 506 la.
441 467 546 504 Haec
587 467 758 503 columna
789 466 897 503 nubis
927 467 1068 516 lucens,
1144 467 1215 504 lb.

442 524 578 560 Verum
611 523 789 560 Israelem
824 524 964 560 ducens

497 580 560 617 Ad
590 590 746 617 amoena
776 580 946 626 patriae3

329 684 400 720 23.
433 682 537 718 Haec
567 682 705 718 amicta
735 681 814 718 sole
843 681 957 718 solem

330 899 400 937 33.

329 1114 399 1150 42.

331 1604 353 1638 (3
368 1612 399 1637 a.

495 738 688 775 Amiciens

554 795 686 833 Carnis
717 805 805 831 suae
836 795 962 845 pallio,

445 897 540 933 Dum
573 897 698 934 lunam
730 897 797 933 sub
830 896 990 943 pedibus

444 954 575 995 Tenet,
609 953 879 1000 temporalibus

498 1011 679 1047 Praeesse
712 1011 878 1055 docetur,

442 1113 547 1149 Haec
578 1113 759 1149 malorum
792 1112 1019 1149 Punicorum

446 1169 660 1218 Paradisus,
695 1168 778 1205 fons
809 1169 1015 1219 hortorum,

498 1225 708 1263 Salomonis
742 1224 937 1264 ferculum.

392 1357 399 1365 .
440 1329 544 1365 Haec
576 1333 631 1365 est
663 1329 871 1375 sapientiae

442 1386 595 1429 Domus,
629 1390 772 1432 septem
804 1385 948 1432 gratiae.

501 1443 691 1479 Columnis
723 1442 942 1479 decentibus

554 1500 706 1538 Excisa.

443 1601 557 1647 Ergo,
589 1604 710 1637 mater
741 1600 914 1650 gloriosa,

443 1658 645 1694 Mulierum
678 1668 838 1694 vernans
870 1668 965 1700 rosa,

503 1715 639 1750 Lilium
673 1714 910 1762 convallium,

1142 681 1214 719 2b.

1143 895 1213 934 3b.

1146 1112 1218 1150 4b.

1147 1602 1169 1637 (3
1185 1600 1220 1638 b.

1253 467 1359 504 Haec
1381 470 1437 503 est
1458 466 1583 513 arbor,
1615 466 1717 502 cuius
1741 465 1883 504 fructus
1942 511 1944 514 y
2007 456 2010 506 f

1255 523 1354 571 Vita,
1388 527 1508 559 mater
1539 533 1675 569 expers
1707 523 1829 560 luctus

1311 580 1353 615 In
1385 584 1497 626 partu
1529 579 1710 620 laetitiae,

1254 681 1476 718 Fecundata
1507 681 1615 727 prole
1646 681 1791 728 prolem

1309 737 1526 784 Enutriens,

1367 794 1639 832 obsecundans
1669 792 1760 833 filio.

1261 897 1322 945 Et,
1353 901 1394 932 ut,
1426 896 1650 943 temporalia
2006 938 2007 943 ¹

1256 954 1484 992 Censeamus
1517 953 1618 998 vilia,
1959 962 1962 963 ’
2006 934 2031 982 ’1

1313 1009 1449 1046 Dicere
1480 1010 1642 1048 videtur.
1927 1051 1931 1053 ,
2007 1007 2031 1051 1¹:

1260 1113 1365 1149 Haec
1396 1111 1527 1148 hortus
1560 1112 1793 1158 deliciarum,
2007 1113 2031 1149 l

1259 1169 1472 1206 Viventium
1505 1167 1588 1205 fons
1620 1180 1812 1215 aquarum,
2007 1179 2010 1185 ·

1314 1225 1509 1263 Castitatis
1539 1225 1744 1272 speculum.

1258 1329 1362 1366 Haec
1393 1340 1506 1376 rupes
1539 1327 1782 1376 constantiae,

1260 1386 1314 1422 De
1346 1397 1419 1432 qua
1450 1389 1507 1422 est
1537 1384 1703 1421 iustitiae

1316 1443 1429 1479 Petra
1460 1442 1541 1479 sine
1572 1441 1744 1478 manibus

1377 1499 1561 1537 Praecisa.

1262 1600 1319 1637 Ab
1352 1602 1525 1647 Aegypto
1558 1599 1751 1637 servitutis

1259 1657 1336 1693 Nos
1368 1668 1436 1703 per
1467 1657 1562 1694 viam
1597 1657 1669 1694 duc
1699 1656 1850 1693 virtutis

1314 1714 1375 1751 Ad
1408 1718 1548 1751 terram
1581 1713 1798 1752 viventium.
2011 1713 2014 1755 ὲ

719 1869 801 1904 280.
834 1870 891 1910 (⁴5.)
926 1869 984 1903 De
1011 1869 1140 1904 Beata
1164 1868 1295 1904 Maria
1320 1868 1500 1911 Virgine.

333 1965 402 2002 la.
437 1964 554 2000 Stella
586 1964 713 2009 maris,
745 1964 848 1999 stilla
880 1964 1015 2011 mellis,

331 2181 401 2217 2a.

332 2613 401 2650 411.

444 2020 518 2057 Sed
549 2021 632 2068 plus
666 2020 815 2057 radiosa
848 2021 982 2070 stellis,

503 2077 589 2113 Plus
621 2077 733 2113 stillis
767 2076 958 2122 dulciflua,

442 2179 593 2215 Foedus
625 2180 729 2225 pacis
760 2179 900 2215 mundo
932 2179 1054 2223 datur,

446 2237 556 2273 Almo
584 2235 676 2272 flore
707 2236 930 2282 ligustratur

500 2295 626 2329 Aaron
660 2302 770 2329 arens
802 2293 959 2338 virgula.

444 2395 548 2432 Mala
579 2398 708 2432 nostra
739 2394 864 2431 ferens
895 2395 961 2439 ita,

446 2452 503 2488 Ne
534 2463 633 2488 mors
665 2452 779 2499 vivat,
812 2451 891 2488 obit
921 2451 1011 2497 vita,

501 2509 574 2546 Res
607 2509 728 2555 prima
758 2508 799 2545 fit
833 2508 973 2545 ultima.

446 2610 524 2646 Nos
557 2611 753 2647 consolans
786 2620 830 2647 ea
861 2611 940 2647 sola

448 2666 557 2703 Felix
590 2667 703 2716 scala,
738 2667 846 2704 bonis
877 2667 1017 2714 schola,

504 2724 665 2762 Cedrum
701 2722 790 2760 fecit
822 2723 1018 2771 hysopum,

389 2853 401 2861 ..
446 2825 570 2862 Vincit
603 2825 705 2872 pugil
737 2825 802 2861 illc
833 2825 955 2872 gentis

445 2882 491 2918 Et
524 2886 676 2928 ereptae
712 2882 758 2918 de
790 2882 986 2920 tormentis

503 2939 753 2986 Requiescunt
786 2937 1003 2986 palpebrae.

1148 1963 1218 2002 lb.

1147 2179 1220 2218 2b.

1147 2397 1169 2432 3
1184 2395 1220 2433 b.

1147 2610 1219 2648 41).

1148 2824 1221 2863 51).

1259 1963 1377 2000 Mella
1410 1963 1542 2009 procul
1574 1963 1667 2000 dans
1699 1967 1736 1999 et
1766 1963 1840 2000 late

1258 2021 1397 2056 Terras
1431 2030 1559 2056 omnes
1591 2019 1759 2056 bonitate

1315 2077 1474 2114 serenat
1504 2080 1699 2123 perpetua.

1261 2178 1434 2216 Christus
1465 2178 1511 2215 ob
1544 2178 1703 2215 mortale
1733 2188 1848 2225 genus

1260 2235 1321 2272 Fit
1353 2235 1537 2280 mortalis,
1570 2234 1612 2272 fit
1643 2245 1795 2283 egenus,

1314 2292 1375 2328 Fit
1407 2292 1510 2329 locus
1541 2292 1591 2329 ad
1624 2291 1757 2329 iacula.

1259 2395 1373 2431 Fiunt
1401 2398 1482 2431 arte
1513 2394 1583 2432 Dei
1615 2394 1776 2441 quadam

1258 2452 1384 2488 Mater
1415 2452 1533 2498 virgo,
1565 2450 1668 2488 Deus
1700 2452 1835 2494 Adam,

1315 2508 1475 2545 Nomina
1506 2519 1725 2554 synonyma.

1259 2610 1330 2647 Est
1360 2621 1432 2657 qua
1463 2620 1557 2656 puer
1587 2609 1696 2646 nobis
1727 2613 1847 2652 natus,

1262 2668 1333 2704 Per
1355 2677 1461 2713 quem
1485 2666 1583 2703 iacet
1604 2666 1722 2703 hostis
1749 2668 1888 2702 stratus

1314 2724 1362 2760 Et
1395 2722 1559 2760 afflictor
1586 2723 1752 2769 inopum.

1262 2825 1370 2861 Felix
1403 2825 1635 2871 captivorum
1668 2827 1797 2873 status,

1260 2881 1390 2920 Hostis
1423 2891 1511 2918 vero
1543 2881 1754 2918 trucidatus

1318 2939 1433 2975 Tenet
1467 2943 1615 2975 antrum
1648 2937 1818 2977 funebre.

2015 3072 2019 3109 l

1900 3130 2031 3289 al
