2031 3289
1944 0 2031 106 ’Ξ

1920 114 1932 119 ”
1960 109 2021 151 ³5:

1983 161 2027 191 ,Ὗ

1038 214 1088 219 -
1149 190 1231 231 290
1293 214 1342 218 —
1983 219 1998 225 ⁷-

427 307 479 344 24
491 317 525 345 3.
556 306 615 344 Tu
627 316 679 352 es,
692 316 760 352 per
772 315 883 352 quam
895 304 1154 351 menspiorum
1236 304 1332 353 2410.
1366 297 1997 352 oqua111donumpermaximum!{
2029 294 2031 343 ]

552 363 654 400 Pane
683 359 778 399 virit
804 361 1025 424 angelorum
1276 396 1282 401 .
1366 361 1472 424 Sicut
1503 362 1612 399 homo
1643 363 1692 399 ad
1722 359 1935 408 proximum
1986 404 2001 409 ,,
2026 346 2031 489 ⁴

610 419 654 456 In
684 418 814 454 mundi
844 417 992 455 milltia.
1302 436 1314 444 ·
1424 418 1562 455 Viatici
1592 418 1715 465 gratia

427 534 477 570 25
495 543 528 568 a.
562 530 733 568 Visibilis
765 529 873 567 adest
903 530 1020 578 Deus,
1239 531 1289 568 25
1303 530 1340 569 b.
1373 530 1479 575 Quod
1521 515 1693 576 promisit
1724 530 1786 566 hic
1811 529 1990 568 offerens'
2026 490 2031 581 l

555 588 606 625 Et
635 587 802 624 munitur
832 586 975 624 Christi
1005 597 1090 623 reus
1372 587 1424 624 Et
1454 597 1537 623 cum
1568 591 1677 633 patre
1708 597 1748 623 se
1774 585 1987 624 conferens?
2027 583 2031 603 ³

618 644 790 689 Corpore
821 647 860 680 et
889 643 1083 689 sanguine,
1431 643 1481 680 Et
1511 653 1595 679 cum
1625 647 1755 680 sancto
1785 641 1945 684 flamine.
1986 644 1991 646 '

427 759 477 795 26
491 767 526 794 a.
557 757 587 794 O
618 757 714 794 mira
745 767 805 793 res
838 760 873 792 et
905 756 1113 803 stupenda!
1238 758 1290 795 26
1304 755 1341 794 b.
1370 755 1467 802 Quid
1485 756 1546 792 hic
1564 756 1670 801 dicis⁷
1688 755 1797 803 plebs
1814 756 1986 803 venalis,>
2023 783 2031 818 Ι

552 813 649 859 Quid
680 813 742 849 hic
774 813 879 863 dicis,
909 824 930 850 0
951 813 1157 871 plectenda
1369 813 1483 850 Plebs
1495 813 1687 861 subversa,
1708 811 1968 860 plebsferalis.
2020 821 2031 872 f

613 869 782 916 Nequam
815 869 924 916 plebs
955 870 1158 916 etimpia?
1427 868 1608 907 Veritatis
1639 868 1788 906 inscia?
2019 875 2031 926 ss]

426 985 526 1021 273.
559 983 660 1020 Deus
691 983 800 1020 adest
831 987 868 1019 et
898 983 1049 1020 videtur
1239 984 1289 1021 27
1304 982 1341 1020 b.
1374 983 1426 1021 Ut
1456 981 1556 1019 filius
1584 982 1667 1029 ipse
1698 981 1781 1028 Dei,
2020 928 2031 966 Ἰ

554 1040 606 1078 Et
635 1039 814 1086 palpatur
845 1043 882 1076 et
911 1043 1060 1076 tenetur
1368 1038 1526 1084 Quando
1555 1049 1710 1075 necesse
1740 1042 1802 1075 est,v
1827 1038 1873 1089 ei,

611 1096 784 1134 Inclusus
815 1096 855 1132 in
886 1096 1050 1142 vasculo,
1424 1095 1498 1133 Suo
1530 1095 1641 1132 detur
1669 1095 1823 1142 populo.

430 1211 524 1248 283.
558 1209 588 1247 Ο
621 1209 750 1246 divina
778 1218 838 1245 res
870 1211 908 1244 et
937 1208 1053 1245 mira!
1240 1208 1292 1246 28
1306 1208 1342 1248 b.
1375 1209 1537 1245 Videtur
1566 1208 1780 1257 invisibilis,
1914 1228 1919 1233 ·
2013 1210 2023 1246 ἵ

559 1266 589 1303 Ο
622 1265 757 1302 canina
787 1264 909 1312 plebs,
943 1265 1074 1315 delira,
1373 1265 1557 1311 Palpatur
1587 1264 1832 1311 inpalpabilis
2016 1271 2017 1275 ’

556 1322 668 1360 Virus
702 1321 825 1358 dirum
857 1319 1044 1369 fundens,
1077 1321 1161 1358 dira
1370 1322 1422 1358 Et
1451 1321 1841 1368 incomprehensibilis

613 1378 750 1416 Mundi
780 1388 849 1424 per
879 1378 1082 1426 originem!
1428 1378 1594 1414 Tenetur
1623 1388 1693 1424 per
1729 1378 1921 1425 virginem.

428 1494 480 1530 29
495 1503 530 1529 a.
561 1492 668 1538 Quod
698 1491 873 1538 ignorant
906 1491 1087 1528 haeretici
1242 1493 1294 1530 29
1307 1491 1343 1529 b.
1378 1491 1453 1529 Sed
1484 1491 1546 1537 qui
1577 1501 1688 1527 nosse
1710 1491 1790 1527 vult
1811 1480 1984 1529 Mariam'
2007 1477 2031 1529 i·

554 1548 623 1584 Vel
653 1548 777 1584 insani
809 1548 1021 1594 phrenetici
1371 1548 1422 1585 Et
1451 1547 1570 1594 ipsius
1601 1547 1746 1594 prolem
1779 1547 1890 1596 diam,

555 1605 625 1642 Vel
656 1604 828 1651 perversi
858 1604 1088 1641 schismatici
1374 1605 1509 1641 Veniat
1539 1604 1588 1641 ad
1620 1604 1819 1641 ecclesiam

609 1661 749 1698 Rabies
781 1665 818 1697 et
849 1659 960 1701 furia.
1427 1661 1584 1698 Discere
1614 1660 1808 1708 mysteria,

432 1777 529 1816 303.
562 1776 636 1813 Hic
666 1776 815 1813 visurus
846 1774 1116 1813 inflammatum
1242 1778 1293 1815 30
1306 1776 1342 1814 b.
1375 1776 1459 1813 Non
1490 1775 1627 1813 ardore
1657 1775 1813 1822 genitali
2003 1749 2008 1767 ’

554 1832 917 1879 Rubum,qu0ndam
929 1832 1179 1879 designatum,
1373 1833 1454 1870 Nec
1483 1832 1609 1869 calore
1638 1831 1805 1869 maritali
2001 1845 2004 1877 2

555 1889 655 1926 Rubi
688 1889 802 1926 decus
833 1889 916 1926 Deo
949 1894 1110 1937 gratum,
1371 1889 1502 1936 Neque
1532 1889 1635 1934 luxu,
1667 1889 1734 1926 sed
1766 1887 1874 1925 vitali
1983 1883 2004 1895 ”

552 1946 784 1993 virginalem
814 1945 1112 1992 impraegnatum
1370 1946 1443 1983 Dei
1472 1944 1635 1990 flamma,
1668 1944 1831 1992 spiritali
2000 1986 2001 1995 ἵ

610 2002 769 2040 Uterum
802 2002 994 2052 divinum,
1426 2003 1530 2050 Rogo
1561 2002 1682 2039 sancti
1712 2001 1881 2048 spiritus.
1997 2006 2000 2050 j

426 2115 475 2153 31
492 2126 525 2152 3.
559 2115 659 2153 Rubi
686 2115 796 2152 huius
827 2119 884 2152 est
912 2114 1116 2152 frutectum
1241 2116 1340 2156 31b.
1374 2116 1606 2163 Virginalem
1629 2125 1811 2162 spernens
1832 2125 1966 2166 rosam,
1994 2114 1999 2166 ξ

555 2173 682 2219 Spinis
713 2173 790 2209 suis
821 2172 895 2209 iam
928 2172 1119 2209 desectum
1371 2174 1501 2211 Ortam
1533 2183 1578 2209 ex
1609 2183 1650 2209 se
1681 2172 1902 2220 speciosam,
1994 2175 1997 2222 ζ

554 2229 605 2266 Et
641 2229 842 2266 horrendis
875 2227 1157 2266 circumsectum
1370 2230 1428 2267 Ex
1462 2227 1622 2267 deformi
1653 2229 1872 2278 gratiosam,
1993 2227 1996 2278 J

554 2285 718 2322 Fraudis
750 2285 861 2322 laude
893 2289 930 2322 et
960 2284 1142 2322 infectum
1370 2286 1429 2324 De
1459 2287 1611 2333 spinosa
1642 2286 1843 2332 gloriosam
1991 2291 1994 2335 l
2030 2291 2031 2315 1

613 2342 776 2380 Iudaeae
806 2341 982 2389 perfidia,
1398 2343 1561 2380 Mariam
1592 2343 1630 2379 in
1660 2342 1792 2389 gloria.
1840 2365 1844 2368 -
1989 2350 1993 2400 ᾗ·

426 2457 476 2494 32
490 2467 524 2493 3.
554 2457 608 2493 At.
638 2467 718 2500 nos,
756 2456 818 2503 qui
847 2454 980 2492 fideles
1013 2467 1151 2503 sumus7
1229 2458 1280 2495 32
1295 2457 1331 2495 b.
1365 2456 1560 2494 Imitantes
1592 2465 1833 2503 veneremur,

550 2512 658 2549 Licet
689 2523 790 2559 caro,
822 2513 911 2548 licet
941 2513 1086 2558 humus,
1368 2515 1397 2548 V
1403 2517 1600 2550 enerantes
1630 2512 1831 2561 imitemur,

1986 2482 1990 2524 J

591 2569 596 2575 .
847 2569 853 2575 .
1587 2569 1593 2575 .
1985 2534 1988 2567 Ι

555 2569 661 2606 Licet
693 2580 797 2615 aura,
829 2569 918 2605 licet
950 2567 1085 2615 fumus,
1367 2570 1417 2608 Ut
1449 2580 1531 2606 cum
1563 2579 1616 2605 els
1652 2569 1898 2606 collaetemur
1982 2582 1988 2640 ¹

609 2626 800 2673 Virginem
830 2636 912 2662 cum
944 2624 1022 2663 filio
1426 2627 1468 2663 In
1501 2625 1595 2662 caeli
1626 2625 1782 2672 palatio.
1940 2621 1947 2627 ’
1984 2624 2007 2667 Γ,

426 2740 475 2776 33
492 2749 525 2779 3.
557 2739 618 2775 Ad
649 2739 747 2776 hanc
778 2749 866 2786 ergo
896 2736 1114 2775 festinemus
1242 2742 1292 2778 33
1308 2739 1343 2776 b.
1377 2739 1527 2783 Cordis,
1559 2739 1636 2775 oris
1667 2742 1704 2775 et
1733 2738 1860 2785 operis
1981 2707 1985 2762 Ῐ

556 2795 604 2831 Et
636 2795 834 2844 benignam
868 2805 1077 2834 exoremus.
1370 2796 1421 2835 Ut
1453 2805 1524 2841 ope
1556 2796 1612 2831 sui
1643 2794 1809 2832 muneris
1978 2767 1985 2831 s

553 2852 763 2889 Piissimam
796 2852 1010 2889 invocemus
1370 2852 1430 2890 Ab
1461 2853 1562 2890 omni
1592 2862 1691 2888 nexu
1723 2851 1876 2888 sceleris
1987 2861 2005 2886 ³

610 2909 689 2955 lugi
722 2908 924 2958 desiderio,
1424 2908 1654 2946 Mundemur
1683 2913 1721 2946 et
1751 2907 1854 2947 vitio.
