2031 3289
297 464 388 501 130.

298 763 388 801 135.

297 1060 388 1097 140.

298 1360 389 1397 145.

298 1648 389 1686 150.

233 1909 237 1911 Δ
295 1933 387 1970 155.

296 2217 388 2254 160.

298 2500 390 2537 165.

302 2783 392 2821 170.

903 175 1208 215 —126-

421 288 555 326 Statim
587 293 708 327 sumat

477 356 586 394 opem
616 345 774 383 remedii

422 407 494 444 Per
523 411 573 456 te,
606 408 718 446 decus

475 463 578 502 orbis
610 464 798 510 catholici,

421 527 497 564 Vas
529 527 687 563 electum

476 587 605 620 sancto
637 583 799 630 spiritui,

421 644 534 681 Cuius
565 645 659 682 odor

477 706 533 737 est
563 701 658 738 odor
687 701 859 751 balsami,

421 764 499 809 Quo
531 767 711 800 sanantur

477 825 628 857 orantes
659 820 839 867 languidi.

419 882 514 927 Ave,
546 893 686 929 sponsa

476 939 574 985 regis
608 937 809 987 magnifici,

421 1002 533 1041 Cuius
564 1006 685 1038 morte

478 1061 677 1105 resurgunt
708 1057 857 1103 mortui,

421 1120 534 1158 Cuius
565 1130 690 1156 sumus

477 1187 609 1213 cruore
641 1176 751 1213 diluti

418 1240 476 1276 Ac
508 1239 555 1276 de
585 1239 671 1287 iugo

479 1295 639 1333 Satanae
670 1294 794 1332 liberi.

422 1359 480 1395 Tu
510 1368 645 1395 aurora

478 1414 568 1451 solis
599 1413 773 1461 perpetui

420 1477 471 1514 Et
502 1487 606 1513 mons
636 1476 701 1512 ille

480 1533 652 1570 culminis
683 1532 851 1578 maximi,

423 1591 479 1628 De
510 1601 582 1636 quo
612 1590 709 1636 lapis

478 1647 559 1683 sine
589 1657 701 1683 manu
731 1645 802 1684 viri

422 1704 491 1741 Est
523 1703 693 1740 abscisus

477 1761 588 1797 modo
619 1759 796 1806 mirabili,

420 1818 489 1864 Qui
520 1827 620 1854 nunc
650 1816 773 1863 replet

479 1878 611 1911 cuncta
642 1874 739 1910 mole
770 1873 826 1910 sui

419 1930 573 1968 Ditione

479 1987 675 2025 dominans
706 1985 866 2035 perpeti,

423 2045 537 2091 Lapis
570 2044 667 2090 dico,

476 2111 584 2148 quem
617 2111 699 2137 cum
731 2097 904 2147 pestiferi

422 2157 685 2205 Reprobarent

476 2214 701 2262 exopcrarii,

421 2272 513 2309 Mox
544 2277 692 2308 erectus

480 2328 517 2364 in
550 2333 660 2374 caput
692 2327 819 2374 anguli

424 2384 486 2422 Sic
517 2389 714 2431 utrumque

480 2442 545 2479 dat
575 2440 739 2478 aedificii

425 2498 608 2535 Parietem

481 2555 681 2592 cohaerere
712 2554 797 2601 sibi,

425 2611 473 2649 Ut
506 2612 645 2649 erroris

481 2674 603 2705 sectas
635 2667 770 2705 nefarii

426 2725 638 2762 Dissccaret

482 2783 603 2819 unitas
634 2782 735 2820 fidei.

425 2839 568 2875 Nomen
600 2842 701 2875 tuum

482 2895 579 2931 dono
608 2893 807 2941 multiplici

1108 408 1201 447 175.

1111 701 1205 740 180.

1111 1002 1202 1039 185.

1109 1295 1202 1335 190.

1111 1590 1204 1629 195.

1110 1875 1203 1912 200.

1109 2158 1202 2194 205.

1109 2440 1203 2480 210.

1110 2725 1202 2762 215.

1232 290 1445 328 Decoratur

1286 351 1323 384 et
1352 347 1465 385 laude
1497 348 1650 394 celebri,

1233 410 1335 456 Quae
1365 413 1517 456 praeter
1547 414 1585 447 te

1289 477 1364 503 non
1396 466 1508 503 datur
1537 467 1660 513 alteri,

1234 526 1352 565 Stella
1382 528 1508 578 maris,

1287 595 1373 621 nam
1403 584 1468 621 lux
1498 594 1537 621 es
1568 584 1709 622 sacculi

1234 644 1285 681 Et
1313 650 1353 682 tu
1383 646 1466 683 luce

1295 702 1541 741 desiderabili

1232 763 1278 800 In
1309 764 1476 801 tenebris

1291 820 1400 859 huius
1430 821 1553 858 exsilii

1236 882 1457 919 Constitutis

1293 939 1432 976 dedisti
1462 937 1620 985 perfrui.

1235 1001 1361 1037 Mater
1391 1001 1480 1038 solis

1290 1069 1477 1104 nunquam
1509 1058 1669 1104 occidui,

1233 1120 1302 1166 Qui
1335 1120 1400 1157 dat
1429 1119 1538 1157 nobis

1291 1177 1425 1223 pignus
1454 1177 1643 1223 paracliti,

1234 1239 1308 1276 Per
1338 1249 1447 1286 quem
1479 1238 1604 1275 cordis

1291 1295 1500 1332 lustrantur
1535 1295 1647 1341 oculi,

1235 1357 1504 1404 Tenebraeque

1291 1415 1484 1462 pelluntur
1514 1414 1641 1463 animi,

1235 1477 1293 1515 Tu
1324 1487 1362 1513 es
1392 1480 1514 1513 mater

1292 1543 1427 1580 expers
1459 1532 1632 1582 coniugii,

1237 1590 1349 1629 Cuius
1382 1593 1486 1627 ortus

1291 1647 1411 1694 pollet
1440 1657 1486 1683 ex
1516 1645 1634 1683 nobili

1235 1702 1361 1750 Stirpe
1387 1703 1525 1752 David⁷

1290 1761 1388 1807 regis
1421 1760 1546 1796 eximii

1236 1818 1294 1854 Ac
1324 1816 1532 1863 prophetae

1293 1873 1374 1911 Deo
1406 1873 1604 1913 carissimi.

1236 1934 1330 1975 Ave,
1362 1935 1483 1967 mater

1290 1987 1392 2024 illius
1422 1986 1503 2034 filii,

1235 2044 1348 2082 Cuius
1379 2043 1483 2081 orbis

1295 2104 1420 2137 terrae
1451 2099 1677 2137 sanctissimi

1237 2157 1494 2204 Principatum

1291 2218 1485 2261 gestarunt
1514 2213 1646 2255 umeri,

1235 2271 1391 2317 Quando
1423 2270 1562 2317 lignum

1293 2327 1377 2364 tulit
1409 2326 1583 2374 patibuli,

1233 2384 1277 2421 In
1307 2394 1379 2430 quo
1410 2384 1492 2420 iura

1293 2440 1486 2477 damnavit
1516 2438 1627 2476 inferi

1235 2497 1285 2534 Et
1317 2497 1457 2533 delevit

1289 2553 1431 2600 scripta
1460 2552 1715 2600 chirographi,

1235 2610 1341 2657 Quod
1374 2615 1546 2648 versutus

1290 2667 1390 2703 livor
1422 2667 1564 2704 diaboli

1238 2724 1480 2770 Protoplasto

1295 2781 1455 2818 dictarat
1488 2780 1626 2817 homini

1238 2838 1399 2874 Poenam
1433 2838 1582 2884 dignam

1294 2894 1373 2930 eius
1406 2894 1538 2931 reatui.
