1914 3223
227 309 327 346 Piam
370 308 480 346 etiam
520 307 709 354 piissimae
753 305 907 353 virginis
938 305 1198 350 clementiam,
1241 303 1417 344 fiduciam
1450 303 1591 340 habens
1623 303 1661 339 in

107 377 168 411 -ea,
198 366 357 413 supplex
379 365 538 402 fidenter
559 373 733 411 exposco,
767 367 948 409 quatenus
972 362 1060 398 milii
1084 361 1245 398 fluminis
1267 361 1429 407 impetus
1453 359 1663 398 laetificans

113 422 304 459 civitatem
346 421 412 459 Dei
454 421 499 457 de
543 418 644 456 fonte
686 419 841 465 virginis
871 418 1014 465 gratiae
1046 417 1278 464 septiformis
1309 417 1488 461 inundet,
1532 417 1663 453 eadem

113 479 274 524 desuper
311 477 552 522 infundente,
594 487 666 523 qua
703 486 851 521 semper
891 478 967 511 tota
1010 475 1197 511 redundat
1228 473 1352 511 Maria
1381 474 1506 520 gratia
1535 473 1662 520 plena,

112 536 160 572 all
192 535 339 571 laudem
373 533 524 580 virginis
556 538 590 569 et
622 532 778 581 gloriam
811 531 878 568 tilii
908 531 965 568 sui
1001 532 1081 567 lesu
1113 531 1267 577 christi,
1298 530 1448 567 Domini
1481 531 1612 569 nostri.

226 592 305 628 Hoc
345 594 467 628 autem
508 601 600 636 opus
643 600 714 625 non
755 599 797 624 ex
841 587 1025 624 industria
1067 598 1185 634 neque
1231 586 1308 623 fato
1348 597 1468 633 neque
1500 585 1664 632 fortuna,

115 648 182 684 sed
214 649 307 684 sicut
331 648 510 684 Dominus
543 646 644 683 dedit
677 652 711 682 et
744 645 840 682 sieut
871 654 939 691 per
969 644 1049 681 dies
1081 655 1193 681 unum
1226 648 1310 690 post
1333 643 1436 680 aliud
1461 643 1665 690 capitulum

117 703 333 749 singillatim
366 703 545 749 seriptum
577 709 645 748 est,
678 703 714 738 in
746 702 909 748 quinque
941 706 1068 747 partes
1091 700 1262 739 distinxi.
1316 700 1399 736 Non
1422 700 1520 737 enim
1543 699 1668 737 omnia

112 761 219 796 simul
264 760 391 797 morbo
433 760 605 796 detentus
647 758 807 805 explevi.
877 757 982 803 Quod
1024 758 1055 793 si
1098 757 1286 794 robustior
1326 767 1466 806 essem,
1521 757 1666 800 eodem,

112 816 277 863 capitula
317 827 388 863 quo
420 816 563 863 digesta
594 820 679 852 sunt
711 815 866 859 ordine,
906 814 1052 859 singula
1084 814 1315 860 distinguere
1345 813 1582 855 maluissem,
1627 817 1669 849 ut

111 873 175 919 qui
218 872 313 910 forte
354 871 482 909 morbo
521 872 577 908 vel
613 871 879 917 occupatione,
919 871 1043 907 taedio
1075 871 1134 908 vel
1165 870 1352 907 oblivione
1380 873 1497 907 totum
1529 870 1664 908 offerre

113 941 184 966 non
218 930 378 975 poterit,
410 932 586 975 quantum
618 929 650 964 ei
682 928 837 974 spiritus
868 931 1019 964 sanctus
1049 927 1307 974 inspiraverit,
1341 926 1421 963 Deo
1448 930 1667 973 praesentet

112 990 148 1022 et
182 985 315 1032 virgini
345 991 381 1022 et.
408 985 482 1031 iugi
515 990 600 1021 voto
632 985 802 1021 decantet
835 984 882 1020 ad
915 984 1093 1020 honorem
1125 987 1162 1020 et
1182 983 1339 1030 gloriam
1363 983 1433 1020 Dei
1456 987 1494 1020 et
1514 983 1664 1020 laudem

114 1038 313 1089 genetricis
343 1042 519 1084 eiusdem.
557 1041 741 1088 gloriosae
774 1040 927 1087 virginis
959 1040 1116 1086 Mariae,
1149 1040 1300 1088 reginae
1331 1039 1427 1077 caeli
1458 1044 1494 1076 et
1524 1044 1663 1078 terrae.

227 1100 462 1136 Praesentem
510 1109 598 1135 vero
644 1098 830 1140 libellum,
878 1102 1055 1144 quantum
1096 1097 1144 1134 ad
1185 1101 1371 1140 actorem,
1419 1095 1664 1143 opusculum,

111 1160 287 1201 quantum
319 1155 367 1191 ad
401 1155 603 1203 virginem,
637 1154 786 1191 laudem
821 1155 852 1190 et
880 1153 1072 1200 speculem„
1107 1158 1143 1190 et
1174 1163 1270 1199 opus
1300 1153 1455 1190 caeleste
1486 1163 1662 1190 vocamus

111 1213 144 1248 ct
184 1210 324 1248 librum
363 1211 521 1257 viminis
562 1211 691 1247 almae
725 1222 795 1257 per
833 1213 960 1256 partes
991 1211 1159 1257 quinque
1189 1209 1368 1250 divisum.
1429 1209 1506 1248 Sed
1538 1210 1662 1257 quinis

111 1267 281 1314 partibus
312 1268 399 1314 illis,
432 1268 462 1304 si
495 1278 672 1314 praesens
706 1267 894 1313 prologus.
928 1267 1036 1304 initia
1066 1267 1260 1303 titulorum
1293 1272 1328 1304 et
1360 1266 1445 1303 finis
1474 1266 1660 1304 subiecto-

112 1335 190 1360 rum
231 1324 444 1373 addantur,
493 1335 564 1361 non
606 1324 724 1360 solum
767 1327 908 1370 septem
951 1323 1071 1360 instar
1110 1323 1255 1370 gratiae
1295 1321 1550 1373 septiformis7
1597 1323 1664 1360 sed

111 1385 238 1427 partes
278 1385 362 1416 octo
404 1370 585 1427 refulgent
628 1380 748 1417 instar
786 1384 962 1417 aeternae
1006 1379 1264 1417 beatitudinis.
1327 1380 1440 1419 Unde
1481 1380 1664 1427 scriptum

111 1442 187 1474 est:
227 1436 282 1473 Da
315 1443 442 1483 partes
474 1442 616 1483 septem
649 1447 790 1473 necnon
823 1441 859 1473 et⁴
891 1440 996 1474 octo:
1035 1436 1187 1482 Septem
1218 1437 1255 1473 in
1282 1437 1547 1483 promerendo,
1579 1442 1664 1474 octo

112 1493 262 1539 quidem
306 1493 342 1529 in
384 1494 635 1541 possidend03
678 1498 819 1540 septem
862 1493 898 1529 in
937 1493 1090 1541 exsilio,
1136 1497 1222 1530 octo
1255 1493 1405 1539 quidem
1443 1493 1480 1530 in
1517 1493 1664 1540 patriae

111 1549 271 1595 gaudio;
303 1555 444 1596 septem
477 1550 513 1586 in
542 1551 662 1597 gratia
689 1548 911 1596 septiformi,
946 1554 1029 1587 octo
1051 1549 1202 1596 quidem
1225 1550 1262 1586 in
1284 1550 1406 1596 gloria
1426 1549 1662 1588 multiformi.

113 1606 179 1642 Vel
222 1611 364 1652 septem
406 1611 442 1642 et
481 1612 564 1643 octo
606 1607 642 1642 in
673 1610 830 1653 utraque
871 1607 968 1651 vita,
1008 1607 1044 1642 in
1085 1610 1244 1653 utraque
1275 1607 1395 1654 stola,
1437 1607 1475 1644 in
1506 1611 1664 1654 utraque

110 1662 289 1710 ecelesia,
328 1662 364 1698 in
397 1668 554 1709 utraque
585 1663 682 1699 vitae
711 1673 866 1699 corona:
910 1663 947 1698 in
980 1674 1117 1700 corona
1147 1664 1357 1709 praesentis
1389 1663 1593 1711 victoriae,
1626 1665 1663 1700 in

110 1729 245 1755 corona
289 1725 491 1765 perpetuae
531 1719 684 1766 gloriae.
754 1719 899 1765 Septem
934 1722 1066 1766 partes
1108 1720 1173 1756 dat
1213 1720 1396 1757 eeclesiae
1433 1720 1490 1758 vel
1523 1720 1595 1757 sibi
1627 1727 1662 1757 et

111 1775 258 1812 animae
286 1786 388 1820 suae,
420 1776 481 1822 qui
513 1786 666 1812 numero
697 1776 796 1813 vitae
827 1776 1041 1823 septenario
1071 1776 1109 1812 in
1140 1776 1263 1814 activa
1294 1777 1371 1813 vita
1399 1777 1522 1824 gratia
1548 1778 1664 1824 septi-

112 1829 222 1868 formi
264 1830 445 1879 refulget.
489 1833 567 1869 octo
599 1834 732 1878 partes
767 1833 871 1869 novit
903 1833 1015 1879 dare,
1057 1833 1118 1879 qui
1150 1843 1217 1879 per
1247 1833 1529 1879 septemplicem
1561 1834 1662 1871 volat

111 1887 268 1934 gratiam
290 1888 338 1925 ad
360 1899 543 1934 supernae
567 1889 717 1925 visionis
734 1889 964 1926 octonarium
984 1894 1020 1927 et
1037 1894 1211 1926 aeternae
1229 1886 1474 1927 beatitudinis
1490 1890 1662 1938 gloriam.

685 1967 855 2015 Explicit
877 1967 1076 2016 proloyus.

292 2103 485 2150 Incipit
524 2103 711 2140 titulus
755 2103 802 2140 in
843 2104 1113 2141 introitum
1154 2104 1282 2142 libri
1324 2104 1484 2143 huius.

339 2204 451 2250 Ecce,
483 2210 615 2251 patens
644 2205 769 2243 aditus
800 2206 1010 2253 praesentis
1042 2211 1152 2254 porta
1181 2207 1315 2254 libelli,

339 2262 453 2298 Porta
483 2266 614 2308 patens
646 2263 795 2309 penitus
825 2263 1055 2309 patientibus
1086 2269 1198 2310 atque
1229 2263 1385 2300 rebelli!

336 2317 408 2355 Hie
442 2319 579 2355 etenim
612 2319 738 2364 pravis
768 2319 977 2366 mentisque
1008 2320 1217 2367 quibusque
1247 2321 1374 2358 suavis

336 2373 483 2411 Emicat
512 2375 644 2411 orandi
677 2375 820 2414 modus.
853 2376 976 2414 hostia
1006 2376 1261 2425 sacrificandi,

337 2430 470 2477 Sicque
502 2431 580 2468 Deo
612 2432 723 2478 (ligne
755 2432 848 2469 varii
879 2434 1096 2480 spiraminis
1123 2434 1209 2481 igne

337 2486 473 2524 Hostia
502 2488 698 2534 praeclara
729 2490 855 2526 cordis
886 2494 1073 2527 mactatur
1103 2491 1140 2527 in
1173 2502 1251 2536 ara,

339 2543 498 2590 Plusque
530 2544 608 2581 Deo
639 2555 739 2590 cara,
771 2546 857 2583 dum
888 2547 972 2593 plus
1004 2547 1187 2584 toleratur
1216 2558 1357 2585 amara.

335 2600 457 2645 Agna,
493 2600 675 2649 columba,
707 2612 832 2648 capra,
865 2603 1004 2650 triplex
1037 2604 1129 2641 haec
1161 2604 1284 2641 hostia
1313 2614 1435 2653 sacra,

335 2655 449 2699 Alba,
483 2656 633 2704 rubens,
665 2663 788 2695 taetra
817 2660 971 2696 caelesti
1002 2662 1122 2707 spirat
1154 2661 1193 2698 in
1223 2661 1368 2709 aethra,

340 2712 641 2762 Contemplativi,
676 2717 854 2752 certantis
884 2721 919 2752 et
950 2717 1154 2754 inchoativi

339 2767 483 2815 Gratia,
517 2771 750 2817 martyrium,
783 2773 971 2821 contritio,
1003 2779 1063 2811 tus
1091 2784 1237 2821 quoque
1270 2774 1385 2820 dium,

335 2825 385 2861 At
418 2837 542 2873 super,
574 2826 687 2873 intro,
721 2826 813 2865 foris
843 2829 1015 2867 redolent
1044 2831 1198 2867 incensa
1230 2830 1387 2870 doloris.

703 2906 869 2953 Explicit
899 2909 1047 2947 titulus.

1385 2975 1424 3009 18
1437 2976 1453 2994 *
