2031 3289
925 216 975 219 ⁷—
1042 192 1117 231 164
1178 216 1229 220 —

855 363 1093 406 Libellus
1132 364 1300 408 Alter.

936 461 1215 500 Praefatio.

409 586 658 632 Tripartitum
710 590 766 623 est
816 585 934 623 divini
983 586 1105 622 cultus
1157 585 1334 626 officium.
1413 588 1556 625 Doctor
1606 587 1771 634 gentium
1816 588 1854 624 in

296 642 459 688 epistula
491 643 539 679 ad
566 643 754 688 Ephesios
787 642 976 680 ordinavit
1010 643 1159 680 dicens:
1206 644 1279 691 „Et
1311 645 1427 681 nolite
1458 644 1640 681 inebriari
1672 644 1779 691 vino,
1815 644 1854 681 in

295 709 367 745 quo
408 701 464 734 est
504 699 677 746 luxuria,
725 700 791 736 sed
830 699 1037 745 implemini
1081 699 1223 746 Spiritu
1263 706 1393 737 sancto
1432 701 1627 747 loquentes
1670 700 1856 737 vobismet

294 755 387 801 ipsis
431 754 469 790 in
508 755 664 801 psalmis
704 760 741 794 et
782 755 930 802 hymnis
971 761 1007 791 et
1049 756 1205 792 canticis
1245 757 1530 803 spiritualibus,
1579 760 1772 794 cantantes
1816 761 1855 794 et

296 811 500 857 psallentes
540 812 578 847 in
620 811 798 849 cordibus
840 811 976 848 vestris
1018 810 1219 850 Domin0“.
1291 814 1341 850 Et
1373 825 1500 850 rursus
1532 813 1581 850 ad
1613 813 1854 851 Colossenses

294 867 438 914 inquit:
476 867 665 917 „Verbum
689 868 832 906 Christi
863 868 1008 905 habitet
1038 869 1075 904 in
1099 869 1203 906 vobis
1224 869 1464 907 abundanter
1484 870 1522 906 in
1544 870 1644 906 omni
1665 870 1853 916 sapientia

297 924 473 961 docentes
503 928 540 960 et
571 930 848 962 commonentes
880 925 1129 971 vosmetipsos
1161 926 1198 962 in
1229 927 1408 974 psalmis,
1449 927 1598 973 hymnis
1629 930 1666 963 et
1697 926 1853 964 canticis

294 980 570 1028 spiritualibus,
601 981 639 1018 in
670 982 792 1029 gratia
824 985 1017 1018 cantantes
1038 981 1076 1018 in
1101 981 1279 1019 cordibus
1300 983 1435 1019 vestris
1457 982 1660 1021 Domino“.
1714 983 1852 1021 Psalmi

295 1047 384 1074 vero
425 1043 459 1073 et
503 1038 672 1085 cantica,
717 1038 892 1084 quoniam
934 1049 978 1074 ex
1018 1038 1207 1075 canonicis
1246 1039 1451 1086 antiquitus
1493 1043 1725 1086 praeparata
1769 1044 1855 1076 sunt

294 1094 509 1142 scripturis,
542 1104 610 1131 nec
641 1099 770 1131 nostro
799 1105 867 1131 nec
889 1094 1046 1131 alicuius
1071 1099 1181 1143 egent
1202 1096 1339 1143 studio,
1371 1100 1413 1132 ut
1434 1096 1544 1133 modo
1568 1100 1852 1142 componantur.

406 1150 463 1187 De
504 1151 651 1196 hymnis
691 1161 780 1187 vero
822 1162 904 1188 cum
942 1151 1035 1187 nihil
1066 1151 1103 1187 in
1135 1152 1383 1198 superpositis
1417 1152 1635 1189 distinctum
1667 1152 1853 1189 habeatur

293 1207 504 1253 scripturis,
538 1208 707 1253 quamvis
730 1213 763 1244 et
786 1207 956 1245 nonnulli
977 1208 1113 1254 psalmi
1135 1219 1268 1245 nomen
1290 1209 1512 1255 hymnorum
1534 1209 1593 1246 vel
1616 1209 1847 1246 canticorum

294 1268 508 1300 sanctorum
559 1264 784 1310 inscriptum
834 1265 954 1300 titulis
1004 1264 1189 1311 habeant,
1240 1265 1380 1311 passim
1431 1277 1453 1302 a
1498 1265 1669 1312 pluribus
1719 1270 1852 1312 postea

294 1321 475 1366 scriptum
507 1324 574 1369 est,
608 1325 645 1357 et
674 1332 744 1369 pro
775 1325 984 1369 temporum
1017 1325 1053 1356 et
1084 1322 1260 1358 horarum
1291 1333 1356 1358 seu
1387 1321 1634 1359 festivitatum
1664 1323 1847 1359 varietate

293 1377 502 1423 quibusque
533 1378 679 1424 proprii
709 1378 838 1426 hymni
871 1383 956 1414 sunt
987 1378 1202 1425 constituti3
1235 1383 1271 1414 et
1302 1379 1368 1415 hos
1396 1389 1493 1415 nunc
1516 1380 1669 1426 proprie
1690 1379 1848 1425 hymnos

293 1434 552 1481 appellamus,
598 1434 767 1481 quamvis
813 1435 1018 1481 antiquitus
1065 1434 1324 1472 indifferenter
1362 1436 1532 1472 nonnulli
1574 1439 1649 1472 tam
1692 1436 1848 1481 hymnos

295 1501 406 1537 quam
442 1491 608 1537 psalmos
642 1491 812 1527 dicerent
842 1491 1034 1537 quaelibet
1065 1491 1215 1528 divinae
1245 1492 1368 1528 laudis
1400 1493 1548 1529 cantica
1579 1493 1755 1538 rhythmo
1787 1492 1847 1529 vel

294 1551 412 1583 metro
443 1547 660 1593 composita.
721 1548 834 1586 Unde
865 1548 1050 1585 Eusebius
1073 1548 1327 1585 Caesariensis
1350 1549 1641 1586 Ecclesiasticae
1667 1549 1847 1586 historiae

293 1603 381 1640 libri
421 1604 577 1641 secundi
608 1604 774 1650 capitulo
801 1604 927 1643 XVII.
961 1605 1197 1641 disertissimi
1230 1605 1359 1642 Iudaei
1391 1605 1560 1643 Philonis
1591 1605 1723 1643 laudes
1755 1616 1844 1652 erga

294 1661 590 1697 Alexandrinam
622 1661 690 1697 sub
713 1661 845 1697 Marco
871 1661 1067 1698 ecclesiam
1100 1672 1393 1698 commemorans
1414 1663 1514 1698 inter
1536 1665 1661 1698 cetera
1683 1662 1844 1699 adiecit:

296 1719 413 1768 „Post
452 1727 570 1763 pauca
607 1729 755 1754 rursum
786 1718 899 1754 etiam
931 1719 977 1755 de
1009 1728 1073 1764 eo,
1116 1719 1216 1764 quod
1247 1719 1411 1764 psalmos
1443 1717 1584 1755 faciant
1615 1730 1756 1765 novos,
1799 1719 1852 1755 ita

294 1774 466 1820 scripsit:
515 1775 646 1820 ltaque
691 1786 766 1811 non
807 1774 925 1811 solum
959 1774 1152 1812 subtilium
1183 1775 1405 1821 intellegunt
1447 1776 1625 1825 hymnos,
1670 1776 1736 1812 sed
1778 1775 1852 1821 ipsi

297 1830 439 1867 faciunt
469 1842 584 1867 novos
613 1832 651 1868 in
683 1831 815 1879 Deum,
849 1831 1020 1867 omnibus
1050 1842 1111 1867 eos
1144 1838 1180 1866 et
1211 1832 1340 1867 metris
1372 1836 1408 1867 et
1438 1833 1539 1868 sonis
1573 1832 1731 1869 honesta
1761 1832 1854 1868 satis

232 1908 236 1910 v
294 1892 334 1923 et·
379 1887 484 1924 suavi
536 1897 714 1935 compage
764 1885 1041 1926 modulantes“.
1122 1888 1234 1925 Haud
1281 1887 1453 1925 fortassis
1498 1889 1742 1936 incongruum
1787 1891 1855 1936 est,

293 1954 420 1980 omnes
460 1945 624 1990 psalmos
666 1944 854 1981 Hebraice
893 1944 1068 1990 rhythmo
1110 1945 1167 1980 vel
1209 1950 1328 1981 metro
1371 1945 1597 1991 compositos
1639 1949 1676 1982 et
1715 1945 1850 1982 melica

295 2001 494 2037 dulcedine
539 2001 709 2037 conditos
756 2001 944 2047 appellari
990 2002 1099 2038 etiam
1141 2001 1318 2048 hymnos,
1364 2001 1469 2038 iuxta
1510 2002 1630 2048 ipsam
1671 2002 1852 2039 videlicet

294 2057 515 2103 hymnorum
557 2056 834 2105 definitionem,
876 2069 985 2104 quam
1027 2058 1065 2094 in
1106 2056 1344 2106 praefatione
1380 2058 1500 2104 prima
1532 2059 1737 2106 posuimus.
1799 2060 1850 2095 At

294 2125 376 2150 cum
417 2115 488 2151 iam
529 2114 666 2161 psalmi
705 2125 751 2151 ex
786 2113 958 2151 Hebraeo
997 2115 1035 2151 in
1076 2115 1188 2151 aliam
1221 2115 1384 2161 linguam
1426 2115 1601 2152 translati
1632 2126 1654 2152 a
1681 2115 1845 2161 rhythmi

293 2171 351 2208 vel
383 2171 493 2208 metri
515 2171 596 2218 lege
617 2171 730 2207 soluti
750 2171 837 2215 sint,
861 2170 955 2208 bene
975 2171 1024 2208 ad
1047 2171 1245 2217 Ephesios,
1278 2171 1340 2218 qui
1365 2170 1501 2208 Graeci
1523 2175 1621 2219 sunt,
1652 2172 1846 2220 apostolus

293 2227 463 2265 scribens
495 2229 699 2274 separatim
730 2238 753 2264 a
782 2228 939 2274 psalmis
971 2228 1130 2275 hymnos
1164 2228 1337 2264 distinxit
1368 2229 1465 2264 sicut
1496 2233 1533 2264 et
1563 2229 1722 2266 cantica.

406 2285 464 2322 De
501 2284 560 2321 his
600 2284 727 2331 itaque
757 2285 931 2331 quoniam
963 2288 1130 2321 nostrum
1162 2294 1275 2331 saepe
1303 2284 1544 2334 ingeniolum,
1579 2285 1851 2322 dilectissimae

294 2341 436 2379 Christi
475 2340 595 2390 filiae,
636 2341 765 2377 multis
803 2341 980 2387 precibus
1013 2341 1253 2390 pulsavistis,
1296 2341 1480 2378 addentes
1511 2341 1677 2388 insuper,
1711 2341 1846 2389 quibus

295 2398 342 2435 de
373 2398 494 2435 causis
525 2398 564 2434 id
596 2397 848 2435 necessarium
883 2398 988 2434 vobis
1021 2397 1206 2438 videatur,
1239 2402 1387 2434 vestrae
1417 2398 1491 2434 iam
1513 2398 1699 2447 petitioni,
1732 2403 1862 2445 prout*

293 2455 476 2491 Dominus
520 2454 719 2502 adnuerit,
761 2464 805 2491 ex
851 2459 960 2500 parte
1006 2455 1212 2502 paruimus,
1287 2454 1482 2500 Superiori
1523 2465 1682 2501 namque
1720 2454 1851 2491 libello

295 2511 503 2548 cotidianos
545 2510 723 2549 feriarum
766 2511 944 2561 hymnos,
990 2511 1052 2557 qui
1095 2512 1163 2548 toti
1208 2509 1383 2548 sufficere
1414 2511 1559 2557 possint
1591 2511 1851 2548 hebdomadae

295 2568 660 2615 comprehendimus.
722 2568 820 2613 Quos
851 2567 904 2604 ita
936 2568 1162 2614 compositos
1194 2578 1276 2604 esse
1308 2567 1555 2614 cognoscatis,
1585 2572 1627 2604 ut
1648 2567 1852 2614 bipartitus

294 2625 341 2661 sit
374 2635 499 2661 eorum
542 2630 672 2661 cantus
714 2625 810 2661 sicut
852 2629 885 2660 et
929 2625 1150 2672 rhythmus,
1193 2629 1227 2660 ct
1271 2625 1316 2660 sit
1350 2636 1421 2660 una
1454 2624 1626 2661 omnibus
1657 2624 1851 2661 nocturnis

294 2681 458 2718 melodia
490 2682 694 2718 communis
726 2685 836 2727 atque
868 2681 989 2717 altera
1022 2681 1166 2717 diurnis
1196 2681 1291 2717 sicut
1323 2685 1357 2716 ct
1390 2680 1600 2727 rhythmus.
1661 2681 1852 2727 Hymnum

297 2739 409 2774 ctiam
467 2738 672 2785 gratiarum
735 2742 816 2784 post
879 2738 1010 2784 opulas
1071 2738 1338 2774 exsolvendum
1390 2749 1462 2773 non
1517 2738 1852 2783 praetermisimus,

295 2794 498 2831 secundum
533 2795 632 2841 quod
665 2795 701 2831 in
735 2794 928 2840 evangelio
959 2794 1139 2840 scriptum
1173 2799 1250 2831 est:
1284 2795 1432 2841 llyinno
1465 2794 1566 2830 (licto
1594 2794 1777 2830 exierunt.

408 2853 564 2889 Ceteros
596 2863 684 2887 vcro
715 2851 974 2897 suprapositos
1007 2850 1164 2897 hymnos
1196 2851 1265 2887 hac
1291 2850 1589 2887 consideratione
1614 2850 1848 2897 digessimus

294 2912 346 2944 ut.
379 2908 440 2953 qui
474 2908 644 2944 nocturni
668 2913 765 2948 sunt,
799 2918 947 2944 suarum
972 2918 1087 2953 opera
1113 2906 1291 2943 sorim-um
1316 2907 1542 2950 eontineant,
1577 2907 1700 2943 diurni
1724 2912 1845 2943 autem
