2031 3289
890 194 1199 236 —590—

541 311 576 349 6.
623 309 692 348 Pie
721 309 906 357 pelicane,
938 309 1025 346 Iesu
1056 307 1228 354 Domine,

624 366 691 404 Me
719 365 951 403 immundum
982 364 1123 402 munda
1152 366 1217 401 tuo
1245 362 1437 411 sanguine,

627 421 740 460 Cuius
771 432 845 458 una
874 421 978 458 stilla
1008 420 1154 458 salvum
1184 418 1313 457 facere

626 478 762 516 Totum
793 478 972 515 mundum
1003 480 1134 524 posset
1162 476 1263 514 omni
1293 476 1450 515 scelere.

544 602 580 640 7.
625 601 724 646 Iesu,
756 610 865 646 quem
896 599 1063 636 velatum
1093 609 1193 636 nunc
1223 598 1378 649 aspicio,

632 655 790 703 Quando
821 654 887 692 fiet
916 655 1025 701 illud,
1058 655 1159 701 quod
1189 658 1267 692 tam
1298 654 1398 701 sitio,

629 712 683 751 Ut
712 715 750 748 te
780 711 951 749 revelata
981 721 1137 748 cernens
1167 709 1266 748 facie

625 768 720 807 Visu
750 769 819 804 'sim
852 767 983 805 beatus
1014 771 1101 804 tuae
1133 767 1288 814 gloriae.

355 886 450 918 Orat.
482 897 544 918 ms.
577 886 798 918 Lehninense
830 884 913 916 anni
949 881 1045 915 1518.
1099 883 1182 916 Cod.
1219 884 1417 916 Berolinen.
1443 883 1562 916 Theoi.
1588 885 1649 916 lat.
1674 881 1748 916 1V⁰
1773 882 1826 916 29.

261 931 302 962 A.
327 947 371 953 -
396 932 491 964 Orat.
517 942 579 963 ms.
605 930 808 967 Libehardi,
835 929 960 971 prioris
978 928 1265 968 Reichenbaeen„
1290 930 1374 961 anni
1400 926 1497 961 1476.
1539 930 1625 962 Clm.
1645 929 1828 961 Monacen.

264 973 362 1008 2990.
388 977 430 1009 Β.
465 993 507 999 ——
541 976 684 1009 Collect.
710 986 772 1007 ωε.
798 973 1082 1006 Praedicatorum
1108 983 1197 1005 saec.
1225 972 1276 1005 15.
1330 974 1414 1006 Cod.
1440 975 1648 1007 Casanaten.
1674 975 1706 1006 D
1730 975 1762 1005 V
1784 972 1828 1006 26

262 1019 362 1061 (311).
389 1020 426 1053 C.
443 1039 488 1043 —
509 1022 603 1054 Orat.
628 1032 691 1053 ms.
711 1020 875 1052 Herculis
900 1015 1136 1060 Ferrarien(‘?)
1160 1029 1249 1051 saec.
1277 1017 1328 1050 15.
1363 1017 1446 1052 Cod.
1471 1021 1639 1052 Marcian.
1658 1021 1688 1051 L
1712 1020 1747 1052 ΙΙ
1773 1017 1829 1052 60,

266 1068 310 1098 D.
335 1083 381 1088 —-
404 1066 500 1098 Orat.
525 1077 588 1099 ms.
613 1067 656 1098 V.
681 1067 837 1098 Iustinae
861 1064 983 1096 Patav.
1009 1074 1099 1096 saec.
1128 1062 1178 1096 15.
1203 1075 1256 1096 ex.
1305 1064 1389 1096 Cod.
1414 1065 1584 1097 Marcian.
1608 1065 1649 1097 L.
1673 1065 1727 1096 III
1753 1061 1829 1096 173.

264 1112 306 1143 E.
340 1128 381 1133 —
417 1112 562 1144 Collect.
595 1122 659 1143 ms.
690 1111 852 1144 Italicum
885 1119 975 1141 saec.
1005 1107 1055 1141 15.
1104 1109 1186 1141 Cod.
1214 1110 1374 1141 Rossian.
1400 1110 1451 1142 IX
1474 1108 1529 1142 44.
1554 1111 1592 1142 F.
1616 1127 1659 1131 —
1686 1110 1830 1142 Colleet.

267 1167 329 1188 ms.
356 1157 477 1189 ineert.
505 1158 591 1199 orig.
618 1167 708 1189 saec.
738 1154 787 1188 15.
837 1154 919 1186 Cod.
944 1154 1188 1186 Vindobonen.
1213 1152 1313 1187 4061.
1339 1155 1380 1187 G.
1404 1156 1560 1187 -Orat.
1586 1166 1649 1186 ms.
1675 1154 1710 1186 S.
1734 1155 1830 1187 Petri

268 1202 506 1245 Salisburgen.
533 1212 622 1234 saec.
651 1200 701 1234 15.
749 1201 832 1234 Cod.
859 1200 989 1232 Petrin.
1016 1209 1037 1231 a
1060 1200 1113 1231 111
1140 1197 1195 1231 37.
1220 1201 1265 1231 H.
1290 1217 1335 1223 -—
1361 1201 1456 1232 Orat.
1474 1211 1537 1232 ms.
1554 1200 1831 1233 Caelestinorum

267 1247 302 1279 S.
329 1248 464 1279 Mariae
489 1248 531 1279 de
554 1248 715 1279 Parisius
740 1256 828 1278 saec.
858 1243 908 1277 15.
957 1244 1040 1276 Cod.
1065 1245 1234 1276 Mazarin.
1260 1242 1349 1277 3897
1370 1243 1470 1285 (605).
1496 1246 1523 1277 I.

359 1293 454 1325 Orat.
488 1304 550 1325 ms.
583 1292 827 1325 Rhenoviense
861 1300 950 1322 saec.
984 1288 1035 1322 15.
1096 1290 1178 1321 Cod.
1212 1291 1372 1323 Turieen.
1404 1290 1514 1322 Rhen.
1549 1291 1673 1323 CXIX.
1706 1290 1748 1322 K.
1785 1308 1826 1313 —

269 1337 364 1369 Orat.
396 1348 460 1369 ms.
493 1339 725 1370 Cisterciense
757 1347 847 1368 saec.
882 1334 934 1367 15.
990 1335 1073 1367 Cod.
1102 1335 1360 1367 Darmstadien.
1392 1333 1437 1367 8⁰
1472 1333 1570 1368 1228.
1602 1337 1642 1368 L.
1668 1353 1710 1357 —
1736 1335 1832 1367 Orat.

268 1394 331 1414 ms.
372 1384 492 1415 incert.
534 1385 620 1425 orig.
661 1392 750 1414 saec.
794 1380 845 1413 15.
906 1380 988 1412 Cod.
1028 1380 1286 1413 Darmstadien.
1327 1378 1427 1413 2772.
1469 1382 1516 1413 M.
1552 1398 1596 1403 —
1629 1382 1726 1413 Miss.
1767 1391 1830 1413 ms.

269 1428 508 1468 Casinense(?)
539 1438 630 1460 saec.
667 1426 716 1459 14.
774 1427 857 1459 Cod.
887 1427 1049 1459 Casinen.
1079 1422 1153 1457 128.
1178 1425 1255 1457 add.
1281 1435 1371 1458 saec.
1399 1423 1484 1458 ¹4l15.
1510 1427 1552 1458 N.
1576 1442 1621 1448 ---
1646 1426 1741 1460 Orat.
1765 1436 1828 1457 ms.

267 1473 560 1506 inatislaviense
593 1484 683 1505 saec.
719 1470 770 1504 15.
829 1471 912 1504 Cod.
945 1471 1050 1503 Univ.
1085 1471 1291 1512 Friburgen.
1322 1470 1424 1503 Helv.
1459 1482 1485 1503 s.
1518 1482 1551 1503 n.
1578 1472 1618 1504 O.
1643 1488 1687 1493 —-
1712 1472 1831 1503 Horae

267 1518 307 1550 B.
339 1519 386 1550 M.
421 1519 463 1552 V.
497 1530 564 1551 see.
598 1529 700 1550 usum
730 1519 910 1550 Romanae
935 1516 1060 1548 Curiae
1087 1525 1176 1547 saec.
1205 1515 1256 1547 15.
1307 1516 1390 1548 Cod.
1414 1517 1575 1549 Vatican.
1599 1514 1698 1548 6259.
1722 1517 1760 1548 P.
1786 1532 1830 1537 —-

269 1563 411 1595 Collect.
449 1575 511 1595 ms.
550 1564 780 1596 Cluniacense
817 1572 906 1594 saec.
946 1559 998 1593 15.
1053 1561 1136 1593 Cod.
1169 1561 1319 1593 Parisin.
1350 1562 1462 1593 Nouv.
1496 1572 1570 1604 aeq.
1604 1560 1680 1593 346.
1714 1562 1754 1601 Q.
1784 1578 1831 1583 —

268 1607 397 1641 Cursus
435 1609 477 1641 de
502 1610 657 1641 Domina
693 1619 759 1640 see.
797 1607 978 1639 ecelesiam
1013 1607 1315 1648 Hamburgensem
1348 1608 1429 1648 imp.
1462 1606 1649 1639 Rostoehie
1681 1607 1829 1647 (Ludov.

271 1653 386 1693 Dietz)
412 1652 509 1686 1522.
534 1655 575 1686 R.
599 1672 644 1676 —
668 1654 862 1685 Varianten
887 1662 950 1683 aus
975 1653 1083 1683 K—R
1110 1651 1207 1683 nieht
1230 1652 1461 1684 verzeichnet.

364 1698 402 1739 1,
443 1698 459 1730 1
494 1703 527 1731 te
562 1699 648 1731 fehlt
679 1698 756 1737 FG,
793 1698 1050 1738 nachgetragen
1086 1697 1128 1737 G;
1168 1696 1280 1728 latens
1311 1698 1440 1729 veritas
1471 1697 1682 1738 CDEFGH3
1718 1698 1830 1729 latens

217 1766 222 1767 ν
270 1744 387 1776 hostia
410 1745 450 1776 B.
475 1762 519 1766 --
546 1743 574 1783 1,
604 1743 625 1775 2
649 1745 767 1786 Teque
792 1743 856 1775 sub
882 1743 936 1774 his
961 1742 1007 1782 G3
1042 1741 1106 1773 sub
1131 1742 1209 1773 istis
1233 1741 1353 1784 figuris
1379 1743 1414 1781 Ι,
1448 1743 1511 1774 sub
1536 1743 1592 1774 his
1616 1743 1736 1774 formis
1760 1742 1831 1775 FG,

270 1808 315 1812 —
343 1788 370 1829 1,
397 1788 418 1821 3
444 1790 524 1822 Tibi
549 1800 608 1821 cor
633 1800 746 1821 meum
772 1799 808 1820 se
833 1788 882 1828 Ε,
910 1791 1020 1819 totum
1036 1786 1145 1818 afficit
1160 1788 1205 1818 H.
1230 1803 1273 1808 —-
1299 1785 1329 1825 2,
1359 1786 1374 1819 1
1401 1791 1522 1830 gustus
1540 1788 1627 1819 fehlt
1643 1787 1689 1828 G3
1714 1788 1835 1826 Visus,

271 1839 395 1874 taetus,
423 1839 545 1877 gustus
571 1836 627 1867 FI.
653 1854 695 1857 —
722 1832 751 1872 2,
779 1832 799 1864 2
820 1833 888 1865 Sed
914 1833 987 1864 solo
1014 1833 1137 1864 auditu
1153 1832 1283 1872 BFHI3
1311 1832 1379 1865 Sed
1403 1833 1499 1865 solus
1525 1833 1665 1864 auditus
1682 1834 1730 1874 G;
1756 1835 1831 1864 tuto

274 1881 428 1912 creditur
453 1881 500 1920 Α,
535 1882 571 1911 in
596 1884 630 1912 te
655 1879 806 1911 creditur
826 1879 879 1917 H;
912 1880 948 1909 in
974 1882 1008 1909 te
1032 1880 1107 1909 tuto
1132 1877 1284 1909 ereditur
1308 1879 1348 1910 B.
1372 1895 1416 1900 —-
1441 1875 1479 1916 2,
1508 1876 1529 1910 3
1554 1878 1651 1910 Nihil
1674 1879 1834 1910 veritatis

273 1926 378 1958 verbo
413 1926 479 1965 G13
514 1925 612 1957 Nihil
644 1925 750 1957 verbo
782 1925 942 1956 veritatis
972 1924 1023 1962 H,
1056 1923 1116 1954 Nil
1140 1924 1298 1954 veritatis
1324 1923 1390 1955 hoc
1413 1924 1520 1955 verbo
1546 1923 1649 1955 CDE.
1674 1941 1719 1945 —
1742 1921 1780 1960 3,
1814 1921 1830 1954 1

275 1971 351 2002 sola
383 1971 550 2002 divinitas
576 1973 614 2002 B.
641 1988 682 1992 —-
707 1968 746 2007 3,
781 1967 802 2000 2
836 1969 940 2000 simul
965 1968 1051 2000 fehlt
1074 1969 1118 1999 H.
1144 1984 1188 1989 ——
1212 1968 1252 2007 3,
1282 1966 1303 2000 3
1329 1969 1442 2000 Ambo
1467 1979 1548 2000 vere
1573 1968 1714 2000 eredens
1739 1968 1833 2000 BHI.

271 2015 308 2048 4,
345 2014 360 2047 1
389 2027 459 2047 non
486 2016 572 2048 fehlt
596 2016 641 2047 H.
667 2033 711 2036 —
735 2013 775 2053 4,
800 2013 820 2046 2
845 2016 962 2046 Meum
986 2018 1102 2045 tamen
1127 2013 1240 2044 Deum
1265 2013 1341 2051 FG;
1374 2017 1406 2046 te
1433 2024 1507 2045 esse
1533 2012 1698 2046 confiteor
1722 2013 1762 2044 A.
1789 2030 1833 2034 —

275 2060 313 2097 5,
340 2059 361 2092 2
384 2061 492 2092 Panis
517 2071 619 2092 verus
646 2060 786 2099 CDEF;
820 2060 927 2092 Panis
951 2060 1030 2090 vive
1057 2059 1089 2097 I;
1119 2058 1227 2089 Panis
1252 2068 1369 2090 veram
1394 2060 1503 2091 vitam
1528 2059 1570 2091 G.
1594 2077 1637 2081 —
1664 2057 1694 2098 5,
1719 2056 1740 2091 3
1765 2059 1836 2090 Fac

273 2117 327 2138 me
361 2117 494 2147 semper
525 2106 566 2138 de
597 2110 630 2137 te
664 2106 775 2147 magis
806 2107 925 2136 vivere
956 2105 984 2135 1.
1016 2120 1057 2125 --
1092 2101 1128 2141 5,
1159 2101 1181 2134 4
1209 2107 1242 2135 te
1267 2103 1353 2136 fehlt
1378 2104 1427 2143 H3
1462 2104 1516 2135 illi
1541 2103 1627 2136 fehlt
1649 2105 1698 2143 G3
1729 2104 1776 2136 Et
1800 2107 1834 2135 te

274 2151 358 2183 mihi
393 2162 528 2193 semper
560 2152 591 2190 Ι,
624 2151 671 2183 Et
703 2156 736 2182 te
770 2161 904 2192 semper
934 2149 987 2181 illi
1022 2148 1160 2188 CDEF3
1193 2148 1328 2181 dulcem
1362 2150 1389 2182 Ι.
1420 2167 1465 2171 --
1496 2147 1532 2186 6,
1564 2147 1585 2180 2
1617 2149 1748 2181 Munda
1780 2159 1834 2180 me

273 2197 487 2228 immundum
520 2198 546 2228 Ι.
571 2213 616 2218 -—
642 2194 680 2235 6,
713 2194 734 2227 3
767 2197 846 2229 Una
875 2195 972 2227 stilla
997 2195 1073 2226 sola
1098 2193 1233 2225 salvum
1259 2194 1371 2226 facere
1396 2196 1441 2226 H.
1467 2212 1510 2217 -
1536 2192 1572 2233 6,
1605 2192 1627 2225 4
1651 2195 1761 2236 possit
1784 2195 1832 2234 A3

274 2245 387 2284 potest
419 2240 468 2282 E3
506 2242 674 2273 Mundum
706 2245 823 2282 posset
855 2244 964 2272 totum
998 2240 1041 2271 ab
1075 2240 1169 2270 omni
1199 2239 1226 2270 Ι.
1258 2256 1300 2260 -
1335 2238 1373 2278 7,
1412 2239 1426 2271 1
1460 2240 1575 2271 Iesum
1608 2240 1659 2278 D;
1690 2240 1770 2272 Iesu
1801 2235 1855 2271 te*

272 2287 426 2318 velatum
459 2288 511 2326 H,
546 2288 626 2319 Iesu
658 2288 731 2329 pie,
766 2297 867 2328 quem
901 2296 991 2317 nunc
1017 2286 1063 2324 A,
1098 2284 1127 2315 O
1152 2285 1249 2322 Iesu,
1282 2295 1382 2326 quem
1407 2286 1452 2325 B;
1485 2285 1584 2323 Iesu,
1616 2295 1717 2326 quem
1743 2293 1835 2316 nune

274 2333 425 2364 velatum
452 2333 491 2366 G.
518 2349 560 2354 —
587 2331 616 2371 7,
643 2331 664 2363 2
690 2332 781 2363 istud
805 2332 852 2368 G;
889 2331 979 2373 puod
1005 2331 1073 2361 iarn
1100 2330 1182 2361 sitio
1207 2330 1253 2361 B:
1287 2330 1378 2369 quod
1403 2333 1537 2362 tantum
1563 2331 1643 2361 sitio
1669 2330 1715 2362 E:
1741 2328 1834 2372 quod

274 2382 345 2409 tam
381 2379 483 2419 cupio
517 2378 558 2410 G.
583 2395 627 2399 --
654 2376 690 2414 7,
725 2376 746 2409 3
781 2381 815 2409 te
847 2377 932 2408 fehlt
957 2377 1006 2415 113
1043 2385 1181 2406 cernam
1207 2376 1242 2414 1;
1276 2376 1429 2407 revelata
1454 2375 1542 2407 facie
1567 2375 1703 2407 videam
1730 2376 1766 2407 Β.
1792 2391 1835 2395 -

275 2422 305 2461 7,
331 2421 353 2453 4
376 2423 464 2454 visu
491 2422 575 2454 fehlt
600 2422 646 2462 G3
679 2423 784 2454 Visus
809 2423 862 2462 H,
897 2425 981 2453 statt
1007 2421 1120 2452 dieses
1145 2421 1272 2452 Verses
1299 2422 1334 2452 in
1359 2422 1393 2452 I:
1426 2421 1467 2452 In
1492 2431 1598 2462 regno
1624 2424 1705 2452 tuae
1730 2420 1834 2452 collo-

276 2472 373 2499 catus
398 2468 532 2509 gloriae
559 2469 591 2503 I:
623 2469 659 2498 in
684 2468 730 2498 B:
757 2468 797 2498 In
823 2468 966 2509 perenni
992 2467 1121 2507 requie,
1147 2466 1207 2497 ubi
1235 2468 1271 2496 tu
1296 2476 1332 2497 es
1359 2466 1472 2507 gloria
1497 2466 1675 2497 beatorum
1701 2476 1761 2507 per
1784 2466 1835 2496 iu-

276 2513 374 2545 finita
399 2513 539 2545 saecula
565 2513 793 2544 saeculorum.

371 2559 445 2598 „Ad
481 2562 733 2590 sacramentum
767 2557 999 2589 eucharistiae
1031 2557 1141 2587 oratio
1174 2556 1268 2588 beati
1302 2553 1508 2587 Thomae“
1545 2556 1585 2586 A.
1618 2572 1660 2576 —
1695 2554 1837 2595 „Oratio

276 2605 386 2635 sancti
421 2604 616 2635 Thomae
650 2603 698 2634 de
730 2603 926 2644 Aquino,
960 2612 1062 2643 quam
1095 2601 1184 2632 dixit
1214 2602 1250 2632 iu
1284 2601 1381 2632 obitu
1412 2611 1492 2638 suo,
1526 2600 1663 2642 quando
1689 2600 1838 2642 sumpsit

277 2647 558 2681 eucharistiam“.
598 2649 636 2679 B.
668 2666 712 2668 —
741 2648 882 2689 „Oratio
920 2648 1031 2678 sancti
1068 2646 1262 2678 Thomae
1299 2646 1347 2677 de
1384 2647 1578 2687 Aquino,
1621 2655 1724 2687 quam
1761 2647 1835 2687 ipse

277 2695 415 2725 (licebat
453 2697 530 2726 ante
564 2693 713 2725 hostiam
748 2690 1016 2724 consecramur&
1050 2694 1086 2724 C.
1120 2708 1158 2714 —
1192 2692 1352 2730 „Oi-atio,
1390 2701 1493 2733 quam
1526 2691 1665 2722 dicebat
1696 2694 1835 2722 sanctus

276 2739 428 2771 Thomas
463 2740 504 2771 de
531 2740 668 2780 Aquino
704 2742 783 2780 post
815 2738 1044 2770 elevationem
1076 2737 1231 2778 corporis
1258 2737 1399 2768 Domini
1433 2737 1541 2768 nostri
1569 2737 1648 2768 Iesu
1673 2733 1835 2768 Christi“.

276 2785 318 2815 D.
353 2801 396 2805 —
431 2786 589 2825 „Devota
633 2785 744 2815 oratio
781 2784 891 2814 sancti
928 2783 1119 2815 Thomae
1157 2782 1206 2813 de
1243 2783 1418 2822 Aquino
1454 2783 1488 2813 in
1521 2781 1649 2813 honore
1682 2781 1836 2822 corporis

278 2830 407 2860 Christi
434 2829 580 2861 ‹lic-enda
605 2830 648 2861 ab
675 2830 769 2860 omni
794 2829 1047 2860 communicare
1074 2825 1239 2859 voleuti“.
1265 2827 1305 2858 E.
1331 2844 1374 2848 —-
1394 2827 1546 2868 „Oratim
1573 2836 1675 2867 quam
1699 2826 1838 2857 dicebat

277 2878 417 2905 sam-tus
443 2875 628 2906 Thomas
654 2875 701 2906 de
727 2875 900 2913 Aquino
927 2877 1006 2905 ante
1032 2883 1156 2914 corpus
1175 2871 1338 2904 Chris-tw.
1368 2873 1404 2904 F.
1431 2889 1472 2894 —
1501 2872 1686 2913 „Sequitur
1713 2871 1834 2909 oratio,

277 2929 380 2960 quam
413 2920 493 2951 fecit
527 2919 714 2951 Thomas
745 2919 793 2950 de
828 2920 1002 2960 Aquino
1037 2929 1139 2959 super
1170 2928 1294 2960 corpus
1320 2918 1461 2949 Domini
1495 2918 1531 2948 in
1557 2917 1717 2949 extremis
1742 2917 1836 2947 vitae
