1914 3223
209 453 259 490 10

208 736 256 772 15

209 1301 259 1338 25

208 1585 260 1622 30

204 1868 255 1906 35

203 2152 255 2190 40

199 2434 251 2472 45

728 170 1009 210 —99—

293 279 408 322 Dona
438 293 602 330 superna
632 283 778 330 loquar,
810 284 969 321 miserae
989 285 1073 321 'non
1105 285 1250 330 proelia
1281 284 1429 333 Troiae,

348 340 468 376 Terra
499 339 634 386 quibus
665 340 815 386 gaudet,
850 340 948 377 dona
979 351 1144 387 superna
1175 341 1319 388 loquar.

291 392 365 444 En,
400 396 502 433 Deus
533 397 631 433 altus
663 396 745 432 adit
776 398 1012 434 venerandae
1044 397 1200 444 virginis
1230 398 1355 434 alvum

350 451 504 489 Liberet
534 458 573 489 ut
605 452 786 500 homines,
815 463 873 497 en,
907 453 1009 490 Deus
1040 454 1138 490 altus
1169 453 1261 491 adit.

291 505 454 547 Femina
485 509 590 555 virgo
622 509 721 555 parit
755 510 882 546 mundi
915 509 1052 546 devota
1082 515 1291 556 parentem,

349 566 463 603 Porta
493 565 619 603 Maria
650 565 734 613 Dei,
768 564 908 602 femina
940 566 1044 612 virgo
1076 567 1186 612 parit.

292 617 448 662 Gaudet
476 623 597 659 amica.
628 622 762 659 cohors
794 622 842 659 de
872 623 1018 669 virgine
1049 629 1168 659 matre
1197 623 1374 671 tonantis,

348 678 576 725 virginitate
607 679 750 716 micans
781 678 919 725 gaudet
950 679 1071 716 amica
1101 679 1247 717 cohors.

291 731 418 773 Huius
449 735 569 772 honor
599 735 727 783 genuit
760 739 863 772 casto
895 735 942 772 de
972 735 1138 782 germine
1171 736 1310 783 plures,

351 791 547 838 virgineos
579 791 691 828 tiores
722 791 831 828 huius
861 791 981 829 honor
1008 792 1148 838 genuit.

293 844 455 895 Ignibus
486 855 571 886 usta
602 847 693 885 feris
724 849 830 896 virgo
860 859 933 886 non
966 848 1076 885 cessit
1109 848 1273 897 Agatha,

346 905 497 942 Eulalia
529 909 565 941 et
597 904 741 952 perfert
772 905 922 952 ignibus
953 909 1037 942 usta
1068 903 1172 943 feris.

288 957 416 1000 Kasta
448 960 549 999 feras
581 966 735 1008 superat
766 962 900 998 mentis
931 972 1000 1008 pro
1032 961 1193 998 culmine
1220 962 1348 1013 TecIa,

343 1016 520 1055 Eufemia
551 1029 658 1055 saera
690 1022 794 1055 casta
826 1016 926 1055 feras
957 1021 1124 1064 superat.

288 1070 411 1112 Laeta
442 1075 539 1111 ridet
573 1075 720 1122 gladios
751 1074 854 1111 ferro
884 1074 1078 1112 robustior
1107 1076 1247 1122 Agnes,

346 1131 512 1169 Caecilia
541 1130 698 1168 infestos
731 1131 830 1168 laeta
860 1131 961 1169 ridet
991 1131 1150 1180 gladios,

290 1184 435 1226 Multus
467 1189 505 1225 in
537 1188 628 1225 orbe
660 1189 760 1235 viget-
790 1198 860 1237 per
889 1187 1015 1225 sobria
1047 1188 1163 1225 corda
1192 1187 1419 1236 triumphus,

347 1244 572 1282 Sobrietatis
603 1256 709 1282 amor
739 1245 878 1282 multus
908 1245 947 1282 in
976 1244 1067 1281 orbe
1098 1245 1211 1291 viget.

289 1296 430 1339 Nostra
461 1312 607 1348 quoque
639 1302 790 1349 egregia
820 1302 894 1338 iam
926 1306 1097 1348 tempora
1128 1301 1234 1347 virgo
1265 1300 1406 1349 beavit,

346 1358 571 1396 Edilthrida
602 1358 697 1394 nitet.
728 1362 858 1395 nostra
886 1368 1032 1404 quoque
1064 1357 1226 1406 egregia.

294 1409 393 1453 Orta
424 1420 532 1461 patre
563 1415 700 1452 eximio
732 1415 848 1462 regali
882 1422 919 1451 et
949 1419 1144 1451 stemmate
1175 1414 1290 1463 clara,

349 1471 525 1509 Nobilior
554 1471 715 1509 Domino
746 1476 804 1509 est
835 1476 917 1508 orta
947 1476 1057 1517 patre
1087 1470 1236 1510 eximio.

291 1523 471 1576 Percipit
500 1528 589 1565 inde
622 1529 736 1565 decus
767 1527 897 1575 regina
929 1531 965 1564 et
996 1531 1148 1573 sceptra
1178 1527 1247 1564 sub
1277 1527 1405 1572 astris,

350 1585 440 1622 Plus
471 1595 586 1631 super
615 1589 720 1622 astra
750 1594 905 1621 manens
936 1584 1101 1631 percipit
1130 1583 1220 1621 inde
1252 1584 1366 1622 decus

291 1636 394 1694 Quid
426 1641 537 1689 petis,
569 1642 681 1689 alma,
714 1641 849 1687 virum,
881 1651 1020 1688 sponso
1050 1641 1126 1677 iam
1157 1640 1288 1678 dedita
1318 1640 1491 1678 summo?

347 1697 515 1745 Sponsus
547 1698 654 1735 adest
687 1698 883 1744 Christus3
917 1698 1006 1745 quid
1038 1697 1150 1748 petis,
1182 1698 1294 1747 alma,
1327 1696 1479 1735 virum?

288 1750 409 1801 Regis
440 1758 480 1791 ut
511 1755 680 1792 aetherei
710 1761 868 1792 matrem
899 1754 987 1802 iam,
1020 1754 1147 1802 credo,
1179 1755 1361 1804 sequaris,

346 1811 402 1848 Tu
433 1822 578 1859 quoque
609 1812 661 1848 sis
691 1818 813 1849 mater
843 1811 942 1858 regis
965 1815 1000 1847 et
1032 1811 1212 1849 aetherei.

290 1863 442 1914 Sponsa
474 1868 600 1905 dicata
629 1868 710 1906 Deo
741 1868 800 1905 bis
834 1878 901 1905 sex
931 1872 1157 1915 regnaverat
1187 1868 1295 1905 annis

345 1925 463 1972 Inque
496 1925 726 1962 monasterio
758 1928 815 1962 est
845 1935 984 1972 sponsa
1016 1924 1142 1961 dicata
1173 1925 1267 1965 Deo,

288 1977 392 2019 Tota
423 1987 573 2019 sacrata
594 1982 681 2029 polo
713 1982 824 2019 celsis
855 1981 919 2018 ubi
950 1979 1079 2019 floruit
1108 1981 1219 2028 actis,

345 2038 530 2076 Reddidit
561 2044 674 2085 atque
704 2038 866 2075 animam
898 2041 979 2075 tot-a
1009 2042 1160 2076 saerata
1189 2039 1291 2088 polo,

288 2090 460 2142 Virginis
491 2096 590 2132 alma
622 2105 710 2132 caro
741 2099 798 2132 est
827 2096 1013 2132 tumulata
1043 2094 1102 2132 bis
1133 2099 1218 2132 octo
1250 2094 1499 2140 Novembres,

344 2151 426 2188 Nec
456 2156 563 2198 putet
592 2152 632 2188 in
663 2152 807 2189 tumulo
838 2151 995 2198 virginis
1027 2152 1126 2189 alma
1159 2162 1260 2191 caro.

288 2203 442 2258 Xriste,
476 2209 531 2245 tui
563 2213 621 2245 est
650 2209 789 2256 operis,
823 2208 910 2255 quia
941 2208 1057 2245 vestis
1088 2211 1126 2245 et
1155 2208 1242 2256 ipsa
1271 2208 1451 2255 sepulcro

346 2265 535 2302 Inviolata
564 2265 673 2312 nitet,
707 2265 871 2311 Christe,
903 2265 959 2302 tui
990 2269 1048 2301 est
1077 2266 1218 2311 operis,

288 2316 421 2359 Ydros
452 2326 490 2358 et
518 2326 602 2359 ater
631 2321 714 2359 abit
743 2332 875 2359 sacrae
906 2332 976 2368 pro
1006 2322 1123 2359 vestis
1154 2322 1310 2370 honore,

343 2377 473 2415 Morbi
504 2378 715 2426 diffugiunt,
748 2379 866 2426 ydros
898 2382 936 2415 et
965 2382 1047 2415 ater
1077 2378 1170 2417 abit.

284 2431 399 2472 Zelus
430 2435 469 2472 in
501 2435 609 2472 hoste
640 2433 746 2480 furit,
776 2436 965 2482 quondam
997 2435 1060 2482 qui
1092 2434 1237 2472 vicerat
1266 2433 1403 2477 Evam,

347 2491 462 2538 Virgo
493 2491 704 2538 triumphat
734 2502 864 2541 ovans,
897 2492 998 2528 zelus
1029 2491 1069 2528 in
1099 2491 1207 2529 hoste
1238 2489 1344 2528 furit.

715 2600 736 2624 *
866 2632 870 2640 Ι
999 2600 1020 2622 *

857 2637 878 2655 ἥ(

286 2711 446 2764 Aspice,
477 2720 598 2763 nupta
630 2716 723 2764 Deo,
755 2727 850 2763 quae
881 2717 929 2753 sit
960 2716 1029 2753 tibi
1061 2716 1184 2763 gloria
1215 2716 1341 2764 terris,

343 2774 447 2819 Quae
477 2776 629 2810 maneat
661 2772 789 2819 caelis,
822 2773 963 2819 aspice,
996 2777 1114 2819 nupta
1145 2773 1239 2811 Deo.

286 2825 452 2867 Munera
482 2830 583 2866 laeta
611 2829 729 2876 capis,
762 2828 909 2866 festivis
942 2828 1087 2875 fulgida
1117 2829 1253 2878 taedis,

343 2885 457 2932 Ecce,
490 2886 594 2923 venit
623 2887 805 2933 sponsus!
839 2896 994 2923 munera
1025 2886 1123 2923 laeta
1155 2886 1273 2933 capis.

1394 2949 1440 2983 7*
