1914 3223
775 210 824 214 —-
885 188 965 227 505
1026 211 1079 216 —

183 305 224 342 5.
255 303 300 340 In
330 307 368 338 te
399 312 587 348 nunquam
619 301 790 338 nubilata

312 359 424 396 Aeris
456 358 670 405 temperies,

258 415 345 453 Sole
377 415 467 452 solis
496 415 685 452 illustrata

315 471 473 518 Semper
503 476 560 508 est
589 471 780 510 meridies,

257 529 300 566 In
332 532 369 564 te
400 539 472 565 non
503 539 576 565 nox
608 526 718 564 fessis
749 532 858 573 grata

312 584 392 621 Nee
423 584 532 622 labor
564 594 632 621 nec
663 583 821 630 inquies.

187 694 225 731 6.
258 693 301 730 In
334 697 371 728 te
401 690 536 729 florida
569 692 733 729 vernalis

313 749 500 787 Perdurat
531 748 752 793 amoenitas,

255 805 381 842 Ferax
413 815 563 852 semper
592 805 784 842 aestivalis

309 862 453 899 Rutilat
486 863 683 906 serenitas,

252 918 492 956 Autumnalis
524 929 590 955 seu
621 918 802 955 brumalis

310 975 446 1013 Procul
479 980 534 1011 est
567 973 772 1022 frigiditas,

182 1084 220 1122 7.
252 1082 444 1130 Quidquid
475 1082 569 1120 libet
597 1083 659 1119 hie
692 1082 857 1120 dulcoris

307 1140 446 1177 Avium
477 1140 515 1176 in
548 1139 731 1178 cantibuS.

251 1196 441 1244 Quidquid
473 1195 580 1233 iubili
614 1196 761 1233 canoris

307 1253 466 1290 Musieis
497 1253 536 1289 in
567 1253 725 1299 actibus,

250 1310 294 1347 In
325 1315 362 1346 te
391 1310 544 1356 plenum
576 1310 646 1348 hoe
676 1310 823 1356 saporis

306 1366 486 1419 Abundat
520 1366 703 1404 diffusius.

182 1469 220 1508 8.
252 1469 295 1507 In
327 1474 364 1506 te
395 1468 551 1506 robusta
581 1469 756 1506 iuventus

307 1526 351 1563 ln
386 1535 519 1563 aevum
551 1536 625 1562 non
659 1524 820 1575 deperit,

252 1582 374 1620 Senex
407 1593 472 1619 seu
503 1586 623 1619 morte
653 1586 885 1628 praeventus

306 1639 350 1676 In
380 1644 419 1675 te
449 1649 519 1676 nec
551 1643 607 1675 est
637 1648 708 1675 nee
738 1637 821 1685 erit,

250 1694 325 1734 Sed
356 1706 477 1743 neque
509 1693 676 1732 futurum
708 1698 870 1744 tempus,

305 1753 490 1791 Praesens
498 1763 689 1799 nunquam
699 1752 896 1799 praeterit.

175 1855 217 1894 9.
250 1855 293 1892 In
315 1859 352 1891 te
373 1865 443 1891 nee
463 1854 668 1902 quidquam
686 1854 884 1892 molestum

307 1910 388 1948 Nec
419 1912 579 1959 languor
609 1921 679 1948 nec
710 1911 870 1959 gemitus

249 1967 331 2004 Nee
340 1979 504 2015 unquam
514 1968 604 2015 quid
619 1968 883 2005 immodestum

304 2024 384 2062 Nec
415 2025 524 2063 dolus
555 2035 624 2062 nec
656 2023 817 2072 facinus⁷

247 2080 322 2118 Sed
353 2092 474 2128 neque
505 2081 596 2129 quid
627 2082 866 2119 inhonestum

307 2138 387 2175 Nec
419 2139 532 2185 culpa
562 2148 630 2175 nec
664 2138 840 2176 dedecus.

151 2239 219 2278 10.
251 2240 329 2277 Lex
361 2239 614 2277 membrorum
646 2241 821 2278 animalis

306 2297 389 2334 Erit
421 2297 533 2344 plene
563 2302 723 2334 mortua.

253 2353 360 2391 Nova
392 2364 479 2391 caro
510 2354 694 2400 spiritalis

307 2410 391 2447 Erit
423 2411 539 2447 menti
569 2410 722 2449 subdita

253 2466 422 2514 Vivaque
455 2467 510 2504 vis
541 2468 726 2504 sensualis

309 2517 459 2561 Rat'ioni
492 2534 666 2564 consona.

964 303 1089 342 11.111
1122 309 1159 338 te
1190 303 1296 339 vivus
1329 303 1542 340 continetur

1044 394 1050 400 ,
1104 359 1205 395 Fons
1239 359 1417 406 bonorum
1447 360 1624 404 omnium,

1049 417 1092 452 ln
1124 426 1196 461 quo
1228 416 1338 462 plene
1369 416 1585 462 possidetur

1102 472 1235 508 Totum
1274 477 1462 519 tamquam
1496 473 1705 519 proprium,

1045 528 1236 575 Quidquid
1270 530 1418 575 corpori
1453 529 1604 567 videtur

1104 584 1190 621 Sive
1222 585 1337 622 menti
1368 596 1584 634 congruum.

963 692 1094 730 12.1n
1122 697 1159 728 te
1190 691 1328 729 florens
1360 693 1616 741 pulchritudo,

1102 748 1225 794 Supra
1256 750 1372 786 solem
1406 748 1563 797 fulgida.

1046 805 1167 842 Velox
1199 806 1310 842 nimis
1342 806 1615 852 promptitudo,

1102 863 1217 899 Prout
1251 863 1344 911 vult,
1378 863 1545 910 agillima

1042 919 1349 965 Praepotensqae
1382 918 1565 956 fortitudo

1101 975 1230 1012 Virtus
1261 981 1299 1012 ut
1333 976 1514 1023 angelica.

958 1083 1084 1121 13.1n
1115 1088 1153 1120 te
1183 1082 1373 1120 libertatis
1405 1084 1522 1120 claret

1097 1140 1259 1186 Insignis
1291 1139 1483 1183 nobilitas,

1038 1196 1240 1242 Nunquam
1249 1197 1413 1243 languet,
1425 1207 1614 1243 nunquam
1622 1200 1707 1234 aret

1097 1252 1329 1292 Confirmata
1360 1254 1514 1291 sanitas.

1045 1310 1249 1356 Voluptate
1281 1321 1470 1357 nunquam
1503 1315 1604 1347 caret

1105 1367 1206 1413 Iugis
1238 1367 1331 1404 haee
1360 1367 1571 1414 integritas.

961 1468 1025 1506 14.
1043 1468 1086 1505 In
1118 1471 1156 1503 te
1188 1468 1298 1505 durat
1331 1468 1528 1515 longitudo

1099 1523 1327 1570 Sempiterni
1359 1525 1552 1571 temporis.

1041 1581 1144 1628 Quae
1176 1581 1286 1627 plena
1318 1581 1514 1618 beatitudo

1098 1636 1309 1675 Reformati
1343 1638 1527 1685 corporis,

1044 1695 1088 1732 In
1118 1694 1190 1732 hac
1220 1706 1291 1742 par
1321 1694 1528 1732 similitudo

1097 1751 1322 1798 Redemptis
1354 1756 1389 1788 et
1421 1752 1578 1798 angelis,

960 1854 1072 1894 15.0
1104 1865 1215 1900 quam
1248 1864 1336 1891 vere
1366 1854 1571 1901 gloriosum

1098 1911 1187 1948 Eris
1221 1921 1357 1957 corpus
1389 1908 1538 1957 fragile.

1043 1967 1133 2004 Cum
1166 1966 1284 2004 fueris
1314 1971 1390 2004 tam
1423 1965 1640 2012 formosum,

1097 2024 1226 2068 Forte,
1260 2035 1404 2069 sanum,
1437 2024 1546 2070 agile,

1041 2081 1234 2125 Liberum,
1265 2080 1543 2127 voluptuosum,

1098 2138 1143 2175 In
1173 2148 1308 2175 aevum
1341 2137 1527 2175 durabile.

957 2241 1022 2278 16.
1044 2239 1153 2276 Nunc
1184 2238 1349 2275 libenter
1378 2249 1422 2274 ae
1454 2237 1646 2275 ferventer

1100 2295 1289 2333 Laborum
1322 2294 1380 2331 fer
1411 2305 1538 2337 onera,

1042 2353 1194 2389 Habeas
1226 2356 1266 2389 ut
1298 2350 1499 2388 affluenter

1100 2409 1209 2446 Dona
1239 2414 1314 2445 tam
1347 2407 1544 2455 magnifica

1042 2466 1271 2512 Doterisque
1302 2465 1514 2503 luculenter

1097 2522 1229 2559 Gloria
1262 2527 1458 2568 perpetua.

563 2627 626 2663 17.
660 2626 828 2663 Aeterne
859 2623 1071 2672 glorificata

716 2682 774 2719 Sit
803 2681 915 2719 beata
945 2681 1109 2721 trinitas.

661 2741 694 2776 A
726 2749 799 2786 qua
830 2738 1005 2775 caelestis
1036 2735 1195 2774 fundata

719 2795 926 2832 Ierusalem
957 2794 1103 2839 civitas,

664 2853 707 2890 ln
735 2862 808 2899 qua
838 2851 913 2888 sibi
944 2850 1183 2897 frequentata

717 2908 773 2946 Sit
804 2907 929 2945 laudis
960 2907 1205 2944 immensitas.
