<?xml version="1.0" encoding="UTF-8"?>
<!DOCTYPE html PUBLIC "-//W3C//DTD XHTML 1.0 Transitional//EN"
    "http://www.w3.org/TR/xhtml1/DTD/xhtml1-transitional.dtd">
<html xmlns="http://www.w3.org/1999/xhtml" xml:lang="en" lang="en">
 <head>
  <title>
</title>
<meta http-equiv="Content-Type" content="text/html;charset=utf-8" />
  <meta name='ocr-system' content='tesseract 3.04.00' />
  <meta name='ocr-capabilities' content='ocr_page ocr_carea ocr_par ocr_line ocrx_word'/>
</head>
<body>
  <div class='ocr_page' id='page_1' title='image "./hymnographilatin01drevuoft_1073.png"; bbox 0 0 1914 3223; ppageno 0'>
   <div class='ocr_carea' id='block_1_1' title="bbox 754 188 1064 227">
    <p class='ocr_par' dir='ltr' id='par_1_1' title="bbox 754 188 1064 227">
     <span class='ocr_line' id='line_1_1' title="bbox 754 188 1064 227; baseline -0.003 0"><span class='ocrx_word' id='word_1_1' title='bbox 754 211 809 215; x_wconf 86' lang='lat'>--</span> <span class='ocrx_word' id='word_1_2' title='bbox 868 188 948 227; x_wconf 71' lang='lat'>515</span> <span class='ocrx_word' id='word_1_3' title='bbox 1010 212 1064 217; x_wconf 91' lang='lat'>—</span> 
     </span>
    </p>
   </div>
   <div class='ocr_carea' id='block_1_2' title="bbox 362 292 1238 508">
    <p class='ocr_par' dir='ltr' id='par_1_2' title="bbox 362 292 1238 452">
     <span class='ocr_line' id='line_1_2' title="bbox 362 292 1238 351; baseline 0.002 -13"><span class='ocrx_word' id='word_1_4' title='bbox 362 302 398 339; x_wconf 78' lang='lat'>3.</span> <span class='ocrx_word' id='word_1_5' title='bbox 446 300 560 337; x_wconf 83' lang='lat' dir='ltr'>Flore</span> <span class='ocrx_word' id='word_1_6' title='bbox 591 300 659 337; x_wconf 90' lang='lat' dir='ltr'>sub</span> <span class='ocrx_word' id='word_1_7' title='bbox 691 301 836 347; x_wconf 83' lang='lat' dir='ltr'>primae</span> <span class='ocrx_word' id='word_1_8' title='bbox 867 292 1020 340; x_wconf 79' lang='lat' dir='ltr'>tenerae</span> <span class='ocrx_word' id='word_1_9' title='bbox 1051 303 1238 351; x_wconf 74' lang='lat' dir='ltr'>iuventae,</span> 
     </span>
     <span class='ocr_line' id='line_1_3' title="bbox 446 356 1141 405; baseline 0.003 -11"><span class='ocrx_word' id='word_1_10' title='bbox 446 357 503 394; x_wconf 92' lang='lat' dir='ltr'>De</span> <span class='ocrx_word' id='word_1_11' title='bbox 535 367 632 395; x_wconf 87' lang='lat' dir='ltr'>novo</span> <span class='ocrx_word' id='word_1_12' title='bbox 663 356 785 394; x_wconf 88' lang='lat' dir='ltr'>factus</span> <span class='ocrx_word' id='word_1_13' title='bbox 816 358 942 396; x_wconf 91' lang='lat' dir='ltr'>senior</span> <span class='ocrx_word' id='word_1_14' title='bbox 973 364 1141 405; x_wconf 84' lang='lat' dir='ltr'>repente,</span> 
     </span>
     <span class='ocr_line' id='line_1_4' title="bbox 450 413 1091 452; baseline 0.003 -2"><span class='ocrx_word' id='word_1_15' title='bbox 450 413 548 450; x_wconf 86' lang='lat' dir='ltr'>Luce</span> <span class='ocrx_word' id='word_1_16' title='bbox 580 414 760 451; x_wconf 87' lang='lat' dir='ltr'>virtutum</span> <span class='ocrx_word' id='word_1_17' title='bbox 794 415 885 451; x_wconf 89' lang='lat' dir='ltr'>satis</span> <span class='ocrx_word' id='word_1_18' title='bbox 917 416 1091 452; x_wconf 75' lang='lat' dir='ltr'>evidente</span> 
     </span>
    </p>

    <p class='ocr_par' dir='ltr' id='par_1_3' title="bbox 660 470 855 508">
     <span class='ocr_line' id='line_1_5' title="bbox 660 470 855 508; baseline 0.005 -1"><span class='ocrx_word' id='word_1_19' title='bbox 660 470 855 508; x_wconf 89' lang='lat' dir='ltr'>Enituisti.</span> 
     </span>
    </p>
   </div>
   <div class='ocr_carea' id='block_1_3' title="bbox 362 566 1351 784">
    <p class='ocr_par' dir='ltr' id='par_1_4' title="bbox 362 566 1351 727">
     <span class='ocr_line' id='line_1_6' title="bbox 362 566 1351 615; baseline 0.002 -11"><span class='ocrx_word' id='word_1_20' title='bbox 362 568 399 604; x_wconf 71' lang='lat'>4.</span> <span class='ocrx_word' id='word_1_21' title='bbox 447 566 545 603; x_wconf 88' lang='lat' dir='ltr'>Dum</span> <span class='ocrx_word' id='word_1_22' title='bbox 577 577 692 614; x_wconf 84' lang='lat' dir='ltr'>genus</span> <span class='ocrx_word' id='word_1_23' title='bbox 725 568 864 604; x_wconf 86' lang='lat' dir='ltr'>celsum</span> <span class='ocrx_word' id='word_1_24' title='bbox 898 567 1160 615; x_wconf 71' lang='lat' dir='ltr'>celebremque</span> <span class='ocrx_word' id='word_1_25' title='bbox 1194 567 1351 606; x_wconf 87' lang='lat' dir='ltr'>fundum</span> 
     </span>
     <span class='ocr_line' id='line_1_7' title="bbox 446 624 1264 673; baseline 0.001 -13"><span class='ocrx_word' id='word_1_26' title='bbox 446 624 552 660; x_wconf 89' lang='lat' dir='ltr'>Iussa</span> <span class='ocrx_word' id='word_1_27' title='bbox 583 627 824 660; x_wconf 85' lang='lat' dir='ltr'>contemnens</span> <span class='ocrx_word' id='word_1_28' title='bbox 858 624 1009 661; x_wconf 83' lang='lat' dir='ltr'>Domini</span> <span class='ocrx_word' id='word_1_29' title='bbox 1043 626 1264 673; x_wconf 87' lang='lat' dir='ltr'>secundum,</span> 
     </span>
     <span class='ocr_line' id='line_1_8' title="bbox 447 680 1292 727; baseline 0.001 -10"><span class='ocrx_word' id='word_1_30' title='bbox 447 680 547 717; x_wconf 86' lang='lat' dir='ltr'>Mira</span> <span class='ocrx_word' id='word_1_31' title='bbox 578 681 659 716; x_wconf 83' lang='lat' dir='ltr'>res!</span> <span class='ocrx_word' id='word_1_32' title='bbox 693 680 832 717; x_wconf 87' lang='lat' dir='ltr'>mundo</span> <span class='ocrx_word' id='word_1_33' title='bbox 864 681 1079 727; x_wconf 88' lang='lat' dir='ltr'>superando</span> <span class='ocrx_word' id='word_1_34' title='bbox 1111 682 1292 719; x_wconf 85' lang='lat' dir='ltr'>mundum</span> 
     </span>
    </p>

    <p class='ocr_par' dir='ltr' id='par_1_5' title="bbox 662 737 970 784">
     <span class='ocr_line' id='line_1_9' title="bbox 662 737 970 784; baseline 0.003 -10"><span class='ocrx_word' id='word_1_35' title='bbox 662 737 785 784; x_wconf 81' lang='lat' dir='ltr'>Terga</span> <span class='ocrx_word' id='word_1_36' title='bbox 818 737 970 775; x_wconf 80' lang='lat' dir='ltr'>dedisti.</span> 
     </span>
    </p>
   </div>
   <div class='ocr_carea' id='block_1_4' title="bbox 446 833 1221 1043">
    <p class='ocr_par' dir='ltr' id='par_1_6' title="bbox 447 833 1205 881">
     <span class='ocr_line' id='line_1_10' title="bbox 447 833 1205 881; baseline 0.004 -12"><span class='ocrx_word' id='word_1_37' title='bbox 447 833 503 870; x_wconf 92' lang='lat' dir='ltr'>Tu</span> <span class='ocrx_word' id='word_1_38' title='bbox 535 843 658 870; x_wconf 87' lang='lat' dir='ltr'>comes</span> <span class='ocrx_word' id='word_1_39' title='bbox 690 844 802 870; x_wconf 76' lang='lat' dir='ltr'>verus</span> <span class='ocrx_word' id='word_1_40' title='bbox 833 833 986 871; x_wconf 89' lang='lat' dir='ltr'>Domini</span> <span class='ocrx_word' id='word_1_41' title='bbox 1017 835 1205 881; x_wconf 74' lang='lat' dir='ltr'>sequelae,</span> 
     </span>
    </p>

    <p class='ocr_par' dir='ltr' id='par_1_7' title="bbox 446 889 1189 935">
     <span class='ocr_line' id='line_1_11' title="bbox 446 889 1189 935; baseline 0.003 -9"><span class='ocrx_word' id='word_1_42' title='bbox 446 889 516 935; x_wconf 77' lang='lat' dir='ltr'>Qui</span> <span class='ocrx_word' id='word_1_43' title='bbox 549 890 660 927; x_wconf 83' lang='lat' dir='ltr'>dator</span> <span class='ocrx_word' id='word_1_44' title='bbox 691 891 821 927; x_wconf 86' lang='lat' dir='ltr'>reddis</span> <span class='ocrx_word' id='word_1_45' title='bbox 854 891 986 927; x_wconf 85' lang='lat' dir='ltr'>celeris</span> <span class='ocrx_word' id='word_1_46' title='bbox 1018 891 1189 928; x_wconf 88' lang='lat' dir='ltr'>medelae</span> 
     </span>
    </p>

    <p class='ocr_par' dir='ltr' id='par_1_8' title="bbox 447 946 1221 1043">
     <span class='ocr_line' id='line_1_12' title="bbox 447 946 1221 995; baseline 0.003 -12"><span class='ocrx_word' id='word_1_47' title='bbox 447 946 647 983; x_wconf 89' lang='lat' dir='ltr'>Luminum</span> <span class='ocrx_word' id='word_1_48' title='bbox 678 947 799 984; x_wconf 84' lang='lat' dir='ltr'>caecis</span> <span class='ocrx_word' id='word_1_49' title='bbox 834 948 948 984; x_wconf 88' lang='lat' dir='ltr'>decus</span> <span class='ocrx_word' id='word_1_50' title='bbox 980 952 1017 983; x_wconf 85' lang='lat' dir='ltr'>et</span> <span class='ocrx_word' id='word_1_51' title='bbox 1048 948 1221 995; x_wconf 85' lang='lat' dir='ltr'>loquelae</span> 
     </span>
     <span class='ocr_line' id='line_1_13' title="bbox 660 1003 979 1043; baseline 0.006 -3"><span class='ocrx_word' id='word_1_52' title='bbox 660 1003 821 1041; x_wconf 85' lang='lat' dir='ltr'>Munera</span> <span class='ocrx_word' id='word_1_53' title='bbox 853 1004 979 1043; x_wconf 78' lang='lat' dir='ltr'>mutis,</span> 
     </span>
    </p>
   </div>
   <div class='ocr_carea' id='block_1_5' title="bbox 363 836 384 871">
    <p class='ocr_par' dir='ltr' id='par_1_9' title="bbox 363 836 384 871">
     <span class='ocr_line' id='line_1_14' title="bbox 363 836 384 871; textangle 90"><span class='ocrx_word' id='word_1_54' title='bbox 363 836 384 871; x_wconf 53' lang='lat'>2⁷¹</span> 
     </span>
    </p>
   </div>
   <div class='ocr_carea' id='block_1_6' title="bbox 361 1097 1202 1308">
    <p class='ocr_par' dir='ltr' id='par_1_10' title="bbox 361 1097 1202 1263">
     <span class='ocr_line' id='line_1_15' title="bbox 361 1097 1143 1147; baseline 0 -10"><span class='ocrx_word' id='word_1_55' title='bbox 361 1100 397 1140; x_wconf 80' lang='lat'>6.</span> <span class='ocrx_word' id='word_1_56' title='bbox 445 1099 502 1136; x_wconf 93' lang='lat' dir='ltr'>Tu</span> <span class='ocrx_word' id='word_1_57' title='bbox 532 1099 594 1145; x_wconf 85' lang='lat' dir='ltr'>pio</span> <span class='ocrx_word' id='word_1_58' title='bbox 626 1097 813 1136; x_wconf 81' lang='lat' dir='ltr'>transfers</span> <span class='ocrx_word' id='word_1_59' title='bbox 845 1099 969 1136; x_wconf 91' lang='lat' dir='ltr'>animo</span> <span class='ocrx_word' id='word_1_60' title='bbox 1001 1100 1143 1147; x_wconf 84' lang='lat' dir='ltr'>petitus</span> 
     </span>
     <span class='ocr_line' id='line_1_16' title="bbox 445 1154 1202 1203; baseline 0.003 -11"><span class='ocrx_word' id='word_1_61' title='bbox 445 1154 661 1202; x_wconf 83' lang='lat' dir='ltr'>Naufragas</span> <span class='ocrx_word' id='word_1_62' title='bbox 692 1159 849 1203; x_wconf 85' lang='lat' dir='ltr'>mentes,</span> <span class='ocrx_word' id='word_1_63' title='bbox 881 1154 1011 1203; x_wconf 81' lang='lat' dir='ltr'>opifex</span> <span class='ocrx_word' id='word_1_64' title='bbox 1044 1157 1202 1203; x_wconf 81' lang='lat' dir='ltr'>peritus,</span> 
     </span>
     <span class='ocr_line' id='line_1_17' title="bbox 444 1212 1192 1263; baseline 0 -13"><span class='ocrx_word' id='word_1_65' title='bbox 444 1212 555 1250; x_wconf 84' lang='lat' dir='ltr'>Pacis</span> <span class='ocrx_word' id='word_1_66' title='bbox 585 1212 635 1249; x_wconf 87' lang='lat' dir='ltr'>ad</span> <span class='ocrx_word' id='word_1_67' title='bbox 666 1216 816 1259; x_wconf 88' lang='lat' dir='ltr'>portum</span> <span class='ocrx_word' id='word_1_68' title='bbox 848 1213 1053 1259; x_wconf 79' lang='lat' dir='ltr'>veniaeque</span> <span class='ocrx_word' id='word_1_69' title='bbox 1085 1214 1192 1263; x_wconf 88' lang='lat' dir='ltr'>litus,</span> 
     </span>
    </p>

    <p class='ocr_par' dir='ltr' id='par_1_11' title="bbox 664 1269 945 1308">
     <span class='ocr_line' id='line_1_18' title="bbox 664 1269 945 1308; baseline 0.007 -2"><span class='ocrx_word' id='word_1_70' title='bbox 664 1270 766 1307; x_wconf 79' lang='lat' dir='ltr'>Aura</span> <span class='ocrx_word' id='word_1_71' title='bbox 797 1269 945 1308; x_wconf 81' lang='lat' dir='ltr'>salutis.</span> 
     </span>
    </p>
   </div>
   <div class='ocr_carea' id='block_1_7' title="bbox 369 1365 1312 1582">
    <p class='ocr_par' dir='ltr' id='par_1_12' title="bbox 369 1365 1298 1412">
     <span class='ocr_line' id='line_1_19' title="bbox 369 1365 1298 1412; baseline 0 -9"><span class='ocrx_word' id='word_1_72' title='bbox 369 1379 399 1403; x_wconf 72' lang='grc' dir='ltr'>ι.</span> <span class='ocrx_word' id='word_1_73' title='bbox 446 1365 559 1411; x_wconf 85' lang='lat' dir='ltr'>Hinc⁷</span> <span class='ocrx_word' id='word_1_74' title='bbox 593 1365 692 1412; x_wconf 86' lang='lat' dir='ltr'>quod</span> <span class='ocrx_word' id='word_1_75' title='bbox 723 1369 765 1402; x_wconf 91' lang='lat' dir='ltr'>ut</span> <span class='ocrx_word' id='word_1_76' title='bbox 795 1370 950 1403; x_wconf 84' lang='lat' dir='ltr'>sanctus</span> <span class='ocrx_word' id='word_1_77' title='bbox 982 1366 1117 1403; x_wconf 85' lang='lat' dir='ltr'>merito</span> <span class='ocrx_word' id='word_1_78' title='bbox 1149 1366 1298 1411; x_wconf 86' lang='lat' dir='ltr'>colaris,</span> 
     </span>
    </p>

    <p class='ocr_par' dir='ltr' id='par_1_13' title="bbox 444 1422 1312 1471">
     <span class='ocr_line' id='line_1_20' title="bbox 444 1422 1312 1471; baseline 0.002 -13"><span class='ocrx_word' id='word_1_79' title='bbox 444 1422 553 1467; x_wconf 81' lang='lat' dir='ltr'>Quod</span> <span class='ocrx_word' id='word_1_80' title='bbox 585 1422 665 1459; x_wconf 91' lang='lat' dir='ltr'>Deo</span> <span class='ocrx_word' id='word_1_81' title='bbox 699 1422 845 1471; x_wconf 80' lang='lat' dir='ltr'>dignus,</span> <span class='ocrx_word' id='word_1_82' title='bbox 881 1423 982 1469; x_wconf 88' lang='lat' dir='ltr'>quod</span> <span class='ocrx_word' id='word_1_83' title='bbox 1016 1427 1052 1460; x_wconf 88' lang='lat' dir='ltr'>et</span> <span class='ocrx_word' id='word_1_84' title='bbox 1082 1423 1312 1470; x_wconf 84' lang='lat' dir='ltr'>assequaris,</span> 
     </span>
    </p>

    <p class='ocr_par' dir='ltr' id='par_1_14' title="bbox 445 1479 1311 1582">
     <span class='ocr_line' id='line_1_21' title="bbox 445 1479 1311 1530; baseline 0.002 -15"><span class='ocrx_word' id='word_1_85' title='bbox 445 1479 638 1525; x_wconf 77' lang='lat' dir='ltr'>Quidquid</span> <span class='ocrx_word' id='word_1_86' title='bbox 670 1479 861 1516; x_wconf 83' lang='lat' dir='ltr'>excelsum</span> <span class='ocrx_word' id='word_1_87' title='bbox 894 1479 1094 1517; x_wconf 86' lang='lat' dir='ltr'>Dominum</span> <span class='ocrx_word' id='word_1_88' title='bbox 1128 1481 1311 1530; x_wconf 83' lang='lat' dir='ltr'>precaris,</span> 
     </span>
     <span class='ocr_line' id='line_1_22' title="bbox 660 1535 969 1582; baseline 0.006 -10"><span class='ocrx_word' id='word_1_89' title='bbox 660 1535 787 1573; x_wconf 86' lang='lat' dir='ltr'>Claret</span> <span class='ocrx_word' id='word_1_90' title='bbox 818 1535 969 1582; x_wconf 87' lang='lat' dir='ltr'>ubique.</span> 
     </span>
    </p>
   </div>
   <div class='ocr_carea' id='block_1_8' title="bbox 361 1631 1187 1849">
    <p class='ocr_par' dir='ltr' id='par_1_15' title="bbox 361 1631 1187 1792">
     <span class='ocr_line' id='line_1_23' title="bbox 361 1631 1187 1681; baseline 0 -11"><span class='ocrx_word' id='word_1_91' title='bbox 361 1634 398 1672; x_wconf 87' lang='lat'>8.</span> <span class='ocrx_word' id='word_1_92' title='bbox 447 1632 551 1678; x_wconf 89' lang='lat' dir='ltr'>Ergo</span> <span class='ocrx_word' id='word_1_93' title='bbox 581 1643 652 1678; x_wconf 90' lang='lat' dir='ltr'>pro</span> <span class='ocrx_word' id='word_1_94' title='bbox 683 1631 806 1681; x_wconf 87' lang='lat' dir='ltr'>nobis,</span> <span class='ocrx_word' id='word_1_95' title='bbox 839 1632 900 1679; x_wconf 89' lang='lat' dir='ltr'>pie</span> <span class='ocrx_word' id='word_1_96' title='bbox 930 1636 1074 1680; x_wconf 73' lang='lat' dir='ltr'>pastor,</span> <span class='ocrx_word' id='word_1_97' title='bbox 1108 1644 1187 1678; x_wconf 80' lang='lat' dir='ltr'>ora,</span> 
     </span>
     <span class='ocr_line' id='line_1_24' title="bbox 448 1688 1143 1726; baseline 0.001 -1"><span class='ocrx_word' id='word_1_98' title='bbox 448 1689 527 1725; x_wconf 88' lang='lat' dir='ltr'>Nos</span> <span class='ocrx_word' id='word_1_99' title='bbox 554 1692 595 1725; x_wconf 91' lang='lat' dir='ltr'>ut</span> <span class='ocrx_word' id='word_1_100' title='bbox 626 1693 797 1726; x_wconf 81' lang='lat' dir='ltr'>extrema</span> <span class='ocrx_word' id='word_1_101' title='bbox 829 1688 947 1726; x_wconf 90' lang='lat' dir='ltr'>facias</span> <span class='ocrx_word' id='word_1_102' title='bbox 978 1689 1017 1726; x_wconf 92' lang='lat' dir='ltr'>in</span> <span class='ocrx_word' id='word_1_103' title='bbox 1048 1689 1143 1726; x_wconf 91' lang='lat' dir='ltr'>hora</span> 
     </span>
     <span class='ocr_line' id='line_1_25' title="bbox 446 1745 1109 1792; baseline 0.002 -10"><span class='ocrx_word' id='word_1_104' title='bbox 446 1745 617 1782; x_wconf 84' lang='lat' dir='ltr'>Horrida</span> <span class='ocrx_word' id='word_1_105' title='bbox 648 1745 759 1792; x_wconf 87' lang='lat' dir='ltr'>longe</span> <span class='ocrx_word' id='word_1_106' title='bbox 789 1746 934 1792; x_wconf 89' lang='lat' dir='ltr'>positos</span> <span class='ocrx_word' id='word_1_107' title='bbox 964 1746 1011 1783; x_wconf 85' lang='lat' dir='ltr'>ab</span> <span class='ocrx_word' id='word_1_108' title='bbox 1043 1757 1109 1783; x_wconf 83' lang='lat' dir='ltr'>ora</span> 
     </span>
    </p>

    <p class='ocr_par' dir='ltr' id='par_1_16' title="bbox 665 1803 960 1849">
     <span class='ocr_line' id='line_1_26' title="bbox 665 1803 960 1849; baseline -0.007 -9"><span class='ocrx_word' id='word_1_109' title='bbox 665 1803 789 1840; x_wconf 83' lang='lat' dir='ltr'>Partis</span> <span class='ocrx_word' id='word_1_110' title='bbox 821 1803 960 1849; x_wconf 90' lang='lat' dir='ltr'>inique.</span> 
     </span>
    </p>
   </div>
   <div class='ocr_carea' id='block_1_9' title="bbox 116 1896 1684 2212">
    <p class='ocr_par' dir='ltr' id='par_1_17' title="bbox 116 1896 1684 2212">
     <span class='ocr_line' id='line_1_27' title="bbox 205 1896 1682 1941; baseline 0.001 -12"><span class='ocrx_word' id='word_1_111' title='bbox 205 1898 270 1938; x_wconf 88' lang='lat' dir='ltr'>Ep.</span> <span class='ocrx_word' id='word_1_112' title='bbox 295 1897 394 1929; x_wconf 88' lang='lat' dir='ltr'>XIII.</span> <span class='ocrx_word' id='word_1_113' title='bbox 420 1913 463 1918; x_wconf 90' lang='lat'>—-</span> <span class='ocrx_word' id='word_1_114' title='bbox 487 1898 567 1929; x_wconf 87' lang='lat' dir='ltr'>Non</span> <span class='ocrx_word' id='word_1_115' title='bbox 593 1897 706 1928; x_wconf 83' lang='lat' dir='ltr'>solum</span> <span class='ocrx_word' id='word_1_116' title='bbox 729 1898 866 1938; x_wconf 79' lang='lat' dir='ltr'>generis</span> <span class='ocrx_word' id='word_1_117' title='bbox 894 1896 1111 1938; x_wconf 81' lang='lat' dir='ltr'>principalis,</span> <span class='ocrx_word' id='word_1_118' title='bbox 1143 1897 1203 1928; x_wconf 86' lang='lat' dir='ltr'>sed</span> <span class='ocrx_word' id='word_1_119' title='bbox 1228 1897 1356 1939; x_wconf 78' lang='lat' dir='ltr'>regalis</span> <span class='ocrx_word' id='word_1_120' title='bbox 1382 1899 1486 1930; x_wconf 85' lang='lat' dir='ltr'>etiam</span> <span class='ocrx_word' id='word_1_121' title='bbox 1511 1899 1682 1941; x_wconf 81' lang='lat' dir='ltr'>dignitate</span> 
     </span>
     <span class='ocr_line' id='line_1_28' title="bbox 116 1942 1684 1980; baseline 0 -5"><span class='ocrx_word' id='word_1_122' title='bbox 116 1954 179 1975; x_wconf 85' lang='lat' dir='ltr'>nec</span> <span class='ocrx_word' id='word_1_123' title='bbox 204 1945 320 1975; x_wconf 87' lang='lat' dir='ltr'>minus</span> <span class='ocrx_word' id='word_1_124' title='bbox 344 1944 439 1974; x_wconf 85' lang='lat' dir='ltr'>vitae</span> <span class='ocrx_word' id='word_1_125' title='bbox 464 1943 576 1974; x_wconf 86' lang='lat' dir='ltr'>titulis</span> <span class='ocrx_word' id='word_1_126' title='bbox 604 1942 862 1974; x_wconf 82' lang='lat' dir='ltr'>excellentioris</span> <span class='ocrx_word' id='word_1_127' title='bbox 888 1943 1028 1980; x_wconf 78' lang='lat' dir='ltr'>illustri,</span> <span class='ocrx_word' id='word_1_128' title='bbox 1057 1942 1198 1974; x_wconf 88' lang='lat' dir='ltr'>domino</span> <span class='ocrx_word' id='word_1_129' title='bbox 1224 1947 1258 1974; x_wconf 91' lang='lat' dir='ltr'>et</span> <span class='ocrx_word' id='word_1_130' title='bbox 1285 1944 1458 1975; x_wconf 85' lang='lat' dir='ltr'>avunculo</span> <span class='ocrx_word' id='word_1_131' title='bbox 1485 1955 1546 1975; x_wconf 85' lang='lat' dir='ltr'>suo</span> <span class='ocrx_word' id='word_1_132' title='bbox 1574 1946 1614 1976; x_wconf 85' lang='lat' dir='ltr'>N.</span> <span class='ocrx_word' id='word_1_133' title='bbox 1641 1964 1684 1968; x_wconf 88' lang='lat'>—</span> 
     </span>
     <span class='ocr_line' id='line_1_29' title="bbox 117 1988 1678 2029; baseline 0.001 -9"><span class='ocrx_word' id='word_1_134' title='bbox 117 1989 180 2020; x_wconf 77' lang='lat' dir='ltr'>Am</span> <span class='ocrx_word' id='word_1_135' title='bbox 214 1988 370 2021; x_wconf 78' lang='lat' dir='ltr'>Schluss:</span> <span class='ocrx_word' id='word_1_136' title='bbox 407 1988 521 2029; x_wconf 85' lang='lat' dir='ltr'>„Ante</span> <span class='ocrx_word' id='word_1_137' title='bbox 558 1998 694 2020; x_wconf 84' lang='lat' dir='ltr'>sacrum</span> <span class='ocrx_word' id='word_1_138' title='bbox 733 1989 832 2019; x_wconf 84' lang='lat' dir='ltr'>cuius</span> <span class='ocrx_word' id='word_1_139' title='bbox 871 1988 980 2019; x_wconf 79' lang='lat' dir='ltr'>altare</span> <span class='ocrx_word' id='word_1_140' title='bbox 1013 1988 1111 2019; x_wconf 85' lang='lat' dir='ltr'>flexis</span> <span class='ocrx_word' id='word_1_141' title='bbox 1144 1989 1311 2029; x_wconf 85' lang='lat' dir='ltr'>genibus,</span> <span class='ocrx_word' id='word_1_142' title='bbox 1349 1991 1472 2021; x_wconf 86' lang='lat' dir='ltr'>erectis</span> <span class='ocrx_word' id='word_1_143' title='bbox 1506 1991 1678 2027; x_wconf 81' lang='lat' dir='ltr'>inanibus,</span> 
     </span>
     <span class='ocr_line' id='line_1_30' title="bbox 118 2033 1682 2075; baseline 0.001 -10"><span class='ocrx_word' id='word_1_144' title='bbox 118 2034 254 2075; x_wconf 85' lang='lat' dir='ltr'>supinis</span> <span class='ocrx_word' id='word_1_145' title='bbox 287 2034 417 2072; x_wconf 80' lang='lat' dir='ltr'>oculis,</span> <span class='ocrx_word' id='word_1_146' title='bbox 447 2043 590 2075; x_wconf 86' lang='lat' dir='ltr'>corpore</span> <span class='ocrx_word' id='word_1_147' title='bbox 624 2033 729 2065; x_wconf 89' lang='lat' dir='ltr'>simul</span> <span class='ocrx_word' id='word_1_148' title='bbox 764 2043 805 2065; x_wconf 84' lang='lat' dir='ltr'>ac</span> <span class='ocrx_word' id='word_1_149' title='bbox 834 2037 947 2065; x_wconf 88' lang='lat' dir='ltr'>mente</span> <span class='ocrx_word' id='word_1_150' title='bbox 974 2034 1136 2074; x_wconf 79' lang='lat' dir='ltr'>profusus</span> <span class='ocrx_word' id='word_1_151' title='bbox 1162 2033 1205 2065; x_wconf 85' lang='lat' dir='ltr'>ad</span> <span class='ocrx_word' id='word_1_152' title='bbox 1231 2034 1391 2066; x_wconf 88' lang='lat' dir='ltr'>sublimis</span> <span class='ocrx_word' id='word_1_153' title='bbox 1417 2036 1534 2067; x_wconf 84' lang='lat' dir='ltr'>curiae</span> <span class='ocrx_word' id='word_1_154' title='bbox 1559 2036 1682 2067; x_wconf 80' lang='lat' dir='ltr'>faciem</span> 
     </span>
     <span class='ocr_line' id='line_1_31' title="bbox 116 2078 1683 2120; baseline 0.001 -9"><span class='ocrx_word' id='word_1_155' title='bbox 116 2079 251 2111; x_wconf 85' lang='lat' dir='ltr'>fidelem</span> <span class='ocrx_word' id='word_1_156' title='bbox 289 2089 416 2111; x_wconf 79' lang='lat' dir='ltr'>causae</span> <span class='ocrx_word' id='word_1_157' title='bbox 453 2089 551 2110; x_wconf 85' lang='lat' dir='ltr'>meae</span> <span class='ocrx_word' id='word_1_158' title='bbox 588 2079 745 2120; x_wconf 80' lang='lat' dir='ltr'>dirigens</span> <span class='ocrx_word' id='word_1_159' title='bbox 783 2078 990 2110; x_wconf 74' lang='lat' dir='ltr'>advocatum</span> <span class='ocrx_word' id='word_1_160' title='bbox 1023 2079 1214 2111; x_wconf 81' lang='lat' dir='ltr'>famulante</span> <span class='ocrx_word' id='word_1_161' title='bbox 1247 2080 1353 2111; x_wconf 86' lang='lat' dir='ltr'>fluvio</span> <span class='ocrx_word' id='word_1_162' title='bbox 1386 2080 1607 2112; x_wconf 86' lang='lat' dir='ltr'>lacrimarum</span> <span class='ocrx_word' id='word_1_163' title='bbox 1641 2081 1683 2112; x_wconf 77' lang='lat' dir='ltr'>ad</span> 
     </span>
     <span class='ocr_line' id='line_1_32' title="bbox 118 2124 1681 2168; baseline 0.001 -12"><span class='ocrx_word' id='word_1_164' title='bbox 118 2128 255 2166; x_wconf 88' lang='lat' dir='ltr'>portum</span> <span class='ocrx_word' id='word_1_165' title='bbox 292 2124 553 2157; x_wconf 83' lang='lat' dir='ltr'>misericordiae</span> <span class='ocrx_word' id='word_1_166' title='bbox 589 2134 673 2156; x_wconf 85' lang='lat' dir='ltr'>suae</span> <span class='ocrx_word' id='word_1_167' title='bbox 710 2124 844 2155; x_wconf 88' lang='lat' dir='ltr'>nullum</span> <span class='ocrx_word' id='word_1_168' title='bbox 882 2126 1007 2155; x_wconf 78' lang='lat' dir='ltr'>timens</span> <span class='ocrx_word' id='word_1_169' title='bbox 1047 2125 1207 2165; x_wconf 82' lang='lat' dir='ltr'>repulsae</span> <span class='ocrx_word' id='word_1_170' title='bbox 1242 2125 1464 2167; x_wconf 86' lang='lat' dir='ltr'>naufragium</span> <span class='ocrx_word' id='word_1_171' title='bbox 1501 2127 1681 2168; x_wconf 74' lang='lat' dir='ltr'>navigium</span> 
     </span>
     <span class='ocr_line' id='line_1_33' title="bbox 118 2167 977 2212; baseline -0.001 -10"><span class='ocrx_word' id='word_1_172' title='bbox 118 2170 224 2202; x_wconf 88' lang='lat' dir='ltr'>huius</span> <span class='ocrx_word' id='word_1_173' title='bbox 250 2171 419 2202; x_wconf 84' lang='lat' dir='ltr'>orationis</span> <span class='ocrx_word' id='word_1_174' title='bbox 445 2171 584 2212; x_wconf 85' lang='lat' dir='ltr'>impegi.</span> <span class='ocrx_word' id='word_1_175' title='bbox 611 2187 653 2192; x_wconf 95' lang='lat'>—</span> <span class='ocrx_word' id='word_1_176' title='bbox 681 2170 785 2201; x_wconf 85' lang='lat' dir='ltr'>Mene</span> <span class='ocrx_word' id='word_1_177' title='bbox 812 2170 874 2208; x_wconf 78' lang='grc' dir='ltr'>ΙΙΙ,</span> <span class='ocrx_word' id='word_1_178' title='bbox 903 2167 977 2201; x_wconf 82' lang='grc'><strong>165.</strong></span> 
     </span>
    </p>
   </div>
   <div class='ocr_carea' id='block_1_10' title="bbox 569 2308 1223 2353">
    <p class='ocr_par' dir='ltr' id='par_1_18' title="bbox 569 2308 1223 2353">
     <span class='ocr_line' id='line_1_34' title="bbox 569 2308 1223 2353; baseline 0.002 -9"><span class='ocrx_word' id='word_1_179' title='bbox 569 2309 651 2345; x_wconf 80' lang='lat'>351.</span> <span class='ocrx_word' id='word_1_180' title='bbox 688 2308 746 2352; x_wconf 79' lang='lat'><em>(8.)</em></span> <span class='ocrx_word' id='word_1_181' title='bbox 782 2309 839 2344; x_wconf 86' lang='lat' dir='ltr'>De</span> <span class='ocrx_word' id='word_1_182' title='bbox 867 2310 1012 2345; x_wconf 88' lang='lat' dir='ltr'>sancto</span> <span class='ocrx_word' id='word_1_183' title='bbox 1040 2309 1223 2353; x_wconf 82' lang='lat' dir='ltr'>Aegidio.</span> 
     </span>
    </p>
   </div>
   <div class='ocr_carea' id='block_1_11' title="bbox 257 2396 1460 2952">
    <p class='ocr_par' dir='ltr' id='par_1_19' title="bbox 257 2396 1460 2952">
     <span class='ocr_line' id='line_1_35' title="bbox 339 2396 1400 2446; baseline 0 -11"><span class='ocrx_word' id='word_1_184' title='bbox 339 2397 508 2445; x_wconf 74' lang='lat' dir='ltr'>suscipe,</span> <span class='ocrx_word' id='word_1_185' title='bbox 541 2403 670 2434; x_wconf 86' lang='lat' dir='ltr'>sancte</span> <span class='ocrx_word' id='word_1_186' title='bbox 701 2400 812 2444; x_wconf 85' lang='lat' dir='ltr'>pater</span> <span class='ocrx_word' id='word_1_187' title='bbox 841 2397 993 2446; x_wconf 86' lang='lat' dir='ltr'>Aegidi‚</span> <span class='ocrx_word' id='word_1_188' title='bbox 1026 2408 1118 2445; x_wconf 89' lang='lat' dir='ltr'>quos</span> <span class='ocrx_word' id='word_1_189' title='bbox 1151 2397 1222 2435; x_wconf 90' lang='lat' dir='ltr'>tibi</span> <span class='ocrx_word' id='word_1_190' title='bbox 1255 2396 1400 2435; x_wconf 87' lang='lat' dir='ltr'>fruetus</span> 
     </span>
     <span class='ocr_line' id='line_1_36' title="bbox 394 2453 1293 2501; baseline 0 -9"><span class='ocrx_word' id='word_1_191' title='bbox 394 2453 593 2501; x_wconf 89' lang='lat' dir='ltr'>Obsequiis</span> <span class='ocrx_word' id='word_1_192' title='bbox 625 2454 776 2501; x_wconf 84' lang='lat' dir='ltr'>peperit</span> <span class='ocrx_word' id='word_1_193' title='bbox 807 2464 912 2491; x_wconf 90' lang='lat' dir='ltr'>mens</span> <span class='ocrx_word' id='word_1_194' title='bbox 944 2464 1027 2491; x_wconf 86' lang='lat' dir='ltr'>mea</span> <span class='ocrx_word' id='word_1_195' title='bbox 1057 2458 1178 2501; x_wconf 89' lang='lat' dir='ltr'>nupta</span> <span class='ocrx_word' id='word_1_196' title='bbox 1207 2454 1293 2493; x_wconf 89' lang='lat' dir='ltr'>tuis.</span> 
     </span>
     <span class='ocr_line' id='line_1_37' title="bbox 341 2510 1460 2558; baseline 0.001 -11"><span class='ocrx_word' id='word_1_197' title='bbox 341 2510 510 2557; x_wconf 82' lang='lat' dir='ltr'>Suscipe,</span> <span class='ocrx_word' id='word_1_198' title='bbox 543 2521 635 2557; x_wconf 90' lang='lat' dir='ltr'>quos</span> <span class='ocrx_word' id='word_1_199' title='bbox 667 2511 828 2558; x_wconf 84' lang='lat' dir='ltr'>supplex</span> <span class='ocrx_word' id='word_1_200' title='bbox 859 2511 930 2547; x_wconf 90' lang='lat' dir='ltr'>tibi</span> <span class='ocrx_word' id='word_1_201' title='bbox 961 2511 1097 2548; x_wconf 89' lang='lat' dir='ltr'>dedico</span> <span class='ocrx_word' id='word_1_202' title='bbox 1129 2511 1254 2548; x_wconf 78' lang='lat' dir='ltr'>laudis</span> <span class='ocrx_word' id='word_1_203' title='bbox 1287 2511 1460 2553; x_wconf 81' lang='lat' dir='ltr'>honores.</span> 
     </span>
     <span class='ocr_line' id='line_1_38' title="bbox 313 2567 1082 2616; baseline 0.001 -12"><span class='ocrx_word' id='word_1_204' title='bbox 313 2612 317 2616; x_wconf 89' lang='lat'>.</span> <span class='ocrx_word' id='word_1_205' title='bbox 392 2567 528 2604; x_wconf 89' lang='lat' dir='ltr'>Flores</span> <span class='ocrx_word' id='word_1_206' title='bbox 559 2567 699 2614; x_wconf 86' lang='lat' dir='ltr'>ingenii</span> <span class='ocrx_word' id='word_1_207' title='bbox 732 2567 966 2614; x_wconf 86' lang='lat' dir='ltr'>deliciasque</span> <span class='ocrx_word' id='word_1_208' title='bbox 996 2567 1082 2606; x_wconf 90' lang='lat' dir='ltr'>mei.</span> 
     </span>
     <span class='ocr_line' id='line_1_39' title="bbox 282 2623 1383 2671; baseline -0.001 -10"><span class='ocrx_word' id='word_1_209' title='bbox 282 2626 304 2661; x_wconf 83' lang='lat'>5</span> <span class='ocrx_word' id='word_1_210' title='bbox 337 2624 410 2661; x_wconf 89' lang='lat' dir='ltr'>Ille</span> <span class='ocrx_word' id='word_1_211' title='bbox 441 2623 563 2661; x_wconf 88' lang='lat' dir='ltr'>crucis</span> <span class='ocrx_word' id='word_1_212' title='bbox 595 2623 741 2671; x_wconf 81' lang='lat' dir='ltr'>titulus,</span> <span class='ocrx_word' id='word_1_213' title='bbox 773 2624 866 2661; x_wconf 88' lang='lat' dir='ltr'>haec</span> <span class='ocrx_word' id='word_1_214' title='bbox 896 2624 1015 2661; x_wconf 87' lang='lat' dir='ltr'>ubera</span> <span class='ocrx_word' id='word_1_215' title='bbox 1045 2634 1198 2670; x_wconf 88' lang='lat' dir='ltr'>semper</span> <span class='ocrx_word' id='word_1_216' title='bbox 1231 2624 1383 2671; x_wconf 87' lang='lat' dir='ltr'>amavit,</span> 
     </span>
     <span class='ocr_line' id='line_1_40' title="bbox 397 2680 1307 2726; baseline 0.002 -8"><span class='ocrx_word' id='word_1_217' title='bbox 397 2681 542 2718; x_wconf 85' lang='lat' dir='ltr'>Pascua</span> <span class='ocrx_word' id='word_1_218' title='bbox 573 2680 699 2717; x_wconf 88' lang='lat' dir='ltr'>cordis</span> <span class='ocrx_word' id='word_1_219' title='bbox 729 2684 832 2718; x_wconf 88' lang='lat' dir='ltr'>amat</span> <span class='ocrx_word' id='word_1_220' title='bbox 862 2680 1040 2717; x_wconf 85' lang='lat' dir='ltr'>hinnulus</span> <span class='ocrx_word' id='word_1_221' title='bbox 1071 2680 1137 2716; x_wconf 88' lang='lat' dir='ltr'>ille</span> <span class='ocrx_word' id='word_1_222' title='bbox 1170 2680 1307 2726; x_wconf 87' lang='lat' dir='ltr'>patris.</span> 
     </span>
     <span class='ocr_line' id='line_1_41' title="bbox 339 2736 1231 2783; baseline -0.002 -9"><span class='ocrx_word' id='word_1_223' title='bbox 339 2738 499 2775; x_wconf 86' lang='lat' dir='ltr'>Pectore</span> <span class='ocrx_word' id='word_1_224' title='bbox 529 2736 679 2773; x_wconf 85' lang='lat' dir='ltr'>sincero</span> <span class='ocrx_word' id='word_1_225' title='bbox 710 2737 804 2774; x_wconf 87' lang='lat' dir='ltr'>nihil</span> <span class='ocrx_word' id='word_1_226' title='bbox 837 2740 894 2774; x_wconf 91' lang='lat' dir='ltr'>est</span> <span class='ocrx_word' id='word_1_227' title='bbox 924 2737 1129 2783; x_wconf 84' lang='lat' dir='ltr'>pretiosius</span> <span class='ocrx_word' id='word_1_228' title='bbox 1160 2736 1231 2781; x_wconf 81' lang='lat' dir='ltr'>illi,</span> 
     </span>
     <span class='ocr_line' id='line_1_42' title="bbox 395 2792 1194 2840; baseline 0 -10"><span class='ocrx_word' id='word_1_229' title='bbox 395 2793 534 2830; x_wconf 85' lang='lat' dir='ltr'>Munus</span> <span class='ocrx_word' id='word_1_230' title='bbox 566 2793 600 2830; x_wconf 92' lang='lat' dir='ltr'>ei</span> <span class='ocrx_word' id='word_1_231' title='bbox 630 2792 774 2830; x_wconf 89' lang='lat' dir='ltr'>nullum</span> <span class='ocrx_word' id='word_1_232' title='bbox 806 2793 948 2840; x_wconf 84' lang='lat' dir='ltr'>gratius</span> <span class='ocrx_word' id='word_1_233' title='bbox 980 2803 1062 2830; x_wconf 87' lang='lat' dir='ltr'>esse</span> <span class='ocrx_word' id='word_1_234' title='bbox 1095 2803 1194 2831; x_wconf 89' lang='lat' dir='ltr'>reor.</span> 
     </span>
     <span class='ocr_line' id='line_1_43' title="bbox 338 2849 1407 2897; baseline -0.002 -9"><span class='ocrx_word' id='word_1_235' title='bbox 338 2850 452 2889; x_wconf 88' lang='lat' dir='ltr'>Unde</span> <span class='ocrx_word' id='word_1_236' title='bbox 482 2849 552 2886; x_wconf 87' lang='lat' dir='ltr'>tibi</span> <span class='ocrx_word' id='word_1_237' title='bbox 582 2849 772 2897; x_wconf 85' lang='lat' dir='ltr'>placeant,</span> <span class='ocrx_word' id='word_1_238' title='bbox 805 2860 826 2886; x_wconf 93' lang='lat'>0</span> <span class='ocrx_word' id='word_1_239' title='bbox 860 2849 971 2896; x_wconf 85' lang='lat' dir='ltr'>digne</span> <span class='ocrx_word' id='word_1_240' title='bbox 1003 2859 1183 2896; x_wconf 87' lang='lat' dir='ltr'>sacerque</span> <span class='ocrx_word' id='word_1_241' title='bbox 1217 2849 1407 2896; x_wconf 87' lang='lat' dir='ltr'>sacerdos,</span> 
     </span>
     <span class='ocr_line' id='line_1_44' title="bbox 257 2905 1324 2952; baseline 0.001 -8"><span class='ocrx_word' id='word_1_242' title='bbox 257 2906 307 2944; x_wconf 90' lang='lat'>10</span> <span class='ocrx_word' id='word_1_243' title='bbox 399 2906 501 2952; x_wconf 84' lang='lat' dir='ltr'>Quae</span> <span class='ocrx_word' id='word_1_244' title='bbox 533 2910 707 2943; x_wconf 86' lang='lat' dir='ltr'>constant</span> <span class='ocrx_word' id='word_1_245' title='bbox 737 2905 900 2943; x_wconf 91' lang='lat' dir='ltr'>Domino</span> <span class='ocrx_word' id='word_1_246' title='bbox 933 2906 1031 2943; x_wconf 86' lang='lat' dir='ltr'>dona</span> <span class='ocrx_word' id='word_1_247' title='bbox 1063 2905 1216 2952; x_wconf 88' lang='lat' dir='ltr'>placere</span> <span class='ocrx_word' id='word_1_248' title='bbox 1247 2909 1324 2945; x_wconf 79' lang='lat' dir='ltr'>tuo,</span> 
     </span>
    </p>
   </div>
   <div class='ocr_carea' id='block_1_12' title="bbox 1408 2970 1481 3006">
    <p class='ocr_par' dir='ltr' id='par_1_20' title="bbox 1408 2970 1481 3006">
     <span class='ocr_line' id='line_1_45' title="bbox 1408 2970 1481 3006; baseline -0.014 0"><span class='ocrx_word' id='word_1_249' title='bbox 1408 2970 1481 3006; x_wconf 81' lang='lat'>33*</span> 
     </span>
    </p>
   </div>
  </div>
 </body>
</html>
