2031 3289
858 199 1169 239 —496—

263 318 297 355 7.
342 314 467 351 Nullis
498 312 600 350 flecti
636 313 817 360 precibus

232 1474 298 1511 10.

230 1856 298 1896 11.

231 2239 297 2277 12.

231 2622 294 2661 13.

347 370 475 407 Potest
503 369 802 411 crudelissimus,

346 426 385 464 Si
415 426 453 462 in
484 426 584 463 malo
614 436 729 472 opere

347 483 576 529 Quemquam
607 483 721 518 sentit
753 481 892 528 vivere,

347 538 458 575 Hunc
490 539 619 576 dolose
652 538 806 583 decipit,

346 595 504 632 Servum
536 594 608 631 sibi
640 595 757 641 eligit.

351 701 478 738 Servis
511 700 587 737 suis
618 701 788 749 praemia

350 757 468 794 Dabit
498 757 745 804 amarissima,

354 813 447 851 lllos
479 814 631 860 quando
662 818 847 850 tartarum

346 869 489 916 Mergit
517 870 557 905 in
588 869 856 918 sulphureumg

345 926 438 963 Eius
469 926 555 963 aula
585 926 742 963 sordida

345 982 468 1019 Multa
498 982 613 1019 habet
642 982 781 1019 tristia.

344 1089 403 1127 Ibi
435 1094 563 1126 errant
594 1089 753 1137 animae,

344 1146 464 1184 Dolor
495 1145 605 1182 adest
634 1145 812 1194 undique,

345 1202 497 1239 Gemitu
527 1202 776 1238 maerentium

345 1259 394 1295 Et
425 1259 528 1296 luctu
561 1258 766 1295 dolentium

344 1315 486 1352 Domus
516 1318 597 1352 tota
627 1318 820 1363 personat,

343 1372 431 1417 Ipse
461 1381 603 1418 poenas
634 1371 797 1409 ordinat.

344 1473 464 1510 Orcus
495 1472 632 1509 sedens
663 1472 756 1509 solio

342 1530 457 1576 Ignis,
490 1529 574 1575 pice
604 1527 761 1576 fumido,

342 1586 452 1621 Visus
484 1585 562 1621 eius
594 1585 783 1633 horridus,

340 1641 460 1678 Dolor
490 1641 762 1689 aestuantibus,

341 1699 415 1736 Pro
448 1697 608 1735 diversis
641 1697 742 1735 vitiis

342 1755 487 1791 Poenas
517 1754 638 1791 tradit
667 1754 838 1801 singulis,

345 1856 525 1892 Potentes
555 1855 774 1901 potentibus

343 1911 555 1949 Committit
584 1911 816 1960 tortoribus,

342 1968 401 2004 Ibi
431 1972 517 2004 sunt
548 1968 745 2015 angustiae

339 2025 391 2062 Et
418 2024 558 2061 multae
588 2024 774 2073 miseriae,

341 2081 400 2117 lbi
430 2081 665 2127 paenitentia

344 2137 432 2174 Sine
462 2136 710 2184 indulgentia.

347 2240 434 2288 Vae,
470 2249 538 2276 vae
568 2237 813 2276 lamentabile

342 2295 515 2334 Clamant
545 2305 695 2341 semper
725 2294 884 2344 animae,

342 2351 469 2388 Verba
500 2351 591 2388 dant
621 2351 817 2398 precantia

343 2408 423 2445 Nec
453 2407 691 2454 auxiliantia,

344 2466 433 2501 Post
465 2464 627 2501 calorem
658 2463 814 2501 nimium

341 2522 472 2567 Aquas
504 2521 647 2558 intrant
678 2520 832 2560 nivium.

341 2621 457 2659 Nulla
487 2626 611 2659 tamen
639 2621 764 2658 anima

341 2677 424 2714 Nisi
454 2678 578 2716 caruis
610 2677 752 2715 famula

344 2735 591 2772 Pertimescat
621 2738 805 2772 tartarum

343 2791 391 2827 Et
422 2802 547 2837 regem
579 2796 798 2841 tartareum,

341 2848 443 2891 Quae
475 2847 632 2884 internis
663 2848 830 2885 tenebris

343 2904 465 2940 Carne
495 2904 593 2940 iacet
624 2903 774 2942 debilis,

1050 313 1115 351 14.

1054 701 1118 739 15.

1048 1090 1113 1128 16.

1046 1473 1111 1512 17.

1045 1856 1112 1896 18.

1046 2239 1110 2278 19.

1045 2623 1110 2662 20.

1162 313 1289 350 Habet
1319 317 1406 360 post
1437 313 1594 351 delicias

1161 369 1267 406 Haec
1297 374 1471 407 aeternas
1502 369 1700 421 tenebrast,

1162 425 1221 463 Ibi
1251 424 1360 462 fletus
1391 426 1582 463 hominum

1162 482 1212 518 Et
1242 486 1299 518 ast
1328 482 1472 521 stridor
1503 483 1688 532 dentium,

1164 538 1316 575 Clamor
1346 538 1407 574 hic
1436 539 1679 587 plorantium,

1163 594 1285 632 Dolor
1314 594 1549 633 ululantium.

1167 700 1286 737 Iudex
1318 701 1379 737 hio
1410 704 1600 738 tartareus

1165 756 1344 794 Gaudens
1376 757 1607 794 cruciatibus

1163 813 1269 850 Mala
1298 817 1428 850 nostra
1455 813 1617 850 trutinat

1167 871 1330 907 Poenam
1360 874 1397 906 et
1427 874 1655 910 remunerat.

1163 925 1223 962 Ne
1253 936 1320 964 nos
1350 925 1390 962 in
1420 927 1600 974 voragine

1163 982 1413 1020 Versaremur
1442 983 1591 1031 misere,

1161 1089 1263 1126 Deus
1295 1099 1479 1135 quaerens
1510 1092 1667 1126 venerat

1161 1146 1290 1192 Ovem,
1323 1156 1433 1191 quarn
1465 1145 1700 1194 perdiderat,

1158 1202 1220 1251 Et,
1254 1201 1318 1248 qui
1348 1202 1468 1248 legem
1501 1201 1672 1249 dederat,

1158 1259 1251 1306 Legi
1281 1268 1322 1294 se
1351 1257 1577 1295 subdiderat

1159 1315 1211 1352 Et
1240 1325 1311 1361 pro
1341 1315 1411 1360 bis,
1443 1325 1535 1361 quos
1566 1313 1750 1364 condidit,

1155 1371 1319 1408 Mortem
1351 1371 1473 1408 diram
1503 1370 1632 1410 subiit.

1158 1472 1278 1509 Nobis
1308 1472 1364 1509 sic
1393 1471 1627 1518 compatiens

1157 1529 1328 1566 Dederat
1357 1529 1595 1576 omnipotens

1158 1585 1339 1622 Liberum
1368 1584 1569 1622 arbitrium

1155 1641 1361 1679 Devitandi
1393 1645 1590 1690 tartarum,

1158 1698 1261 1736 Vitia
1290 1698 1322 1734 si
1353 1698 1565 1744 spernimus

1156 1755 1208 1791 Et
1237 1754 1270 1791 si
1300 1754 1399 1792 bona
1428 1752 1601 1803 facimus,

1161 1855 1225 1892 Nil
1256 1854 1408 1892 nocebit
1437 1855 1616 1904 animam,

1160 1912 1294 1948 Veniet
1318 1911 1368 1949 ad
1398 1911 1569 1959 gloriam.

1160 1967 1212 2004 Et
1244 1967 1425 2005 debemus
1457 1968 1660 2005 Dominum

1158 2025 1210 2062 Et
1239 2035 1367 2062 amare
1396 2024 1632 2073 proximum3

1158 2081 1265 2118 Haec
1294 2084 1501 2127 praecepta
1529 2081 1679 2128 gemina

1158 2137 1312 2175 Ducunt
1347 2138 1396 2175 ad
1425 2137 1614 2175 caelestia.

1156 2239 1208 2277 Et
1239 2249 1308 2286 per
1336 2242 1485 2286 portam
1517 2237 1681 2275 ferream

1157 2295 1261 2333 Dant
1290 2296 1339 2332 ad
1369 2294 1502 2332 urbem
1533 2295 1717 2342 semitam,

1156 2352 1200 2389 In
1231 2362 1304 2399 qua
1331 2352 1395 2388 lux
1426 2351 1592 2389 iustitiae

1156 2408 1208 2446 Et
1237 2412 1295 2445 est
1325 2419 1398 2445 vox
1428 2407 1608 2458 laetitiae,

1159 2466 1203 2502 ln
1234 2475 1307 2511 qua
1337 2464 1503 2512 gaudent
1535 2463 1685 2511 agmina

1156 2521 1300 2568 Requie
1327 2525 1525 2568 perpetua.

1156 2623 1228 2660 Est
1259 2632 1347 2660 vere
1376 2620 1548 2659 floridior

1156 2679 1207 2717 Et
1237 2679 1317 2716 sole
1347 2678 1595 2729 splendidior,

1154 2735 1284 2773 Mellis
1315 2735 1430 2773 habet
1458 2734 1624 2779 flumina,

1154 2792 1288 2829 Dulcis
1318 2801 1435 2829 aurae
1463 2790 1628 2842 flamina,

1156 2848 1268 2886 Dicta
1298 2848 1404 2895 pacis
1435 2848 1530 2885 visio

1155 2905 1300 2943 Ornatu
1330 2904 1513 2952 angelico.

1990 2634 1991 2643 l

1990 2663 1991 2672 l

1988 2707 1991 2726 l

1988 2731 1991 2747 Ι
