<?xml version="1.0" encoding="UTF-8"?>
<!DOCTYPE html PUBLIC "-//W3C//DTD XHTML 1.0 Transitional//EN"
    "http://www.w3.org/TR/xhtml1/DTD/xhtml1-transitional.dtd">
<html xmlns="http://www.w3.org/1999/xhtml" xml:lang="en" lang="en">
 <head>
  <title>
</title>
<meta http-equiv="Content-Type" content="text/html;charset=utf-8" />
  <meta name='ocr-system' content='tesseract 3.04.00' />
  <meta name='ocr-capabilities' content='ocr_page ocr_carea ocr_par ocr_line ocrx_word'/>
</head>
<body>
  <div class='ocr_page' id='page_1' title='image "./hymnographilatin01drevuoft_0461.png"; bbox 0 0 1914 3223; ppageno 0'>
   <div class='ocr_carea' id='block_1_1' title="bbox 719 175 1024 215">
    <p class='ocr_par' dir='ltr' id='par_1_1' title="bbox 719 175 1024 215">
     <span class='ocr_line' id='line_1_1' title="bbox 719 175 1024 215; baseline 0.003 -1"><span class='ocrx_word' id='word_1_1' title='bbox 719 199 769 203; x_wconf 96' lang='lat'><strong>—</strong></span> <span class='ocrx_word' id='word_1_2' title='bbox 831 175 912 215; x_wconf 72' lang='lat'>455</span> <span class='ocrx_word' id='word_1_3' title='bbox 974 199 1024 204; x_wconf 92' lang='lat'><strong>—</strong></span> 
     </span>
    </p>
   </div>
   <div class='ocr_carea' id='block_1_2' title="bbox 501 288 1126 496">
    <p class='ocr_par' dir='ltr' id='par_1_2' title="bbox 501 288 1126 496">
     <span class='ocr_line' id='line_1_2' title="bbox 501 288 1126 338; baseline -0.006 -10"><span class='ocrx_word' id='word_1_4' title='bbox 501 291 537 328; x_wconf 84' lang='lat'>3.</span> <span class='ocrx_word' id='word_1_5' title='bbox 569 290 664 332; x_wconf 74' lang='lat' dir='ltr'>Ave,</span> <span class='ocrx_word' id='word_1_6' title='bbox 697 289 814 338; x_wconf 84' lang='lat' dir='ltr'>virgo,</span> <span class='ocrx_word' id='word_1_7' title='bbox 846 288 915 326; x_wconf 86' lang='lat' dir='ltr'>flos</span> <span class='ocrx_word' id='word_1_8' title='bbox 947 289 1126 337; x_wconf 77' lang='lat' dir='ltr'>vernalis,</span> 
     </span>
     <span class='ocr_line' id='line_1_3' title="bbox 567 344 1040 392; baseline -0.002 -10"><span class='ocrx_word' id='word_1_9' title='bbox 567 346 772 382; x_wconf 82' lang='lat' dir='ltr'>Mulierum</span> <span class='ocrx_word' id='word_1_10' title='bbox 804 346 909 382; x_wconf 87' lang='lat' dir='ltr'>nulla</span> <span class='ocrx_word' id='word_1_11' title='bbox 939 344 1040 392; x_wconf 83' lang='lat' dir='ltr'>talis,</span> 
     </span>
     <span class='ocr_line' id='line_1_4' title="bbox 569 401 1071 450; baseline -0.006 -10"><span class='ocrx_word' id='word_1_12' title='bbox 569 402 599 440; x_wconf 95' lang='lat' dir='ltr'>O</span> <span class='ocrx_word' id='word_1_13' title='bbox 631 403 768 450; x_wconf 84' lang='lat' dir='ltr'>Maria,</span> <span class='ocrx_word' id='word_1_14' title='bbox 799 402 911 439; x_wconf 86' lang='lat' dir='ltr'>stella</span> <span class='ocrx_word' id='word_1_15' title='bbox 943 401 1071 447; x_wconf 82' lang='lat' dir='ltr'>maris,</span> 
     </span>
     <span class='ocr_line' id='line_1_5' title="bbox 624 458 1097 496; baseline -0.002 0"><span class='ocrx_word' id='word_1_16' title='bbox 624 458 766 496; x_wconf 80' lang='lat' dir='ltr'>Christi</span> <span class='ocrx_word' id='word_1_17' title='bbox 798 458 1097 496; x_wconf 85' lang='lat' dir='ltr'>tabernaculum.</span> 
     </span>
    </p>
   </div>
   <div class='ocr_carea' id='block_1_3' title="bbox 534 622 1204 736">
    <p class='ocr_par' dir='ltr' id='par_1_3' title="bbox 534 622 1204 736">
     <span class='ocr_line' id='line_1_6' title="bbox 534 622 1204 667; baseline 0 -9"><span class='ocrx_word' id='word_1_18' title='bbox 534 624 617 660; x_wconf 70' lang='lat'>437.</span> <span class='ocrx_word' id='word_1_19' title='bbox 653 623 733 667; x_wconf 84' lang='lat'>(10.)</span> <span class='ocrx_word' id='word_1_20' title='bbox 768 623 825 658; x_wconf 83' lang='lat' dir='ltr'>De</span> <span class='ocrx_word' id='word_1_21' title='bbox 852 623 975 658; x_wconf 80' lang='lat' dir='ltr'>beata</span> <span class='ocrx_word' id='word_1_22' title='bbox 999 622 1131 658; x_wconf 80' lang='lat' dir='ltr'>Maria</span> <span class='ocrx_word' id='word_1_23' title='bbox 1157 623 1204 658; x_wconf 83' lang='lat' dir='ltr'>V.</span> 
     </span>
     <span class='ocr_line' id='line_1_7' title="bbox 747 693 1017 736; baseline -0.007 -10"><span class='ocrx_word' id='word_1_24' title='bbox 747 694 857 736; x_wconf 86' lang='lat' dir='ltr'>Super</span> <span class='ocrx_word' id='word_1_25' title='bbox 882 693 1017 735; x_wconf 79' lang='lat' dir='ltr'>Agnus.</span> 
     </span>
    </p>
   </div>
   <div class='ocr_carea' id='block_1_4' title="bbox 111 797 1534 1008">
    <p class='ocr_par' dir='ltr' id='par_1_4' title="bbox 111 797 1534 959">
     <span class='ocr_line' id='line_1_8' title="bbox 111 797 1470 847; baseline -0.003 -11"><span class='ocrx_word' id='word_1_26' title='bbox 111 798 147 837; x_wconf 90' lang='lat'>1.</span> <span class='ocrx_word' id='word_1_27' title='bbox 178 798 276 847; x_wconf 82' lang='lat' dir='ltr'>Ave,</span> <span class='ocrx_word' id='word_1_28' title='bbox 308 809 452 835; x_wconf 81' lang='lat' dir='ltr'>summa</span> <span class='ocrx_word' id='word_1_29' title='bbox 483 802 669 847; x_wconf 83' lang='lat' dir='ltr'>ereatura,</span> <span class='ocrx_word' id='word_1_30' title='bbox 926 798 964 835; x_wconf 87' lang='lat'>2.</span> <span class='ocrx_word' id='word_1_31' title='bbox 995 797 1090 846; x_wconf 81' lang='lat' dir='ltr'>Ave,</span> <span class='ocrx_word' id='word_1_32' title='bbox 1123 797 1245 833; x_wconf 83' lang='lat' dir='ltr'>stellis</span> <span class='ocrx_word' id='word_1_33' title='bbox 1278 799 1470 842; x_wconf 81' lang='lat' dir='ltr'>coronata,</span> 
     </span>
     <span class='ocr_line' id='line_1_9' title="bbox 178 852 1435 902; baseline -0.003 -10"><span class='ocrx_word' id='word_1_34' title='bbox 178 854 307 892; x_wconf 84' lang='lat' dir='ltr'>Mater</span> <span class='ocrx_word' id='word_1_35' title='bbox 338 865 439 902; x_wconf 85' lang='lat' dir='ltr'>vera,</span> <span class='ocrx_word' id='word_1_36' title='bbox 473 854 580 902; x_wconf 85' lang='lat' dir='ltr'>virgo</span> <span class='ocrx_word' id='word_1_37' title='bbox 611 865 717 902; x_wconf 82' lang='lat' dir='ltr'>pura,</span> <span class='ocrx_word' id='word_1_38' title='bbox 997 854 1100 891; x_wconf 90' lang='lat' dir='ltr'>Luce</span> <span class='ocrx_word' id='word_1_39' title='bbox 1131 854 1220 890; x_wconf 83' lang='lat' dir='ltr'>solis</span> <span class='ocrx_word' id='word_1_40' title='bbox 1251 852 1435 899; x_wconf 82' lang='lat' dir='ltr'>trabeata,</span> 
     </span>
     <span class='ocr_line' id='line_1_10' title="bbox 176 909 1534 959; baseline -0.002 -11"><span class='ocrx_word' id='word_1_41' title='bbox 176 911 282 957; x_wconf 82' lang='lat' dir='ltr'>Quae</span> <span class='ocrx_word' id='word_1_42' title='bbox 312 915 470 948; x_wconf 86' lang='lat' dir='ltr'>naturae</span> <span class='ocrx_word' id='word_1_43' title='bbox 504 909 649 959; x_wconf 82' lang='lat' dir='ltr'>frangis</span> <span class='ocrx_word' id='word_1_44' title='bbox 678 911 773 957; x_wconf 85' lang='lat' dir='ltr'>iura,</span> <span class='ocrx_word' id='word_1_45' title='bbox 997 910 1156 956; x_wconf 90' lang='lat' dir='ltr'>Semper</span> <span class='ocrx_word' id='word_1_46' title='bbox 1185 920 1339 946; x_wconf 79' lang='lat' dir='ltr'>manens</span> <span class='ocrx_word' id='word_1_47' title='bbox 1370 909 1534 957; x_wconf 83' lang='lat' dir='ltr'>illibata,</span> 
     </span>
    </p>

    <p class='ocr_par' dir='ltr' id='par_1_5' title="bbox 233 966 1253 1008">
     <span class='ocr_line' id='line_1_11' title="bbox 233 966 1253 1008; baseline -0.001 -2"><span class='ocrx_word' id='word_1_48' title='bbox 233 968 264 1006; x_wconf 94' lang='grc' dir='ltr'>Ο</span> <span class='ocrx_word' id='word_1_49' title='bbox 295 968 432 1008; x_wconf 84' lang='lat' dir='ltr'>Maria.</span> <span class='ocrx_word' id='word_1_50' title='bbox 1053 967 1083 1005; x_wconf 95' lang='grc' dir='ltr'>Ο</span> <span class='ocrx_word' id='word_1_51' title='bbox 1114 966 1253 1005; x_wconf 86' lang='lat' dir='ltr'>Maria.</span> 
     </span>
    </p>
   </div>
   <div class='ocr_carea' id='block_1_5' title="bbox 467 1068 1183 1277">
    <p class='ocr_par' dir='ltr' id='par_1_6' title="bbox 467 1068 1183 1229">
     <span class='ocr_line' id='line_1_12' title="bbox 467 1068 1104 1119; baseline -0.006 -11"><span class='ocrx_word' id='word_1_52' title='bbox 467 1071 505 1108; x_wconf 85' lang='lat'>3.</span> <span class='ocrx_word' id='word_1_53' title='bbox 535 1070 631 1119; x_wconf 79' lang='lat' dir='ltr'>Ave,</span> <span class='ocrx_word' id='word_1_54' title='bbox 666 1068 843 1116; x_wconf 87' lang='lat' dir='ltr'>gaudium</span> <span class='ocrx_word' id='word_1_55' title='bbox 875 1073 1104 1112; x_wconf 84' lang='lat' dir='ltr'>sanctorum,</span> 
     </span>
     <span class='ocr_line' id='line_1_13' title="bbox 538 1125 1183 1173; baseline -0.002 -11"><span class='ocrx_word' id='word_1_56' title='bbox 538 1126 657 1172; x_wconf 79' lang='lat' dir='ltr'>Quam</span> <span class='ocrx_word' id='word_1_57' title='bbox 686 1136 758 1162; x_wconf 89' lang='lat' dir='ltr'>vox</span> <span class='ocrx_word' id='word_1_58' title='bbox 788 1125 921 1163; x_wconf 84' lang='lat' dir='ltr'>laudat</span> <span class='ocrx_word' id='word_1_59' title='bbox 950 1125 1183 1173; x_wconf 84' lang='lat' dir='ltr'>angelorum,</span> 
     </span>
     <span class='ocr_line' id='line_1_14' title="bbox 535 1182 1110 1229; baseline -0.002 -10"><span class='ocrx_word' id='word_1_60' title='bbox 535 1183 591 1219; x_wconf 93' lang='lat' dir='ltr'>Te</span> <span class='ocrx_word' id='word_1_61' title='bbox 622 1185 778 1219; x_wconf 84' lang='lat' dir='ltr'>coronat</span> <span class='ocrx_word' id='word_1_62' title='bbox 810 1192 877 1219; x_wconf 86' lang='lat' dir='ltr'>rex</span> <span class='ocrx_word' id='word_1_63' title='bbox 909 1182 1110 1229; x_wconf 86' lang='lat' dir='ltr'>caelorum,</span> 
     </span>
    </p>

    <p class='ocr_par' dir='ltr' id='par_1_7' title="bbox 593 1239 790 1277">
     <span class='ocr_line' id='line_1_15' title="bbox 593 1239 790 1277; baseline -0.01 0"><span class='ocrx_word' id='word_1_64' title='bbox 593 1240 623 1277; x_wconf 94' lang='grc' dir='ltr'>Ο</span> <span class='ocrx_word' id='word_1_65' title='bbox 654 1239 790 1276; x_wconf 86' lang='lat' dir='ltr'>Maria.</span> 
     </span>
    </p>
   </div>
   <div class='ocr_carea' id='block_1_6' title="bbox 539 1404 1207 1519">
    <p class='ocr_par' dir='ltr' id='par_1_8' title="bbox 539 1404 1207 1519">
     <span class='ocr_line' id='line_1_16' title="bbox 539 1404 1207 1447; baseline 0 -8"><span class='ocrx_word' id='word_1_66' title='bbox 539 1404 620 1440; x_wconf 71' lang='lat'>438.</span> <span class='ocrx_word' id='word_1_67' title='bbox 656 1405 738 1447; x_wconf 89' lang='lat'>(11.)</span> <span class='ocrx_word' id='word_1_68' title='bbox 773 1405 831 1439; x_wconf 87' lang='lat' dir='ltr'>De</span> <span class='ocrx_word' id='word_1_69' title='bbox 855 1405 978 1441; x_wconf 83' lang='lat' dir='ltr'>beata</span> <span class='ocrx_word' id='word_1_70' title='bbox 1004 1404 1137 1440; x_wconf 83' lang='lat' dir='ltr'>Maria</span> <span class='ocrx_word' id='word_1_71' title='bbox 1160 1405 1207 1441; x_wconf 84' lang='lat' dir='ltr'>V.</span> 
     </span>
     <span class='ocr_line' id='line_1_17' title="bbox 742 1475 1013 1519; baseline 0.004 -12"><span class='ocrx_word' id='word_1_72' title='bbox 742 1475 854 1517; x_wconf 84' lang='lat' dir='ltr'>Super</span> <span class='ocrx_word' id='word_1_73' title='bbox 881 1477 1013 1519; x_wconf 85' lang='lat' dir='ltr'>Agnus.</span> 
     </span>
    </p>
   </div>
   <div class='ocr_carea' id='block_1_7' title="bbox 112 1576 1478 1629">
    <p class='ocr_par' dir='ltr' id='par_1_9' title="bbox 112 1576 1478 1629">
     <span class='ocr_line' id='line_1_18' title="bbox 112 1576 1478 1629; baseline -0.004 -10"><span class='ocrx_word' id='word_1_74' title='bbox 112 1580 152 1619; x_wconf 90' lang='lat'>1.</span> <span class='ocrx_word' id='word_1_75' title='bbox 184 1579 214 1617; x_wconf 93' lang='lat' dir='ltr'>O</span> <span class='ocrx_word' id='word_1_76' title='bbox 245 1578 381 1629; x_wconf 84' lang='lat' dir='ltr'>Maria,</span> <span class='ocrx_word' id='word_1_77' title='bbox 415 1578 492 1617; x_wconf 90' lang='lat' dir='ltr'>fide</span> <span class='ocrx_word' id='word_1_78' title='bbox 521 1580 647 1628; x_wconf 86' lang='lat' dir='ltr'>plena,</span> <span class='ocrx_word' id='word_1_79' title='bbox 927 1581 965 1620; x_wconf 88' lang='grc'>2.</span> <span class='ocrx_word' id='word_1_80' title='bbox 999 1580 1029 1618; x_wconf 93' lang='lat' dir='ltr'>O</span> <span class='ocrx_word' id='word_1_81' title='bbox 1061 1579 1197 1627; x_wconf 85' lang='lat' dir='ltr'>Maria,</span> <span class='ocrx_word' id='word_1_82' title='bbox 1231 1582 1270 1616; x_wconf 86' lang='lat' dir='ltr'>tu</span> <span class='ocrx_word' id='word_1_83' title='bbox 1302 1576 1478 1625; x_wconf 79' lang='lat' dir='ltr'>fecunda,</span> 
     </span>
    </p>
   </div>
   <div class='ocr_carea' id='block_1_8' title="bbox 181 1634 1638 1801">
    <p class='ocr_par' dir='ltr' id='par_1_10' title="bbox 181 1634 1638 1801">
     <span class='ocr_line' id='line_1_19' title="bbox 183 1634 1638 1684; baseline -0.001 -11"><span class='ocrx_word' id='word_1_84' title='bbox 183 1635 330 1683; x_wconf 85' lang='lat' dir='ltr'>Sponsa</span> <span class='ocrx_word' id='word_1_85' title='bbox 361 1635 515 1684; x_wconf 87' lang='lat' dir='ltr'>Christi,</span> <span class='ocrx_word' id='word_1_86' title='bbox 548 1647 635 1683; x_wconf 84' lang='lat' dir='ltr'>spes</span> <span class='ocrx_word' id='word_1_87' title='bbox 666 1647 813 1683; x_wconf 85' lang='lat' dir='ltr'>serena,</span> <span class='ocrx_word' id='word_1_88' title='bbox 999 1636 1084 1673; x_wconf 82' lang='lat' dir='ltr'>Iesu</span> <span class='ocrx_word' id='word_1_89' title='bbox 1117 1636 1268 1673; x_wconf 86' lang='lat' dir='ltr'>Christo</span> <span class='ocrx_word' id='word_1_90' title='bbox 1298 1635 1453 1682; x_wconf 84' lang='lat' dir='ltr'>placens</span> <span class='ocrx_word' id='word_1_91' title='bbox 1485 1634 1638 1681; x_wconf 85' lang='lat' dir='ltr'>munda,</span> 
     </span>
     <span class='ocr_line' id='line_1_20' title="bbox 181 1689 1560 1740; baseline -0.001 -10"><span class='ocrx_word' id='word_1_92' title='bbox 181 1692 332 1739; x_wconf 84' lang='lat' dir='ltr'>Frange</span> <span class='ocrx_word' id='word_1_93' title='bbox 362 1692 429 1730; x_wconf 87' lang='lat' dir='ltr'>leti</span> <span class='ocrx_word' id='word_1_94' title='bbox 461 1703 619 1740; x_wconf 84' lang='lat' dir='ltr'>nequam</span> <span class='ocrx_word' id='word_1_95' title='bbox 653 1691 774 1740; x_wconf 75' lang='lat' dir='ltr'>frena,</span> <span class='ocrx_word' id='word_1_96' title='bbox 995 1693 1074 1730; x_wconf 88' lang='lat' dir='ltr'>Nos</span> <span class='ocrx_word' id='word_1_97' title='bbox 1105 1693 1261 1730; x_wconf 87' lang='lat' dir='ltr'>absolve</span> <span class='ocrx_word' id='word_1_98' title='bbox 1293 1692 1339 1729; x_wconf 87' lang='lat' dir='ltr'>de</span> <span class='ocrx_word' id='word_1_99' title='bbox 1369 1689 1560 1738; x_wconf 75' lang='lat' dir='ltr'>profunda</span> 
     </span>
     <span class='ocr_line' id='line_1_21' title="bbox 181 1747 1504 1801; baseline 0 -15"><span class='ocrx_word' id='word_1_100' title='bbox 181 1748 386 1787; x_wconf 84' lang='lat' dir='ltr'>Daemonis</span> <span class='ocrx_word' id='word_1_101' title='bbox 425 1760 472 1787; x_wconf 87' lang='lat' dir='ltr'>ne</span> <span class='ocrx_word' id='word_1_102' title='bbox 502 1750 632 1787; x_wconf 83' lang='lat' dir='ltr'>laedat</span> <span class='ocrx_word' id='word_1_103' title='bbox 661 1747 841 1801; x_wconf 76' lang='lat' dir='ltr'>poenal).</span> <span class='ocrx_word' id='word_1_104' title='bbox 998 1750 1216 1788; x_wconf 86' lang='lat' dir='ltr'>Procellosa</span> <span class='ocrx_word' id='word_1_105' title='bbox 1245 1748 1361 1786; x_wconf 88' lang='lat' dir='ltr'>maris</span> <span class='ocrx_word' id='word_1_106' title='bbox 1391 1747 1504 1786; x_wconf 85' lang='lat' dir='ltr'>unda.</span> 
     </span>
    </p>
   </div>
   <div class='ocr_carea' id='block_1_9' title="bbox 469 1851 1242 2059">
    <p class='ocr_par' dir='ltr' id='par_1_11' title="bbox 469 1851 1242 2059">
     <span class='ocr_line' id='line_1_22' title="bbox 469 1851 1013 1897; baseline -0.006 -6"><span class='ocrx_word' id='word_1_107' title='bbox 469 1853 507 1891; x_wconf 85' lang='lat'>3.</span> <span class='ocrx_word' id='word_1_108' title='bbox 539 1852 573 1888; x_wconf 93' lang='lat' dir='ltr'>A</span> <span class='ocrx_word' id='word_1_109' title='bbox 604 1851 742 1897; x_wconf 82' lang='lat' dir='ltr'>Maria,</span> <span class='ocrx_word' id='word_1_110' title='bbox 775 1855 814 1888; x_wconf 91' lang='lat' dir='ltr'>tu</span> <span class='ocrx_word' id='word_1_111' title='bbox 846 1851 1013 1889; x_wconf 85' lang='lat' dir='ltr'>solamen</span> 
     </span>
     <span class='ocr_line' id='line_1_23' title="bbox 539 1906 1204 1957; baseline 0 -13"><span class='ocrx_word' id='word_1_112' title='bbox 539 1908 689 1945; x_wconf 86' lang='lat' dir='ltr'>Patrem</span> <span class='ocrx_word' id='word_1_113' title='bbox 722 1919 848 1957; x_wconf 85' lang='lat' dir='ltr'>posce,</span> <span class='ocrx_word' id='word_1_114' title='bbox 881 1913 1022 1957; x_wconf 84' lang='lat' dir='ltr'>natum,</span> <span class='ocrx_word' id='word_1_115' title='bbox 1054 1906 1204 1955; x_wconf 79' lang='lat' dir='ltr'>flamen,</span> 
     </span>
     <span class='ocr_line' id='line_1_24' title="bbox 538 1963 1095 2012; baseline -0.002 -10"><span class='ocrx_word' id='word_1_116' title='bbox 538 1964 592 2003; x_wconf 81' lang='lat' dir='ltr'>Ut</span> <span class='ocrx_word' id='word_1_117' title='bbox 621 1963 789 2002; x_wconf 88' lang='lat' dir='ltr'>futurum</span> <span class='ocrx_word' id='word_1_118' title='bbox 820 1968 907 2012; x_wconf 82' lang='lat' dir='ltr'>post</span> <span class='ocrx_word' id='word_1_119' title='bbox 937 1975 1095 2002; x_wconf 83' lang='lat' dir='ltr'>examen</span> 
     </span>
     <span class='ocr_line' id='line_1_25' title="bbox 542 2021 1242 2059; baseline 0.001 -1"><span class='ocrx_word' id='word_1_120' title='bbox 542 2021 621 2059; x_wconf 90' lang='lat' dir='ltr'>Nos</span> <span class='ocrx_word' id='word_1_121' title='bbox 652 2032 736 2058; x_wconf 84' lang='lat' dir='ltr'>cum</span> <span class='ocrx_word' id='word_1_122' title='bbox 763 2022 904 2059; x_wconf 86' lang='lat' dir='ltr'>sanetis</span> <span class='ocrx_word' id='word_1_123' title='bbox 934 2022 1046 2059; x_wconf 87' lang='lat' dir='ltr'>locet.</span> <span class='ocrx_word' id='word_1_124' title='bbox 1106 2022 1242 2059; x_wconf 89' lang='lat' dir='ltr'>Amen.</span> 
     </span>
    </p>
   </div>
   <div class='ocr_carea' id='block_1_10' title="bbox 472 2187 1283 2300">
    <p class='ocr_par' dir='ltr' id='par_1_12' title="bbox 472 2187 1283 2300">
     <span class='ocr_line' id='line_1_26' title="bbox 472 2187 1283 2232; baseline 0 -10"><span class='ocrx_word' id='word_1_125' title='bbox 472 2187 554 2224; x_wconf 75' lang='lat'>439.</span> <span class='ocrx_word' id='word_1_126' title='bbox 589 2188 670 2231; x_wconf 82' lang='lat'>(12.)</span> <span class='ocrx_word' id='word_1_127' title='bbox 706 2188 764 2223; x_wconf 85' lang='lat' dir='ltr'>De</span> <span class='ocrx_word' id='word_1_128' title='bbox 790 2188 931 2223; x_wconf 84' lang='lat' dir='ltr'>sancto</span> <span class='ocrx_word' id='word_1_129' title='bbox 956 2187 1135 2223; x_wconf 85' lang='lat' dir='ltr'>Iohanne</span> <span class='ocrx_word' id='word_1_130' title='bbox 1160 2187 1283 2232; x_wconf 79' lang='lat' dir='ltr'>Bapt.</span> 
     </span>
     <span class='ocr_line' id='line_1_27' title="bbox 747 2258 1013 2300; baseline -0.004 -10"><span class='ocrx_word' id='word_1_131' title='bbox 747 2258 858 2300; x_wconf 88' lang='lat' dir='ltr'>Super</span> <span class='ocrx_word' id='word_1_132' title='bbox 881 2258 1013 2300; x_wconf 83' lang='lat' dir='ltr'>Agnus.</span> 
     </span>
    </p>
   </div>
   <div class='ocr_carea' id='block_1_11' title="bbox 119 2358 1589 2578">
    <p class='ocr_par' dir='ltr' id='par_1_13' title="bbox 119 2358 1589 2578">
     <span class='ocr_line' id='line_1_28' title="bbox 119 2358 1589 2410; baseline -0.001 -12"><span class='ocrx_word' id='word_1_133' title='bbox 119 2358 157 2398; x_wconf 92' lang='lat'>1.</span> <span class='ocrx_word' id='word_1_134' title='bbox 186 2360 280 2403; x_wconf 88' lang='lat' dir='ltr'>Ave,</span> <span class='ocrx_word' id='word_1_135' title='bbox 314 2361 425 2398; x_wconf 84' lang='lat' dir='ltr'>stella</span> <span class='ocrx_word' id='word_1_136' title='bbox 455 2362 652 2409; x_wconf 86' lang='lat' dir='ltr'>matutina,</span> <span class='ocrx_word' id='word_1_137' title='bbox 934 2364 972 2401; x_wconf 85' lang='lat'>2.</span> <span class='ocrx_word' id='word_1_138' title='bbox 1002 2363 1099 2407; x_wconf 84' lang='lat' dir='ltr'>Ave,</span> <span class='ocrx_word' id='word_1_139' title='bbox 1131 2372 1230 2406; x_wconf 87' lang='lat' dir='ltr'>rosa,</span> <span class='ocrx_word' id='word_1_140' title='bbox 1261 2360 1330 2398; x_wconf 87' lang='lat' dir='ltr'>fios</span> <span class='ocrx_word' id='word_1_141' title='bbox 1361 2365 1589 2410; x_wconf 79' lang='lat' dir='ltr'>sanctomm‚</span> 
     </span>
     <span class='ocr_line' id='line_1_29' title="bbox 189 2416 1509 2465; baseline 0 -12"><span class='ocrx_word' id='word_1_142' title='bbox 189 2416 306 2463; x_wconf 80' lang='lat' dir='ltr'>Quam</span> <span class='ocrx_word' id='word_1_143' title='bbox 335 2417 507 2456; x_wconf 82' lang='lat' dir='ltr'>illustrat</span> <span class='ocrx_word' id='word_1_144' title='bbox 537 2419 601 2455; x_wconf 83' lang='lat' dir='ltr'>lux</span> <span class='ocrx_word' id='word_1_145' title='bbox 634 2419 774 2464; x_wconf 82' lang='lat' dir='ltr'>divina,</span> <span class='ocrx_word' id='word_1_146' title='bbox 1003 2420 1098 2465; x_wconf 81' lang='lat' dir='ltr'>Ave,</span> <span class='ocrx_word' id='word_1_147' title='bbox 1133 2418 1208 2455; x_wconf 81' lang='lat' dir='ltr'>dux</span> <span class='ocrx_word' id='word_1_148' title='bbox 1241 2417 1509 2464; x_wconf 84' lang='lat' dir='ltr'>apostolorum,</span> 
     </span>
     <span class='ocr_line' id='line_1_30' title="bbox 188 2472 1581 2521; baseline 0 -11"><span class='ocrx_word' id='word_1_149' title='bbox 188 2472 218 2510; x_wconf 92' lang='grc' dir='ltr'>Ο</span> <span class='ocrx_word' id='word_1_150' title='bbox 243 2473 442 2521; x_wconf 76' lang='lat' dir='ltr'>Iohannes,</span> <span class='ocrx_word' id='word_1_151' title='bbox 475 2486 498 2511; x_wconf 86' lang='lat' dir='ltr'>a</span> <span class='ocrx_word' id='word_1_152' title='bbox 528 2476 637 2512; x_wconf 87' lang='lat' dir='ltr'>ruina</span> <span class='ocrx_word' id='word_1_153' title='bbox 1003 2475 1033 2512; x_wconf 93' lang='lat' dir='ltr'>O</span> <span class='ocrx_word' id='word_1_154' title='bbox 1063 2475 1263 2521; x_wconf 86' lang='lat' dir='ltr'>Iohannes,</span> <span class='ocrx_word' id='word_1_155' title='bbox 1295 2479 1332 2510; x_wconf 90' lang='lat' dir='ltr'>te</span> <span class='ocrx_word' id='word_1_156' title='bbox 1363 2478 1581 2510; x_wconf 87' lang='lat' dir='ltr'>cunctorum</span> 
     </span>
     <span class='ocr_line' id='line_1_31' title="bbox 188 2528 1543 2578; baseline 0.001 -12"><span class='ocrx_word' id='word_1_157' title='bbox 188 2528 266 2566; x_wconf 89' lang='lat' dir='ltr'>Nos</span> <span class='ocrx_word' id='word_1_158' title='bbox 297 2530 479 2568; x_wconf 85' lang='lat' dir='ltr'>conserva</span> <span class='ocrx_word' id='word_1_159' title='bbox 508 2532 739 2578; x_wconf 85' lang='lat' dir='ltr'>serpentina.</span> <span class='ocrx_word' id='word_1_160' title='bbox 1003 2531 1178 2569; x_wconf 88' lang='lat' dir='ltr'>Laudent</span> <span class='ocrx_word' id='word_1_161' title='bbox 1208 2542 1275 2568; x_wconf 86' lang='lat' dir='ltr'>ora</span> <span class='ocrx_word' id='word_1_162' title='bbox 1306 2530 1543 2578; x_wconf 87' lang='lat' dir='ltr'>populorum.</span> 
     </span>
    </p>
   </div>
   <div class='ocr_carea' id='block_1_12' title="bbox 469 2633 1144 2840">
    <p class='ocr_par' dir='ltr' id='par_1_14' title="bbox 469 2633 1144 2840">
     <span class='ocr_line' id='line_1_32' title="bbox 469 2633 1102 2679; baseline -0.002 -8"><span class='ocrx_word' id='word_1_163' title='bbox 469 2634 506 2671; x_wconf 86' lang='lat'>3.</span> <span class='ocrx_word' id='word_1_164' title='bbox 539 2634 635 2679; x_wconf 86' lang='lat' dir='ltr'>Ave,</span> <span class='ocrx_word' id='word_1_165' title='bbox 667 2633 793 2670; x_wconf 90' lang='lat' dir='ltr'>lumen</span> <span class='ocrx_word' id='word_1_166' title='bbox 823 2633 1102 2679; x_wconf 81' lang='lat' dir='ltr'>admirandum,</span> 
     </span>
     <span class='ocr_line' id='line_1_33' title="bbox 538 2689 1073 2738; baseline -0.002 -12"><span class='ocrx_word' id='word_1_167' title='bbox 538 2689 631 2727; x_wconf 89' lang='lat' dir='ltr'>Orbi</span> <span class='ocrx_word' id='word_1_168' title='bbox 661 2690 731 2726; x_wconf 86' lang='lat' dir='ltr'>toti</span> <span class='ocrx_word' id='word_1_169' title='bbox 762 2689 1073 2738; x_wconf 83' lang='lat' dir='ltr'>praedicandum,</span> 
     </span>
     <span class='ocr_line' id='line_1_34' title="bbox 539 2746 1144 2795; baseline 0 -12"><span class='ocrx_word' id='word_1_170' title='bbox 539 2746 569 2784; x_wconf 94' lang='grc' dir='ltr'>Ο</span> <span class='ocrx_word' id='word_1_171' title='bbox 600 2746 799 2795; x_wconf 78' lang='lat' dir='ltr'>Iohannes,</span> <span class='ocrx_word' id='word_1_172' title='bbox 832 2750 870 2783; x_wconf 86' lang='lat' dir='ltr'>et</span> <span class='ocrx_word' id='word_1_173' title='bbox 898 2747 1144 2794; x_wconf 84' lang='lat' dir='ltr'>laudandum,</span> 
     </span>
     <span class='ocr_line' id='line_1_35' title="bbox 537 2802 1138 2840; baseline 0.002 -1"><span class='ocrx_word' id='word_1_174' title='bbox 537 2802 617 2839; x_wconf 87' lang='lat' dir='ltr'>Nos</span> <span class='ocrx_word' id='word_1_175' title='bbox 647 2803 814 2840; x_wconf 82' lang='lat' dir='ltr'>accende</span> <span class='ocrx_word' id='word_1_176' title='bbox 843 2802 892 2840; x_wconf 86' lang='lat' dir='ltr'>ad</span> <span class='ocrx_word' id='word_1_177' title='bbox 924 2803 1138 2840; x_wconf 88' lang='lat' dir='ltr'>amandum.</span> 
     </span>
    </p>
   </div>
   <div class='ocr_carea' id='block_1_13' title="bbox 103 2852 368 2863">
    <p class='ocr_par' dir='ltr' id='par_1_15' title="bbox 103 2852 368 2863">
     <span class='ocr_line' id='line_1_36' title="bbox 103 2852 368 2863; baseline 0 360"><span class='ocrx_word' id='word_1_178' title='bbox 103 2852 368 2863; x_wconf 95' lang='lat' dir='ltr'> </span> 
     </span>
    </p>
   </div>
   <div class='ocr_carea' id='block_1_14' title="bbox 194 2907 948 2956">
    <p class='ocr_par' dir='ltr' id='par_1_16' title="bbox 194 2907 948 2956">
     <span class='ocr_line' id='line_1_37' title="bbox 194 2907 948 2956; baseline 0.005 -14"><span class='ocrx_word' id='word_1_179' title='bbox 194 2907 220 2949; x_wconf 94' lang='lat'>¹)</span> <span class='ocrx_word' id='word_1_180' title='bbox 244 2908 272 2949; x_wconf 91' lang='lat'>1,</span> <span class='ocrx_word' id='word_1_181' title='bbox 298 2910 319 2943; x_wconf 84' lang='lat'>4</span> <span class='ocrx_word' id='word_1_182' title='bbox 343 2913 395 2944; x_wconf 88' lang='lat' dir='ltr'>Ne</span> <span class='ocrx_word' id='word_1_183' title='bbox 419 2912 598 2945; x_wconf 81' lang='lat' dir='ltr'>daemonis</span> <span class='ocrx_word' id='word_1_184' title='bbox 622 2914 802 2946; x_wconf 87' lang='lat' dir='ltr'>laedamur</span> <span class='ocrx_word' id='word_1_185' title='bbox 826 2924 948 2956; x_wconf 87' lang='lat' dir='ltr'>poena.</span> 
     </span>
    </p>
   </div>
  </div>
 </body>
</html>
