2031 3289
735 314 784 350 51.
819 314 899 356 (36.)
935 313 985 350 De
1010 312 1223 350 confessore
1250 316 1288 350 et
1310 314 1496 352 Pontifice.

906 394 966 426 Ad
988 395 1112 437 Vesp.
1137 398 1179 427 et
1202 396 1320 428 Noct.

613 521 649 559 1.
683 520 790 557 Sacri
821 518 1011 566 pontificis
1041 531 1185 557 annuus
1217 521 1353 558 emicat

682 576 844 624 Natalis,
877 576 1070 613 celebrans
1098 575 1207 623 plebs
1236 577 1300 624 pia
1329 578 1492 624 gaudeat

678 633 728 669 Et
760 632 860 669 laeto
890 635 1042 669 resonet
1070 637 1223 680 pectore
1254 634 1421 671 carmina

743 688 906 736 Christo,
939 689 1002 735 qui
1033 689 1130 736 regit
1160 689 1296 730 omnia.

609 815 645 851 2.
674 813 748 850 Hic
778 822 961 859 spernens
990 813 1137 859 proprii
1167 813 1304 860 gaudia
1335 814 1503 860 corporis

681 869 851 915 Longum
883 869 1059 906 sustinuit
1089 870 1312 918 martyrium
1344 870 1479 918 crucis,

679 925 922 962 Tormentum
952 925 1104 972 gravius
1134 926 1288 962 vulnere
1309 927 1478 973 pertulit,

743 981 815 1028 Qui
846 986 969 1019 tortor
998 992 1086 1019 suus
1117 982 1273 1020 exstitit.

610 1108 646 1146 8.
680 1105 820 1143 Sacrae
850 1105 1007 1143 militiae
1037 1104 1196 1153 signifer
1225 1106 1377 1143 inclitus

679 1163 875 1199 Virtutum
906 1160 1030 1199 fuerat
1061 1161 1183 1199 forma
1214 1162 1468 1209 sequentibus,

678 1218 906 1256 Accendens
938 1216 1076 1256 validis
1104 1222 1259 1266 pectora
1291 1218 1458 1264 vocibus,

744 1275 956 1313 Praeclaris
987 1285 1133 1322 quoque
1162 1275 1343 1314 moribus,

609 1402 648 1438 4.
679 1399 745 1437 Bis
774 1409 883 1436 senos
914 1399 1062 1445 lapides
1092 1403 1246 1446 pectore
1278 1399 1426 1448 detulit,

680 1456 746 1494 Bis
777 1456 918 1492 tinctae
949 1455 1099 1492 tunicae
1129 1456 1291 1503 tegmine
1320 1456 1524 1506 splenduit,

680 1511 925 1549 Tintinabula
956 1512 1015 1548 cui
1047 1512 1209 1549 dulciter
1239 1512 1476 1560 obstrepunt,

743 1568 849 1606 Mala
878 1568 1016 1615 punica
1048 1566 1227 1607 defluunt.

610 1696 646 1731 5.
676 1693 800 1739 Ipsius
832 1692 1020 1742 precibus,
1054 1692 1228 1730 conditor
1257 1693 1434 1742 omnium,

682 1749 884 1786 Demersos
915 1749 1043 1786 releva
1073 1749 1242 1796 pondere
1273 1750 1482 1795 criminum,

684 1806 751 1843 Cui
782 1806 876 1854 laus,
909 1805 1109 1852 imperium
1139 1816 1355 1853 summaque
1385 1806 1506 1853 gloria

747 1862 804 1900 Sit
834 1873 902 1908 per
932 1862 1057 1899 omnia
1086 1863 1247 1900 saecula.

431 1998 549 2039 Migne
585 1997 608 2028 l.
639 2007 666 2028 c.
698 1994 774 2029 959.
807 2013 852 2018 —
885 1998 952 2029 Str.
990 1996 1005 2029 1
1039 1998 1085 2029 ist
1114 1997 1170 2029 bei
1202 1997 1249 2028 M.
1282 1997 1392 2029 falsch
1425 1998 1602 2039 abgeteilt.
1633 2015 1678 2019 -
1706 1995 1745 2036 4,
1777 1996 1798 2029 3
1832 1998 1894 2029 Cui

340 2043 563 2075 tintinabula.

749 2196 804 2233 52.
841 2198 921 2241 (37.)
955 2198 1005 2233 De
1030 2196 1243 2234 Confessore
1267 2197 1452 2234 Pontilice.

983 2277 1045 2312 Ad
1069 2279 1253 2312 Laudes.

365 2396 400 2432 1.
435 2395 446 2427 (
457 2393 593 2443 bristo,
628 2397 843 2430 sanctorum
873 2394 1006 2442 gloria,
1175 2396 1212 2432 3,
1244 2393 1340 2431 Nam
1370 2394 1431 2430 hic
1461 2394 1499 2430 in
1528 2394 1602 2431 imo
1630 2395 1774 2441 positus

430 2450 663 2487 (fertantium
697 2450 868 2497 victoria,
1241 2450 1361 2488 Celsis
1391 2451 1598 2497 praestolat
1629 2450 1809 2498 moribus,

430 2507 508 2543 Nos
540 2505 794 2543 confessorum
826 2506 1002 2553 precibus
1240 2507 1403 2543 Humilis
1435 2511 1514 2544 erat
1546 2507 1691 2557 ordine,

434 2563 636 2609 Culparum
667 2563 772 2600 solve
803 2562 972 2600 nexibus,
1240 2563 1352 2602 Claro
1383 2563 1553 2600 sublimis
1583 2573 1710 2610 opere.

362 2688 398 2724 2.
430 2685 509 2722 Fac
538 2697 607 2724 nos
638 2685 838 2723 imitabilia
1171 2688 1209 2725 4.
1242 2688 1392 2725 Intenta
1421 2697 1526 2724 mens
1556 2686 1780 2724 caelestibus

431 2743 522 2779 Eius
553 2743 657 2789 sequi
688 2743 859 2789 vestigia,
1242 2743 1456 2781 Mundanos
1486 2743 1614 2780 horret
1644 2743 1836 2792 strepitus,

429 2799 486 2835 'su
516 2799 565 2835 sis
598 2809 790 2836 commune
821 2799 1040 2846 praemium,
1243 2799 1305 2836 Nil
1337 2800 1410 2837 iam
1443 2800 1605 2837 delectat
1633 2800 1796 2847 anxiam,

430 2855 499 2901 Qui
531 2854 652 2893 factus
681 2866 720 2892 es
751 2860 787 2892 et
818 2855 994 2903 pretium.
1244 2856 1350 2902 Quod
1382 2868 1457 2893 non
1489 2856 1591 2894 ducit
1621 2857 1671 2894 ad
1701 2856 1878 2903 patriam.

1998 1538 2020 1591 ξ

2008 1608 2021 1634 2

2006 1648 2026 1687 ἵ.

2008 1689 2031 1777 3

2015 1782 2031 1806 Q
