1914 3223
776 144 825 156 3—-

162 239 198 279 3.
232 235 386 280 Gratia
416 243 456 278 tu
487 238 649 278 efficeris

231 296 464 335 Directivum
494 298 653 345 itineris,

290 354 432 392 Norma
463 355 562 391 vitae
595 354 817 402 rectissima,

233 410 274 446 In
306 411 460 448 orbibus
492 411 694 458 stelligeris

231 466 361 503 Novae.
393 468 485 514 legis
517 472 553 504 et
585 469 721 505 veteris

287 522 488 561 Stellarum
521 525 843 572 splendidissima,

233 579 274 615 In
308 582 502 627 prosperis
534 581 754 628 humillima,

228 635 271 672 ln
304 637 475 674 adversis
507 636 722 687 fortissima,

286 693 443 742 Semper
473 700 601 731 astans
635 707 702 742 pro
729 696 889 740 miseris,

228 749 448 787 Electarum
482 751 702 797 dignissima

228 805 320 843 Tam
354 817 513 853 corpore
544 819 653 854 quam
685 810 810 847 anima

284 864 327 900 In
359 863 493 901 inferis
525 869 561 900 et
593 866 753 912 superis.

186 1045 194 1053 .
226 1012 361 1056 Plena
393 1021 449 1054 est
480 1022 544 1055 tua
575 1018 711 1065 hydria

227 1072 375 1110 Hausta
406 1075 560 1110 caelesti
591 1077 711 1122 gratia

286 1129 403 1167 Puteo
435 1132 554 1167 sancti
587 1133 766 1182 spiritus3

228 1185 266 1223 Si
298 1187 461 1233 pulseris
492 1188 671 1225 instantia

227 1244 398 1294 Precum,
432 1255 492 1281 res
524 1250 581 1281 est.
612 1248 771 1293 notoria,

282 1301 389 1345 Quod
428 1301 609 1347 effundes,
639 1309 673 1339 et
706 1305 886 1351 strepitus

225 1356 477 1402 Deprecantis
508 1359 692 1397 sollicitus

225 1413 432 1463 obtinebit,
465 1419 505 1451 ut
536 1416 687 1462 penitus

281 1470 465 1508 Deorsum
498 1472 695 1511 stillicidia

223 1527 371 1572 Mittas,
404 1539 473 1565 nec
504 1528 554 1565 sit
584 1530 798 1576 prohibitus

224 1583 459 1621 Camelorum
491 1586 679 1623 exercitus

282 1642 442 1679 Portans
474 1647 631 1689 peccata
661 1645 806 1691 gravia.

181 1824 190 1833 .
224 1790 429 1835 Dominus
461 1796 508 1832 ad
542 1795 612 1833 hoe
642 1798 802 1844 provide

221 1850 275 1887 Te
306 1852 467 1898 replevit
500 1864 543 1889 ac
574 1854 740 1902 placide,

280 1908 523 1946 Refundendi
555 1910 605 1947 sis
637 1909 798 1960 fervida,

223 1965 318 2010 Quia
348 1966 444 2003 sicut
476 1967 513 2003 in
544 1966 643 2004 iride

222 2020 375 2069 Signum
406 2023 517 2060 nubis
549 2028 604 2060 est
636 2025 799 2071 roridae‚

279 2078 340 2117 Sic
371 2084 412 2116 tu
442 2080 554 2127 plena
587 2085 622 2117 et
653 2082 813 2129 gravida

221 2135 375 2183 Signum
408 2136 536 2187 habes,
569 2139 669 2185 quod
702 2140 844 2189 rorida,

223 2192 468 2239 Compassiva
498 2198 534 2230 et
563 2192 679 2232 fluida

280 2249 337 2286 Sis
370 2254 457 2288 tuae
487 2252 589 2298 genti
622 2252 835 2302 languidae,

220 2307 402 2353 Quodque
432 2308 558 2345 anima
589 2309 762 2347 morbida

220 2361 272 2399 Et
302 2366 367 2400 tua
397 2365 460 2401 siti
491 2365 600 2402 arida

280 2420 354 2457 Per
384 2425 421 2457 te
452 2422 614 2468 respiret
644 2423 783 2462 valide.

178 2596 187 2604 .
220 2561 375 2606 Tecum
409 2579 430 2605 a
461 2569 636 2620 pueritia,

219 2622 336 2670 Virgo
367 2624 501 2671 duleis,
535 2627 736 2664 elementia

277 2679 405 2718 Crevit
434 2686 469 2718 et
501 2682 713 2727 miseratio;

219 2735 281 2772 Sic
310 2738 441 2786 crevit,
473 2740 573 2786 quod
604 2740 780 2777 caelestia

217 2791 526 2832 Transscendens
557 2797 641 2833 aula
674 2797 776 2844 regia

272 2849 344 2887 Dei
374 2851 484 2888 sedes
515 2852 551 2889 in
583 2853 690 2891 solio.

887 121 963 168 :3:³1

1030 151 1080 158 —-

1048 243 1161 282 Nulla
1193 256 1352 291 unquam
1387 243 1570 292 plantatio

1048 301 1131 337 Fuit
1170 303 1224 339 vol
1258 302 1432 340 educatio

1106 358 1191 394 Rois
1224 362 1297 395 tam
1331 357 1559 401 necessaria,

1048 413 1157 461 Nam,
1190 415 1275 451 licet
1309 416 1357 451 sit
1390 415 1563 452 collectio

1046 470 1150 515 Eius,
1184 483 1332 518 semper
1365 472 1577 520 dispendio,

1102 528 1213 565 Caret
1246 534 1279 564 et
1315 529 1586 568 decrescentia.

1005 704 1011 710 .
1046 670 1283 715 Benedicta.
1314 681 1522 724 propterca

1044 731 1152 768 Omni
1185 733 1266 769 loeo
1298 738 1335 769 et
1365 734 1492 780 platea

1101 788 1253 826 Dicaris
1285 789 1332 826 ab
1365 790 1588 840 hominibus,

1043 845 1138 889 Quia
1170 856 1238 891 per
1268 850 1304 882 te
1334 853 1388 883 est
1420 846 1592 885 flammea

1044 901 1246 939 Cherubim
1280 903 1363 940 dira
1395 904 1576 950 romphea

1099 960 1236 996 Amota
1267 960 1343 997 suis
1374 960 1558 1007 passibus,

1043 1015 1226 1052 Introitus
1257 1017 1451 1053 exsulibus

1046 1073 1165 1112 Patet.
1201 1078 1237 1109 et
1269 1073 1478 1110 viatoribus

1104 1129 1167 1165 Via
1199 1130 1295 1166 caeli
1328 1135 1383 1167 est
1415 1131 1549 1178 lactea,

1041 1186 1143 1231 Quae
1175 1187 1321 1223 solebat
1353 1187 1565 1224 volentibus

1043 1243 1190 1279 Intrare
1221 1254 1376 1290 regnum
1408 1244 1581 1281 omnibus

1098 1299 1193 1336 Esse
1223 1301 1404 1347 sanguine
1435 1301 1564 1339 rubea.

1001 1481 1009 1489 .
1043 1449 1104 1491 Tu
1139 1463 1177 1489 es
1209 1453 1306 1500 lapsi
1338 1465 1424 1501 spes
1457 1454 1632 1505 hominis,

1041 1510 1145 1555 Quae
1176 1522 1250 1547 non
1283 1511 1372 1548 dees
1403 1521 1472 1548 nee
1504 1512 1645 1549 desinis

1097 1566 1273 1604 Misereri
1304 1568 1342 1605 in
1374 1569 1576 1620 saeculum,

1040 1623 1096 1659 Tu
1129 1624 1279 1661 divinae
1310 1625 1482 1672 imaginis

1039 1680 1090 1716 Et
1121 1681 1265 1718 aeterni
1296 1692 1335 1718 es
1366 1682 1517 1719 luminis

1093 1737 1252 1775 Beatum
1285 1740 1577 1787 receptaculum,

1039 1793 1096 1830 Tu
1126 1794 1316 1841 languidis
1350 1796 1574 1845 vehiculum,

1040 1851 1097 1887 Tu
1127 1851 1274 1888 miseris
1305 1853 1517 1903 latibulum,

1096 1907 1172 1945 Sub
1205 1909 1310 1946 cuius
1336 1910 1469 1947 umbra
1500 1911 1674 1958 tegminis

1040 1965 1189 2011 Pauper
1219 1966 1367 2013 quaerit
1395 1967 1656 2005 umbraculum

1039 2022 1089 2058 Et
1121 2032 1206 2059 reus
1239 2023 1502 2061 diverticulum

1092 2078 1153 2116 Ab
1185 2080 1338 2116 incursu
1369 2079 1596 2121 formidinis.

996 2262 1002 2269 .
1036 2229 1085 2271 In
1117 2229 1377 2272 mulieribus
1407 2237 1447 2270 tu
1479 2245 1517 2270 es

1036 2289 1171 2336 Unica,
1204 2300 1299 2335 quae
1329 2290 1504 2328 restitues

1092 2346 1354 2383 Hereditatem
1387 2348 1589 2396 perditam,

1033 2403 1135 2449 Quae
1169 2402 1215 2439 de
1246 2407 1402 2449 peccato
1433 2415 1595 2452 arguens

1034 2459 1233 2506 Mundum,
1266 2461 1333 2497 sed
1364 2461 1457 2497 nulli
1489 2472 1650 2499 renuens

1092 2516 1262 2553 Gratiam
1293 2520 1393 2553 tuam
1424 2518 1586 2567 solitam,

1033 2574 1152 2610 Immo
1184 2574 1327 2610 cunctis
1359 2575 1560 2621 gratuitam

1034 2631 1159 2676 Ipsam
1192 2630 1300 2666 dabis
1332 2635 1369 2666 et
1400 2631 1589 2682 placitam,

1088 2687 1183 2733 Quia
1214 2697 1364 2734 semper
1396 2687 1464 2724 hac
1496 2688 1620 2727 aflues

1033 2743 1095 2787 Et,
1128 2744 1217 2779 licet
1250 2744 1332 2790 quis
1361 2755 1430 2791 per
1459 2745 1621 2784 orbitam

1032 2800 1185 2836 'Portam
1218 2801 1332 2837 vadat
1363 2805 1400 2838 et
1433 2803 1597 2852 vetitam,

1088 2856 1183 2892 Eum
1216 2857 1289 2894 cito
1321 2869 1393 2895 nou
1424 2858 1573 2901 obrueS.
