2031 3289
670 298 708 336 2.
741 298 867 345 Ipsum
900 307 967 333 nos
996 295 1171 341 precibus
1202 306 1374 343 rogemus
1405 307 1544 346 omnes,

751 353 829 389 Piis
859 358 900 388 ut
931 351 1136 388 visceribus
1166 358 1272 398 petat
1302 352 1500 399 benignum

739 409 941 454 Christum,
975 419 1047 454 quo
1077 408 1161 454 pius
1194 414 1301 445 eruat
1331 408 1486 446 clientes

740 467 774 502 A
807 465 963 508 eunom,
996 464 1095 501 mala
1125 464 1187 510 qui
1218 464 1295 500 suis
1326 464 1554 503 ministrant.

670 575 708 612 3.
741 571 870 610 Rebus
901 582 974 617 quo
1004 570 1167 617 placidis
1199 570 1393 608 beatitudo

739 628 859 665 Nobis
891 627 1102 676 perveniat,
1135 627 1236 664 salus
1266 627 1470 674 honorque,

736 685 817 722 Pax
849 688 885 720 et
916 683 1126 732 virginitas,
1160 683 1284 733 decor,
1317 684 1505 733 honestas,

739 741 836 789 Lux,
868 740 1028 777 victoria
1058 740 1424 786 sempiternitasque.

668 851 706 888 4.
739 849 883 895 Regum
914 858 1029 894 regna
1060 847 1140 884 Deo
1171 847 1220 884 sit
1251 847 1456 884 continenti

740 905 862 951 Doxa,
892 904 1106 950 Eparchius
1136 903 1241 940 urbis
1272 903 1512 950 Eugolismae

739 962 814 999 Per
844 971 951 1006 quem
984 960 1127 1006 cespite
1158 963 1293 1006 pausat
1323 959 1421 996 abba
1450 966 1580 1006 pastor

737 1017 788 1054 Et
817 1027 887 1064 per
917 1027 1025 1063 quem
1057 1020 1258 1053 veneratur
1288 1016 1379 1052 orbe
1410 1026 1570 1062 semper.

967 1216 999 1251 8.
1034 1216 1089 1258 (4).
1115 1213 1168 1250 Ad
1194 1215 1355 1258 Sextam.

525 1337 560 1376 1.
594 1336 711 1382 Quam
743 1335 808 1382 pia
839 1334 951 1381 digne
983 1334 1064 1370 Deo
1096 1332 1298 1379 praeconia
1329 1333 1400 1368 rite
1431 1334 1518 1368 sunt
1547 1341 1739 1378 supremo,

594 1392 745 1431 Proelia
774 1391 838 1438 qui
868 1389 1182 1437 cathegorizanda
1212 1389 1357 1435 peregit
1389 1388 1558 1425 almitate

591 1448 729 1487 Militis
761 1447 939 1495 armigen'
969 1457 1077 1483 sacra
1106 1445 1290 1492 Eparchii
1317 1444 1481 1491 maligna
1511 1447 1653 1482 contra.

528 1565 565 1602 2.
599 1562 778 1608 Corpore,
811 1559 938 1607 eorde,
970 1559 1094 1596 animo
1125 1568 1220 1605 quae
1249 1557 1376 1594 tristia
1405 1557 1593 1604 perpetim
1623 1555 1817 1604 fatiscant,

592 1619 778 1667 Corpora,
813 1616 941 1661 eorda,
972 1616 1087 1653 animi
1119 1613 1297 1651 vitalibus
1328 1618 1369 1650 ut
1400 1613 1493 1650 cibis
1523 1614 1674 1650 alantur

590 1675 731 1712 Nostra
761 1673 836 1720 piis
863 1672 1042 1719 precibus
1073 1670 1264 1719 poscentis
1294 1670 1476 1717 Eparchii
1507 1669 1670 1717 patroni.

525 1790 562 1828 3.
593 1785 844 1835 Hymnidicos
875 1785 1042 1822 canimus
1075 1784 1133 1822 eui
1164 1794 1262 1820 nune
1291 1782 1428 1820 iubilos
1459 1783 1601 1819 honore
1633 1782 1787 1830 Christi,

593 1844 725 1882 Gloria
753 1854 901 1890 magna,
934 1842 1049 1890 Deus,
1082 1851 1150 1887 per
1180 1850 1289 1887 quem
1320 1839 1401 1883 tibi,
1433 1839 1604 1876 trinitate
1633 1839 1794 1886 pollens,

593 1900 705 1939 Unde
735 1900 789 1936 tui
819 1898 950 1936 famuli
981 1899 1166 1935 laetemur
1195 1897 1234 1933 in
1264 1907 1372 1933 omne
1402 1900 1550 1942 tempus
1580 1895 1675 1935 aevi.

979 2098 1010 2133 9.
1045 2099 1102 2141 (5).
1130 2095 1183 2132 Ad
1209 2096 1358 2132 Nonam.

389 2221 424 2259 1.
459 2218 656 2257 Credimus
687 2222 736 2266 te,
768 2227 876 2254 sacer
907 2216 1061 2259 Christi,
1206 2216 1242 2252 2.
1276 2214 1388 2253 Unde
1418 2213 1539 2249 nostri
1569 2222 1712 2249 memor
1742 2215 1824 2249 esto

515 2275 669 2313 oraculo
699 2273 824 2320 angeli
1328 2270 1542 2306 interventu
1572 2268 1738 2318 proprio,

463 2331 738 2371 Commonitum
771 2340 859 2366 vero
890 2328 1031 2366 sancti:
1274 2327 1411 2363 Animo
1444 2326 1493 2363 da
1522 2336 1589 2362 nos
1620 2325 1761 2362 invicto

516 2387 697 2435 Eparchi,
729 2386 864 2433 inquit,
897 2384 1048 2422 Domini
1331 2393 1455 2419 coram
1487 2382 1594 2419 hoste
1623 2381 1754 2419 invido

463 2446 493 2484 Ο
526 2444 665 2482 famule
695 2442 772 2480 fide
802 2442 948 2486 summi,
1274 2440 1423 2476 Flectes
1455 2438 1638 2485 herilique
1668 2438 1749 2475 loro

517 2503 621 2539 locus
651 2501 714 2537 hic
747 2500 858 2537 datur
888 2498 970 2537 tibi.
1332 2500 1442 2542 rupto
1473 2495 1539 2531 leti
1570 2494 1731 2531 vinculo.

863 2616 900 2651 1³».
932 2612 987 2649 Sit
1019 2611 1139 2657 gloria
1170 2609 1344 2656 creatori,

989 2668 1107 2705 omnis
1140 2667 1216 2713 regi
1250 2666 1400 2713 saeculi,

928 2725 997 2770 Qui
1030 2725 1134 2768 vivit,
1167 2727 1296 2769 regnat
1330 2722 1485 2768 perenni

985 2786 1167 2827 tempore,
1200 2779 1348 2825 imperii

930 2838 999 2876 Cui
1030 2837 1260 2873 immensitas
1292 2837 1458 2881 supremi

984 2904 1205 2940 semperque
1232 2891 1434 2938 magnifici.

2024 292 2031 362 -.-..⁴
2024 162 2031 285 ...ῃ-Λ*

2027 931 2031 951 ..
2025 859 2031 923 ¹-
2024 463 2031 852 *—A—-0-——.—-.—...-..-
2027 431 2031 453 ff.
