2031 3289
1026 218 1081 222 —
1140 195 1193 234 3ss
1253 218 1302 223 —

403 310 440 348 3.
473 308 584 345 Nunc
613 309 830 355 angelorum
863 308 1053 355 particeps
1217 310 1255 347 6.
1287 308 1455 345 Decursa
1486 309 1560 351 iam
1592 309 1684 346 satis
1715 309 1786 346 tibi

474 364 648 402 Colluces
678 364 815 410 insigni
846 364 952 411 stola,
1288 366 1434 402 Poenae
1464 365 1620 402 minacis
1650 367 1790 414 munia,

469 421 585 466 Quam
617 420 725 457 testis
756 419 998 457 indomabilis
1289 421 1523 467 Pulchroque
1555 422 1686 458 mortis
1718 423 1820 459 exitu

469 477 576 513 Rivis
609 476 753 513 cruoris
784 476 944 513 laveras.
1286 477 1417 514 Omnis
1447 482 1603 523 peracta
1634 482 1690 514 est
1724 478 1861 524 passio.

402 569 440 606 4.
472 567 567 613 Quin
599 573 635 603 et
666 565 882 613 frequentes
913 567 1035 613 angeli
1219 569 1254 605 7.
1286 567 1316 605 Ο
1346 568 1454 604 miles
1484 568 1743 616 invictissime,

475 623 585 660 Stant
615 626 652 659 et
682 623 888 669 loquuntur
910 623 1128 670 cornminus,
1287 623 1593 661 Fortissimorum
1633 623 1780 674 fortior,

468 681 634 726 Quorum
663 690 759 716 unus
789 689 854 715 ore
884 679 1078 727 augustior
1288 680 1367 716 Iam
1399 685 1436 716 te
1466 681 1550 726 ipsa
1580 691 1693 718 saeva
1724 686 1761 717 et
1791 691 1927 727 aspera

470 735 680 782 Compellat
711 735 768 771 his
801 735 913 772 dictis
945 736 1088 773 virum:
1290 736 1493 774 Tormenta.
1525 737 1703 773 victorem
1735 741 1911 777 tremunt.

404 827 440 864 5.
473 825 659 872 Exsurge,
691 829 838 874 martyr
867 826 1007 872 inclite,
1214 829 1251 867 8.
1285 827 1416 865 Gloria
1447 826 1527 875 tibi,
1561 826 1733 869 Domine,

466 882 640 928 Exsurge
669 893 823 919 securus
854 884 921 929 tui,
1285 884 1417 921 Gloria
1446 883 1639 929 unigenito

463 938 639 985 Exsurge
671 942 706 975 et
738 939 848 975 almis
883 940 1055 977 coetibus
1284 940 1367 978 Una
1399 950 1480 976 cum
1513 943 1642 976 sancto
1674 939 1811 986 spiritu

466 994 606 1031 Noster
637 995 779 1032 sodalis
810 995 966 1033 addere.
1284 997 1326 1033 In
1358 997 1588 1042 sempiterna
1618 996 1779 1034 saecula.

470 1084 571 1115 Brev.
604 1093 667 1115 ms.
701 1084 924 1116 Bisuntinum
958 1095 1046 1117 saec.
1084 1083 1134 1117 15.
1187 1086 1270 1117 Cod.
1303 1086 1476 1117 Bisuntin.
1508 1083 1562 1116 65.
1593 1083 1632 1115 A.
1666 1102 1710 1105 —
1742 1086 1843 1117 Brev.
1876 1096 1936 1117 ms.

380 1128 612 1160 Cabilonense
630 1139 718 1160 saec.
739 1127 791 1160 15.
832 1130 914 1161 Cod.
942 1132 1071 1162 Semin.
1093 1131 1246 1163 Aeduen.
1265 1142 1291 1161 s.
1310 1141 1342 1162 n.
1361 1131 1398 1161 B.
1418 1149 1460 1153 —
1477 1131 1579 1161 Brev.
1601 1140 1663 1161 ms.
1680 1130 1937 1163 Matisconense

378 1183 466 1205 saec.
503 1172 552 1205 15.
603 1174 685 1206 Cod.
718 1174 923 1215 Lugdunen.
962 1174 1056 1207 1052.
1084 1177 1121 1208 C.
1159 1194 1195 1197 —
1223 1176 1383 1208 Officium
1417 1176 1450 1207 S.
1483 1175 1680 1213 Vincentfi,
1715 1176 1877 1216 martyris
1903 1179 1937 1207 et

376 1218 505 1251 levitae
541 1219 876 1260 caesaraugustani,
911 1222 1049 1262 patroni
1078 1223 1226 1263 insignis
1252 1222 1418 1253 ecclesiae
1443 1222 1641 1252 Bernensis.
1668 1222 1748 1262 imp.
1774 1221 1936 1252 Basilcae

379 1261 475 1295 1515.
510 1265 550 1295 D.
589 1281 633 1286 —
667 1265 733 1296 Str.
758 1263 780 1296 4
804 1264 890 1296 fehlt
914 1267 1015 1297 ABG.
1041 1284 1085 1288 —-
1111 1268 1178 1299 Str.
1204 1265 1224 1298 5
1249 1267 1334 1298 fehlt
1358 1267 1425 1298 BC.
1451 1283 1495 1286 -ω
1520 1266 1586 1297 Str.
1613 1264 1633 1296 6
1657 1265 1744 1297 fehlt
1766 1265 1867 1297 ABC.
1894 1284 1935 1288 ——

379 1308 446 1340 Str.
485 1308 504 1341 7
542 1309 629 1342 fehlt
663 1310 733 1342 BC.
770 1329 814 1333 ——
853 1311 946 1343 Statt
981 1312 1047 1343 Str.
1083 1309 1105 1342 4
1144 1312 1177 1343 ff.
1220 1317 1337 1344 setzen
1373 1312 1430 1343 BC
1467 1311 1522 1342 die
1554 1311 1713 1353 folgende
1746 1310 1842 1342 nicht
1873 1321 1935 1342 aus

373 1354 584 1387 Prudentius
609 1355 786 1387 entlehnte
812 1356 960 1397 Strophe
986 1358 1060 1388 ein:

895 1417 991 1461 Ergo
1017 1423 1060 1456 te,
1088 1423 1227 1461 martyr,
1253 1419 1427 1461 supplices

892 1464 1090 1503 Precamur,
1115 1469 1153 1496 ut
1177 1476 1240 1496 nos
1264 1465 1386 1496 visites

893 1510 1033 1551 Nosque
1058 1511 1137 1541 Iesu
1162 1511 1338 1548 concilies,

893 1555 941 1586 Ut
965 1556 1073 1586 simus
1099 1557 1163 1596 ipsi
1191 1560 1378 1596 compotes,

464 1616 603 1647 Darauf
622 1616 708 1657 folgt
735 1616 826 1647 daun
853 1617 909 1648 die
935 1618 1138 1659 Doxologie,
1165 1618 1220 1649 (lie
1245 1619 1310 1648 wie
1329 1617 1411 1658 jene
1437 1616 1585 1658 Strophe
1610 1616 1719 1647 durch
1743 1616 1810 1647 den
1832 1615 1931 1648 Reim

369 1660 552 1701 gebunden
578 1662 639 1695 ist:

886 1708 951 1739 Cui
978 1708 1066 1749 proli
1094 1708 1315 1739 sanctissimo

888 1754 972 1784 Cum
1000 1757 1096 1794 patre
1121 1753 1198 1784 laus
1223 1754 1378 1793 ingenito

889 1798 943 1829 Sit
966 1799 1009 1830 ab
1036 1802 1182 1840 utroque
1207 1799 1311 1839 parili

890 1844 1081 1886 Honorque
1106 1844 1182 1874 fuso
1207 1844 1350 1875 flamini.

781 1965 841 1999 37.
877 1965 984 2006 (140.)
1020 1965 1078 1999 De
1104 1965 1245 1999 sancto
1273 1965 1501 2001 Vincentio.

748 2034 953 2076 (Peristeph.
981 2035 1024 2073 V,
1052 2033 1155 2074 1—43
1182 2032 1312 2074 9—123
1339 2033 1538 2076 545—560).

382 2127 418 2165 1.
452 2127 569 2163 Beate
600 2131 758 2174 martyr,
790 2138 975 2173 prospera
1195 2130 1232 2166 4.
1264 2128 1339 2164 Per
1368 2132 1418 2175 te,
1451 2138 1520 2174 per
1550 2128 1654 2165 illum
1689 2138 1878 2165 carcerem

451 2183 560 2219 Diem
592 2184 859 2230 triumphalem
890 2188 1006 2228 tuum,
1265 2184 1429 2220 Honoris
1460 2189 1700 2231 augmentum
1731 2186 1798 2231 tui,

451 2240 530 2284 Quo
562 2240 754 2286 sanguinis
786 2251 929 2277 merces
961 2240 1050 2277 stibi
1264 2242 1337 2278 Per
1364 2240 1501 2287 vincla,
1532 2240 1714 2288 flammas,
1745 2241 1918 2289 ungulas,

449 2296 609 2344 Corona,
644 2297 829 2340 Vincenti,
863 2297 987 2337 datur.
1265 2295 1339 2333 Per
1370 2298 1597 2334 carceralem
1629 2298 1810 2345 stipitem,

378 2376 415 2413 2.
449 2375 559 2412 Nunc
590 2377 808 2422 angelorum
840 2376 1033 2423 particeps
1197 2379 1234 2414 5.
1268 2377 1340 2414 Per
1371 2374 1539 2424 fragmen
1571 2377 1665 2413 illud
1697 2381 1875 2426 testeum„

452 2432 625 2471 Colluces
655 2432 793 2479 insigni
826 2433 934 2475 stola,
1267 2434 1347 2478 Quo
1378 2438 1488 2479 parta
1520 2434 1637 2469 crevit
1667 2433 1798 2479 gloria,

451 2489 568 2533 Quam
600 2489 708 2525 testis
739 2489 981 2526 indomabilis
1266 2489 1327 2537 Et,
1361 2500 1469 2535 quem
1501 2494 1704 2525 trementes
1737 2490 1877 2535 posteri

447 2545 555 2581 Rivis
589 2545 731 2582 cruoris
763 2546 923 2583 laveras.
1267 2545 1554 2593 Exosculamur,
1587 2546 1778 2591 lectulum,

380 2626 417 2662 3.
449 2624 594 2661 Adesto
625 2635 723 2660 nunc
754 2628 789 2661 et
821 2625 975 2671 percipe
1187 2627 1224 2663 6.
1257 2625 1442 2661 Miserere
1471 2630 1682 2661 nostrarum
1715 2636 1881 2672 precum,

446 2680 566 2717 Voces
597 2685 817 2726 precantum
849 2681 1054 2727 supplices.
1257 2681 1433 2718 Placatus
1463 2685 1503 2717 ut
1535 2681 1707 2718 Christus
1738 2682 1814 2718 suis

447 2736 575 2773 Nostri
608 2742 734 2774 reatus
766 2736 902 2774 efficax
1259 2737 1419 2774 lnclinet
1448 2748 1574 2774 aurem
1607 2748 1827 2784 prosperam

446 2793 582 2830 Orator
613 2794 660 2830 ad
688 2794 862 2831 thronum
895 2794 1027 2840 patris.
1258 2794 1385 2831 Noxas
1416 2805 1484 2830 ncc
1514 2805 1642 2830 omnes
1672 2794 1843 2841 imputet.

448 2871 569 2901 Diurn.
589 2883 649 2902 ms.
668 2872 969 2910 (latalauncnscffl
990 2882 1078 2904 saec.
1100 2871 1151 2905 15.
1193 2872 1273 2903 Cod.
1294 2873 1441 2903 Par-isin.
1464 2870 1558 2903 1069.
1577 2890 1621 2895 --
1639 2872 1669 2910 6,
1686 2872 1707 2905 4
1726 2874 1910 2914 Noxasque

355 2925 474 2945 omncs
500 2921 655 2957 amputet
680 2919 740 2948 Hs.
