1914 3223
795 172 844 176 -
905 149 986 188 :365

181 269 247 306 24.
279 266 318 304 Si
347 268 434 313 post
460 274 589 312 ¹‹Jreyes
618 263 814 301 sodalium

177 777 243 813 25.

172 1511 239 1548 26.

173 2246 238 2285 27.

278 323 451 360 Tuorum
482 327 519 357 te
549 320 753 358 amantium

334 378 453 416 Abire
484 387 542 414 me
574 376 788 424 contigerit,

277 435 326 472 Et
359 435 561 471 sollicitum
593 433 758 470 studium

277 491 490 537 Quaerendi
521 496 558 526 to
588 501 657 536 per
688 488 838 525 devium

334 548 432 585 Mihi
462 547 555 584 nihil
587 544 787 593 profuerit,

1094 263 1200 300 Tunc
1236 273 1337 299 mors
1369 273 1427 298 me
1459 263 1592 298 iterum
1625 261 1726 311 ferit,

1095 320 1142 356 Et
1175 320 1280 365 quasi
1312 329 1370 355 me
1401 330 1487 366 spes
1521 319 1675 366 deserit,

1152 378 1241 411 t'um
1270 387 1394 412 rarum
1419 375 1467 412 sit
1490 375 1726 412 excambium

1095 430 1243 478 Gregi's,
1275 433 1337 478 qui
1369 437 1519 469 terrena
1552 431 1653 479 terit,

1095 490 1154 525 Ad
1192 500 1286 531 cum,
1320 489 1381 535 qui
1414 489 1493 525 eius
1525 489 1622 535 gerit

1153 547 1303 590 suram,
1337 551 1527 591 pastorem
1558 545 1696 583 ovium.

681 680 850 718 Filius
869 680 949 718 -ad
991 687 1209 720 matrem.

276 774 331 819 Si,
364 786 384 809 0
409 772 588 820 pulchra,
621 774 654 809 te
683 771 841 819 ignoras

278 830 346 868 Vel
378 835 414 866 te
445 828 581 873 nescis,
613 829 711 865 iuste
740 828 870 874 ploras

332 885 550 932 Affligendo
581 890 619 921 te
648 884 811 933 fletibus,

276 943 350 981 Sed
384 951 420 979 tc
452 943 573 978 scions
606 947 640 977 et
672 952 731 977 me
762 952 868 978 roras

277 1000 403 1037 Genas
435 1006 546 1045 atquc
579 999 774 1035 decoloras

333 1057 493 1093 Frustra
523 1055 638 1091 tantis
672 1054 887 1101 doloribus;

274 1115 335 1152 Ad
369 1113 439 1150 hoc
468 1112 542 1148 tuis
572 1111 751 1148 uberibus

274 1171 347 1208 Fui
378 1171 540 1206 lactatus
572 1168 758 1215 dulcibus,

333 1226 385 1265 Ut
416 1225 556 1263 exirem
588 1225 690 1272 pugil
724 1223 825 1261 foras

276 1284 349 1320 Pro
377 1281 570 1319 salvandis
602 1281 816 1318 hominibus

272 1339 486 1377 Tormentis
517 1338 783 1385 mediantibus,

329 1396 471 1442 Quibus
493 1396 565 1432 iam
584 1393 749 1431 feceram
767 1405 905 1433 moras.

271 1509 382 1546 Inter
409 1508 588 1546 mulieres
619 1518 707 1545 vere

273 1566 361 1603 Sola
391 1571 499 1612 potes
530 1565 730 1612 percipere

330 1623 485 1660 Secreta
515 1633 596 1658 mea
627 1632 753 1670 opera,

273 1679 363 1717 Cum
396 1690 494 1717 nova
526 1680 610 1716 volo
641 1677 779 1724 facere,

270 1736 471 1782 Nunquam
505 1736 610 1773 dico:
644 1736 837 1786 egredere,

329 1793 418 1829 Vel:
453 1793 513 1829 exi
543 1803 626 1829 mea
657 1802 827 1837 camera3

271 1849 346 1887 Sed
378 1850 408 1885 si
440 1853 479 1885 tu
511 1860 613 1886 esses
643 1850 777 1897 altera,

271 1905 454 1944 Nesciens
485 1911 534 1949 te,
562 1906 700 1942 itinera

329 1963 415 2000 Tibi
448 1973 595 2009 possem
626 1963 828 1999 ostendere

270 2019 464 2058 Dicendo:
497 2030 519 2055 o
550 2030 749 2066 puerpera,

270 2076 463 2124 Eyreclere
495 2082 531 2112 et
562 2086 740 2123 propera,

328 2133 379 2171 Ut
413 2133 536 2170 discas
566 2139 604 2169 te
636 2143 874 2179 cognoscere.

269 2246 322 2283 Et
351 2246 414 2282 abi
441 2248 530 2293 post
562 2246 719 2293 νεείἰῃὶα

270 2301 452 2350 Greyum,
485 2303 548 2349 qui
579 2303 616 2340 in
648 2303 749 2339 omni
779 2303 841 2340 via
901 2344 904 2348 ,

331 2360 425 2396 Sunt
466 2360 629 2406 dispersi
660 2370 718 2395 me
751 2364 904 2406 pastore

272 2416 431 2453 Tradito
462 2417 511 2453 ad
540 2416 738 2466 supplicia,

271 2472 323 2511 Ut
353 2473 393 2523 in
422 2484 489 2510 sua
519 2475 691 2518 angustia

328 2530 509 2568 Carentes
541 2530 777 2567 consolatore

272 2585 470 2624 Confortes
502 2592 539 2623 et
569 2587 606 2623 in
637 2596 764 2623 amore

273 2643 456 2685 Adiuves,
489 2643 608 2680 donec
639 2643 780 2680 maiore

329 2699 553 2736 Fulciantur
582 2700 738 2745 laetitia,

273 2755 381 2802 Quod
412 2756 485 2792 erit
513 2766 596 2793 meo
627 2756 758 2793 labore

271 2811 413 2861 Finito,
444 2822 502 2849 me
533 2823 615 2849 cum
649 2812 790 2849 honore

331 2868 564 2916 Resurgente
595 2873 630 2905 et
659 2869 792 2916 gloria.

992 770 1059 809 28.

990 1538 1057 1576 29.

988 2247 1054 2285 30.

1090 770 1217 816 Atque
1240 781 1360 817 pasce
1389 771 1528 808 hoedos
1558 774 1658 816 tuos,

1091 827 1148 864 De
1177 832 1302 863 cetero
1332 828 1505 864 assiduos

1147 884 1201 921 Te
1223 889 1411 930 tamquam
1435 890 1593 920 matrem
1610 893 1724 930 quae-

1450 951 1547 989 rere,

1089 998 1188 1044 Quos
1221 995 1430 1034 foetoribus
1461 996 1595 1034 affluos

1091 1056 1122 1090 A
1157 1064 1214 1090 me
1246 1058 1434 1100 tamquam
1465 1054 1690 1099 incongruos

1148 1110 1323 1147 Solebam
1354 1111 1485 1157 procul
1518 1111 1682 1157 pellere3

1090 1167 1170 1204 Hos
1201 1167 1373 1204 nolebam
1406 1167 1578 1213 aspicere

1089 1226 1189 1261 Ante
1220 1228 1377 1261 mortem
1408 1235 1477 1260 nec
1507 1230 1663 1270 tangere

1147 1280 1280 1318 Gratia
1311 1291 1393 1317 mea
1426 1291 1576 1325 vaCUOS‚

1088 1339 1188 1384 Quos
1219 1343 1369 1384 oportet
1400 1343 1437 1374 te
1469 1347 1626 1384 pascere

1089 1397 1215 1440 Atque
1245 1395 1292 1431 ad
1327 1404 1384 1430 me
1415 1395 1620 1440 adducere,

1146 1451 1185 1488 Si
1218 1455 1379 1498 purgent
1410 1456 1537 1487 reatus
1568 1461 1667 1490 suos,

1087 1536 1205 1574 quta
1236 1537 1395 1582 grandia
1427 1547 1593 1573 meorum

1087 1593 1121 1630 Τ
1122 1593 1356 1630 abet-nacula
1379 1597 1599 1640 pastorum,

1147 1651 1219 1696 Qui
1249 1650 1386 1686 debent
1417 1660 1505 1686 oves
1540 1660 1706 1697 pascere,

1089 1707 1227 1744 Pasces
1258 1717 1388 1754 greges
1421 1712 1663 1754 peccatorum

1087 1764 1213 1800 Morte
1244 1774 1326 1800 mea
1356 1765 1639 1810 redemptorum

1147 1821 1302 1858 Pietatis
1335 1831 1380 1856 ex
1410 1820 1540 1868 ubere,

1089 1878 1306 1925 Supposito‚
1339 1878 1439 1924 quod
1470 1875 1601 1923 fugere

1087 1935 1151 1971 Ad
1182 1939 1219 1970 te
1250 1935 1367 1970 velint
1399 1940 1435 1970 et
1467 1942 1621 1970 currere

1144 1990 1250 2028 Sicut
1279 2002 1369 2037 apes
1400 1991 1449 2027 ad
1480 1990 1555 2026 mel
1584 1988 1719 2026 florum

1087 2048 1137 2085 Et
1169 2059 1250 2084 meo
1281 2049 1361 2084 viso
1391 2047 1522 2084 labore

1088 2105 1319 2150 Semetipsos
1350 2105 1541 2150 corrigere

1145 2163 1218 2199 Per
1247 2162 1417 2198 levamen
1451 2161 1688 2198 delictorum.

1087 2246 1294 2292 Equitatui
1324 2247 1469 2293 gerenti

1085 2303 1175 2340 Meo
1206 2314 1264 2339 me
1296 2309 1333 2340 et
1366 2301 1553 2339 deferenti

1143 2360 1186 2397 In
1218 2360 1398 2396 mundum
1429 2371 1451 2396 a.
1480 2358 1717 2406 caelestibus,

1085 2417 1282 2463 Equitatui
1312 2416 1478 2453 trahenti

1087 2473 1186 2516 Meo,
1220 2473 1310 2510 mihi
1341 2472 1546 2510 adducenti

1142 2530 1292 2567 Merces
1324 2541 1346 2566 a
1376 2530 1504 2566 mundi
1537 2527 1688 2575 finibus,

1085 2585 1310 2624 Pharaonis
1340 2587 1382 2622 in
1414 2585 1590 2623 curribus

1087 2643 1160 2680 Seu
1191 2643 1370 2680 subiectis
1403 2642 1622 2689 corporibus

1143 2700 1239 2737 Olim
1273 2699 1371 2736 hosti
1402 2698 1569 2747 furienti,

1085 2756 1313 2794 Assimilavi
1343 2756 1499 2802 paribus

1086 2814 1129 2851 In
1163 2813 1231 2850 hoc
1262 2812 1544 2850 conditionibus

1142 2870 1196 2908 Te
1226 2870 1439 2906 medentem
1470 2870 1571 2906 omni
1602 2868 1716 2916 genti.
