2031 3289
337 429 400 465 55.

335 723 399 760 60.

333 1025 397 1062 65.

336 1318 398 1355 70.

336 1898 401 1933 ss».

334 2464 398 2500 90.

333 2748 397 2783 95,

948 217 999 223 —-
1060 190 1079 230 1

435 308 710 355 Suggessissem
743 307 998 346 condolendo:

492 365 595 412 virgo
626 369 758 411 mater,
791 364 879 400 audi
908 375 979 411 me,

433 426 652 472 Benedicta,
685 426 774 473 quid
806 426 966 474 vexaris,

489 483 577 529 quid
605 482 671 519 fles
702 482 966 519 amarissime?

432 545 553 582 Natus
579 550 662 582 tuus
684 544 757 591 hic,
789 555 896 590 quem
920 545 1061 593 ploraS,

488 601 569 648 ipse
601 605 657 638 est
686 612 753 638 rex
783 601 937 648 gloriae,

433 664 632 701 Moriendo
663 667 819 700 mortem
853 668 1019 701 nostram

487 720 680 767 superavit
712 720 837 759 hodie.

434 784 512 820 Iam
554 793 651 819 nunc
686 782 756 819 init
787 793 869 819 cum
900 787 1061 830 tyranno

489 843 679 876 certamen
710 838 894 888 mirabile,

432 903 474 938 In
507 913 578 948 quo
609 901 691 938 iura
723 901 979 939 dissolvantur

489 958 637 994 virtutis
668 956 897 1005 mortiferae,

431 1021 481 1059 Ut
514 1020 653 1067 captivi
684 1020 892 1057 educantur

487 1088 530 1113 ex
562 1075 702 1113 inferni
734 1087 896 1115 carcere.

430 1138 571 1185 Quibus
602 1139 695 1176 actis
726 1150 811 1175 mox
843 1144 1012 1186 resurget

484 1196 803 1243 victoriosissime,

430 1259 525 1295 Nam
566 1257 613 1293 ab
645 1258 728 1304 ipso
765 1263 898 1306 portae
929 1259 1060 1295 mortis

489 1314 672 1351 contritae
703 1320 788 1351 sunt
820 1314 978 1353 ferreae.

429 1377 576 1414 (laudet
610 1377 735 1413 Adam
767 1377 846 1414 viso
877 1378 933 1414 sui

487 1434 737 1479 redemptoris
767 1434 919 1480 lumine,

430 1496 692 1533 lexim-bantur
726 1501 758 1532 et
791 1500 999 1545 pavescunt

486 1551 691 1589 infernales
723 1552 857 1598 furiae,

393 1642 398 1647 .
434 1613 520 1655 lpse
551 1609 728 1656 prinecps
759 1610 997 1646 tenebrarum

490 1665 577 1702 forti
610 1667 756 1703 vinctus
789 1666 969 1713 compede

433 1724 616 1759 Damnum
651 1734 757 1759 suum
788 1724 1017 1760 lamentatur

488 1779 802 1826 inrecuperabile,

432 1836 527 1883 Quia
543 1837 682 1883 perdit,
708 1847 799 1883 quos
818 1847 858 1873 se
874 1847 1062 1883 nunquam

490 1893 645 1929 timebat
678 1893 863 1931 amittere.

433 1951 538 1986 Tunc
569 1950 616 1986 ad
648 1950 782 1996 ipsum,
825 1961 896 1996 quo
929 1950 1064 1986 devoto

488 2005 675 2043 fruebaris
708 2006 854 2049 comite,

431 2063 500 2109 Qui
532 2064 711 2100 haerebat
743 2063 813 2099 tibi
844 2075 958 2110 sagax

489 2125 527 2156 ut
561 2120 732 2157 minister
764 2120 948 2165 dominae,

390 2208 398 2216 .
438 2178 496 2215 Ad
529 2177 732 2214 Iohannem
763 2177 967 2223 gratiosum

489 2234 582 2271 haec
614 2244 802 2270 curassem
836 2234 959 2270 (licere

431 2292 501 2339 Ita,
534 2296 572 2327 ut
604 2301 662 2326 mc
693 2295 733 2326 tu
764 2290 956 2328 audisses:

486 2348 577 2394 quid
609 2354 678 2388 est,
710 2347 937 2393 beatissime,

432 2408 533 2450 Quae
561 2405 653 2441 haec
685 2403 801 2440 virtus
830 2408 886 2439 est
908 2404 943 2439 in
967 2403 1061 2440 caeli

486 2460 669 2498 senatoris
701 2464 866 2507 pectore,

428 2519 517 2563 Quis
547 2517 700 2555 affectus
733 2517 883 2563 pietatis

486 2574 640 2619 virginis
672 2584 754 2610 cum
786 2572 959 2620 virgine?

431 2632 538 2667 llane
557 2629 760 2677 confortas,
779 2634 819 2666 ut
833 2641 905 2666 non
919 2630 1054 2677 ploret,

485 2692 521 2723 et
552 2688 666 2731 gemis
698 2692 772 2723 tam
804 2686 943 2724 anxie?

433 2744 549 2780 Dolor
581 2749 664 2780 tuus
697 2742 785 2780 facit
819 2744 896 2779 eius

486 2801 651 2837 dolorem
684 2810 900 2837 accrescere

433 2858 491 2903 l·]t,
524 2857 594 2893 nisi
627 2861 665 2893 tu
699 2868 833 2904 cesses,
865 2856 947 2902 ipsa

486 2914 611 2960 nequit
643 2925 682 2949 sc
713 2924 963 2959 compescere,

1087 189 1139 230 32

1152 363 1244 401 100.

1149 662 1242 700 105.

1148 957 1239 994 110.

1147 1257 1239 1294 115.

1148 1553 1244 1592 120.

1149 1837 1242 1874 125.

1151 2119 1243 2158 130.

1148 2402 1242 2441 135.

1147 2686 1239 2722 140.

1270 306 1364 352 Quia
1393 311 1523 343 natum
1554 317 1658 346 suum
1689 319 1816 346 carum

1335 362 1459 409 diligit
1488 366 1702 404 tenerrime.

1274 424 1391 460 Parce
1423 423 1508 471 sibi,
1540 437 1654 472 parce
1685 427 1768 476 tibi,

1330 480 1389 516 vir
1419 481 1698 529 gloriosissime,

1275 542 1432 579 Cessent
1461 542 1570 581 fletus
1599 545 1814 592 columbini,

1330 604 1476 636 cessent
1506 601 1627 638 luctus
1658 602 1819 648 aquilae.

1274 661 1492 698 Recordare
1523 664 1792 710 scripturarum

1333 720 1369 753 et
1401 719 1559 756 credens
1590 721 1780 768 intellege,

1272 781 1365 827 Quia
1395 781 1462 818 tali
1493 782 1693 828 oportebat

1329 837 1421 874 haec
1451 838 1601 884 impleri
1633 839 1778 877 ordine.

1272 899 1345 936 Hic
1359 904 1426 945 est,
1440 901 1502 946 qui
1515 910 1554 937 se
1565 905 1723 937 mortem
1736 901 1866 937 mortis

1328 966 1398 1002 per
1428 957 1649 1003 prophetam
1682 958 1800 995 Oseae

1274 1017 1323 1054 Et
1355 1016 1494 1054 inferni
1525 1022 1681 1056 mortem
1714 1026 1835 1066 vocat,

1331 1074 1363 1110 si
1393 1074 1531 1122 legisti,
1560 1077 1697 1114 recole.

1273 1139 1350 1175 Iam
1372 1137 1548 1183 antiquae
1570 1141 1868 1175 transmutantur

1326 1194 1417 1240 legis
1451 1195 1696 1242 ceremoniae,

1271 1257 1401 1302 Agnus
1433 1255 1504 1292 Dei
1536 1256 1726 1293 immolato

1327 1312 1427 1359 patri
1457 1323 1523 1349 suo
1555 1323 1713 1359 corpore

1294 1375 1560 1411 Holocaustum
1593 1385 1633 1411 se
1664 1385 1733 1421 pro
1764 1374 1871 1411 nobis

1328 1431 1465 1468 obtulit
1496 1431 1696 1478 placabile,

1270 1494 1419 1531 Docens
1450 1504 1599 1530 sensum
1630 1493 1840 1540 spiritalem

1333 1560 1400 1587 nos
1432 1549 1626 1596 praeferre
1656 1550 1789 1587 literae

1275 1606 1511 1645 Celebrando
1542 1607 1681 1653 paseha
1712 1607 1792 1643 sinc

1330 1663 1514 1722 fermento
1546 1664 1734 1710 nequitiae

1274 1721 1324 1758 Et
1355 1720 1545 1766 pascendo
1575 1731 1705 1757 sensus
1724 1724 1874 1757 nostros

1329 1777 1458 1814 azimis
1489 1777 1667 1816 iustitiae.

1276 1833 1447 1881 Sanguis,
1471 1834 1533 1880 qui
1555 1844 1636 1870 cum
1655 1844 1752 1880 aqua
1767 1832 1874 1871 fluxit

1329 1895 1419 1927 tunc
1449 1900 1494 1927 ex
1525 1891 1604 1927 eius
1633 1891 1765 1937 latere,

1278 1947 1356 1985 Nos
1386 1958 1454 1994 per
1485 1947 1563 1983 eius
1595 1947 1781 1993 passionis

1330 2003 1443 2041 fidem
1475 2015 1558 2040 cum
1589 2003 1818 2050 baptismate.

1273 2061 1454 2108 Designat
1487 2059 1741 2107 purificandos

1331 2118 1477 2164 peccati
1508 2117 1712 2164 prurigine.

1278 2175 1355 2211 Iam
1385 2174 1542 2211 latronis
1572 2173 1763 2220 positurus

1332 2231 1493 2268 animam
1524 2231 1561 2266 in
1593 2230 1721 2276 requie

1274 2288 1400 2325 Iustus
1431 2287 1544 2324 iudex
1574 2290 1691 2323 mutat
1720 2287 1839 2333 legem

1331 2345 1469 2391 prioris
1500 2343 1708 2380 sententiae

1275 2401 1550 2447 Cherubimque
1580 2400 1681 2436 iubet
1714 2404 1862 2436 ensem·

1331 2456 1541 2494 flammeum
1575 2457 1763 2503 deponere

1271 2514 1320 2551 Et
1350 2514 1400 2552 ad
1433 2517 1578 2561 gustum
1610 2513 1701 2560 ligni
1733 2513 1832 2549 vitae

1326 2571 1443 2618 lapsis
1474 2571 1571 2607 viam
1604 2569 1784 2616 pandere.

1272 2628 1349 2664 Iam
1382 2627 1554 2664 caelestis
1585 2626 1822 2673 gratulantur

1329 2689 1521 2721 senatores
1553 2684 1692 2730 curiae,

1271 2741 1448 2778 Caritatis
1479 2740 1666 2777 solidatur

1323 2798 1480 2834 libertas
1510 2801 1727 2843 perpetuae.

1269 2855 1349 2891 lIoc
1379 2857 1436 2890 cst
1467 2864 1566 2901 ergo,
1601 2853 1705 2899 virgo
1733 2855 1865 2896 mater,

1324 2909 1432 2947 sunus
1463 2910 1563 2946 istud
1596 2908 1770 2957 lugubre,
