1914 3223
688 237 739 243 -
797 212 878 254 :313
937 234 992 242 ——

548 383 628 420 831,
664 383 743 427 (353.)
778 383 835 418 De
860 381 1123 426 Virginitate.

534 490 564 527 O
595 487 686 526 felix
718 487 890 524 custodia

601 544 725 582 Floris
756 535 976 590 pudicitiae,

533 601 603 648 Qui
635 600 888 638 transscendit
918 600 998 637 lilia

604 657 775 695 Candore
806 656 1012 694 munditiae

535 715 745 761 Rosumque
776 712 982 761 fragrantia

602 771 766 818 Fertque
795 781 948 818 germen
979 769 1137 819 gratiae,

539 829 611 866 Pro
641 839 712 875 quo
745 828 888 865 donans
918 826 1041 864 omnia

603 884 727 922 Donat
759 883 922 921 fructum
953 883 1094 930 gloriae

603 941 685 987 His,
717 941 778 988 qui
811 939 1046 977 innocentiae

534 998 695 1036 Servant
726 997 943 1045 privilegia!

583 1187 664 1223 332.
699 1186 780 1229 (34.)
813 1186 870 1222 De
896 1185 1094 1222 Caritate.

535 1293 718 1331 Corrosus
749 1290 930 1339 affligitur

602 1350 707 1387 Intra
736 1359 775 1385 se
806 1348 864 1386 vir
893 1348 1054 1398 invidus,

601 1406 671 1452 Qui
702 1410 797 1455 aret,
829 1416 911 1442 cum
944 1404 1100 1443 floridus

534 1463 616 1510 Est,
648 1462 710 1509 qui
738 1463 770 1499 ei
796 1462 975 1510 iungitur,

533 1520 595 1565 Et,
628 1523 766 1566 quanto
797 1519 880 1565 plus
911 1519 1044 1555 nititur

598 1575 789 1613 Affectans
821 1579 855 1612 et
888 1576 1059 1625 cupidus,

599 1634 653 1672 Ut
683 1632 819 1670 florens
850 1633 911 1678 sit,
945 1631 1074 1669 aridus

534 1690 655 1727 Tanto
685 1689 769 1737 plus
800 1687 974 1728 efficitur.

532 1747 664 1793 Itaque

600 1803 782 1849 Suprema
811 1802 954 1840 iustitia

601 1859 709 1906 Viget
738 1859 775 1896 in
804 1859 960 1898 invidia.

556 2046 638 2084 33⁴3.
674 2048 754 2090 (35.)
788 2047 846 2084 De
873 2049 1104 2085 concordia.

278 2131 514 2168 Motetum
544 2131 600 2169 de
629 2136 801 2169 sancto
831 2132 1019 2179 spiritu
1050 2142 1202 2180 super
1234 2132 1390 2170 illud:

62 2187 114 2225 Et
143 2190 263 2234 quant
283 2188 346 2225 iou
366 2188 483 2225 remir
504 2188 572 2235 fon
603 2200 684 2227 cors
716 2188 750 2226 le
777 2189 856 2238 qai,
889 2189 1030 2226 cuius
1062 2194 1286 2227 tenuram
1317 2193 1456 2227 tenet
1488 2201 1611 2229 amor.

532 2302 562 2340 Ο
591 2313 701 2350 quam
732 2303 912 2340 sollennis
942 2303 1094 2353 legatio,

585 2359 665 2405 Qua
695 2364 810 2407 tuum,
842 2360 957 2408 Deus,
989 2359 1108 2398 filium

644 2416 885 2464 Unigenitum

643 2473 914 2521 Transmisisti,
948 2473 1121 2521 spiritum

643 2529 857 2577 spirantem
885 2530 1132 2578 paraclitum!

532 2585 645 2624 Cuius
675 2587 784 2625 radio

530 2642 598 2680 Pio
628 2654 695 2681 nos
726 2654 808 2681 cum
841 2643 918 2682 filio

698 2701 831 2752 visita,

699 2757 811 2795 Lucis
843 2759 932 2807 vita,

530 2812 714 2850 Mundum
742 2814 957 2853 illuminans

531 2869 589 2907 Ac
619 2871 805 2908 seminans

698 2928 783 2966 Vim
814 2929 965 2968 amoris.
