2031 3289
928 225 984 231 -
1044 203 1123 244 154
1179 227 1235 232 —
2003 222 2007 271 i

2003 291 2006 310 l

303 317 366 353 15-3.
399 317 456 353 Tu
486 321 609 354 autem
642 319 789 355 exsules
1116 319 1180 356 14.
1214 319 1367 355 Nullum
1396 319 1600 356 necessitas
2004 327 2007 365 ζ

458 371 578 411 factos
608 374 773 421 ingluvie
1268 378 1415 421 premat
1444 375 1608 421 inopiae,
2004 373 2007 415 Ῐ

404 430 476 467 Per
505 430 771 467 abstinentiam
1214 431 1289 469 Sed
1320 431 1369 467 sit
1400 430 1597 478 frugalitas
2005 446 2007 455 ¹

456 487 573 523 reduc
602 498 682 534 nOS,
715 487 888 536 Domine,
1268 486 1528 533 sufficientiae,

402 542 629 589 Nullumque
661 544 813 580 deseras
1215 544 1277 582 Sic
1309 548 1347 580 ut
1377 542 1552 581 sufficere

457 603 603 636 tuorum
634 600 798 646 inopem,
1270 596 1593 646 naturae'valeat,

400 655 470 701 Qui
502 657 616 693 vestis
646 656 765 693 lilium
1215 657 1297 693 Non
1329 657 1427 703 quod
1459 657 1638 694 lasciviae

458 716 495 749 et
525 713 648 759 pascis
678 724 894 760 pauperem.
1271 712 1475 750 fomentum
1506 713 1700 760 praebeat.

714 838 778 876 15.
811 838 972 875 Perenni
1003 837 1186 874 Domino⁴

865 904 1003 941 perpes
1033 895 1083 930 sit
1116 894 1248 941 gloria,

809 951 869 988 Ex
899 962 971 998 quo
1002 955 1101 997 sunt,
1133 961 1202 997 per
1222 961 1330 997 quem
1353 954 1450 1000 sunt,

864 1008 902 1044 in
933 1019 1005 1054 quo
1038 1010 1123 1044 sunt
1153 1007 1295 1044 omnia:

809 1064 869 1101 Ex
896 1074 969 1110 quo
1000 1067 1097 1114 sunt,
1130 1067 1240 1110 pater
1270 1067 1339 1113 est,

865 1131 935 1168 per
964 1131 1073 1167 quem
1104 1124 1205 1165 sunt,
1236 1119 1348 1168 filius,

811 1178 854 1214 In
885 1188 958 1224 quo
989 1180 1087 1225 sunt,
1119 1177 1240 1224 patris
1271 1181 1308 1212 et

869 1233 938 1271 filii
969 1234 1138 1280 spiritus.

395 1357 422 1387 B
448 1356 505 1388 fol.
530 1354 615 1387 842.
641 1373 683 1377 —
709 1357 736 1389 C
761 1357 819 1388 fol.
845 1354 953 1389 2431).
979 1375 1023 1378 —
1047 1354 1086 1395 3,
1114 1355 1129 1388 1
1156 1357 1331 1388 exsultant
1357 1358 1393 1389 C.
1419 1375 1462 1378 —
1487 1355 1520 1395 4,
1546 1354 1567 1387 3
1591 1356 1725 1388 adderit
1750 1358 1787 1388 B.
1813 1374 1855 1378 -—

303 1401 341 1438 5,
367 1400 387 1433 3
413 1405 580 1443 temperet
604 1403 638 1433 Β.
664 1420 707 1423 -
733 1401 769 1440 7,
800 1400 814 1433 1
842 1404 928 1442 Quis
954 1404 990 1434 B.
1026 1420 1059 1423 —
1086 1401 1120 1440 7,
1146 1400 1167 1433 2
1192 1406 1338 1443 quaerat
1362 1404 1399 1434 B.
1426 1420 1469 1424 d
1494 1401 1532 1443 7⁷
1557 1401 1577 1432 3
1603 1402 1705 1433 nudis
1730 1404 1774 1443 C;
1804 1402 1859 1433 vel

303 1447 415 1479 nudus
443 1449 574 1479 utinam
600 1448 638 1479 B.
670 1465 714 1469 —
748 1447 787 1485 7,
821 1447 842 1479 4
866 1448 923 1479 hic
948 1448 1084 1479 tandem
1111 1452 1211 1479 exeat
1235 1449 1272 1479 Β.
1298 1466 1341 1469 —
1367 1446 1404 1486 7,
1438 1447 1458 1479 5
1482 1449 1537 1480 vel
1564 1447 1675 1478 nudae
1700 1447 1859 1489 naufragi

304 1494 341 1525 C.
367 1510 411 1514 ——
437 1492 474 1531 7,
502 1493 522 1524 6
547 1493 729 1525 haerentes
755 1494 896 1526 tabulae
921 1496 957 1525 C.
984 1511 1026 1515 —-
1053 1492 1088 1531 7,
1114 1492 1134 1524 S
1161 1495 1315 1534 scirposo
1341 1494 1378 1525 C.
1406 1512 1445 1516 —-
1471 1492 1510 1531 8,
1535 1492 1555 1525 8
1582 1493 1729 1523 similem
1755 1494 1792 1524 C.
1817 1511 1860 1515 —

303 1538 334 1576 9,
363 1537 375 1568 1
402 1539 430 1569 O
455 1549 556 1579 quein
582 1550 662 1571 vere
679 1540 717 1570 B.
744 1556 785 1561 —
814 1538 864 1576 10,
891 1538 911 1571 8
937 1541 1117 1571 continues
1143 1539 1277 1580 eligunt
1293 1540 1331 1572 B.
1361 1556 1399 1559 —
1428 1536 1478 1579 11,
1503 1537 1524 1570 4
1553 1539 1659 1569 salem
1686 1539 1861 1579 refugiunt

304 1586 341 1615 C.
368 1600 410 1605 —
438 1582 488 1622 12,
513 1582 534 1615 4
554 1584 635 1616 fecit
652 1586 689 1616 B.
716 1604 753 1606 -—
786 1583 836 1624 12,
862 1583 882 1616 5
899 1585 953 1616 vel
973 1586 1107 1616 Cereris
1127 1587 1161 1616 B.
1189 1602 1233 1605 —
1260 1582 1310 1619 1⁶2,
1337 1582 1356 1615 6
1376 1584 1497 1625 templi
1515 1585 1551 1616 G.
1570 1601 1611 1606 -
1634 1582 1684 1621 12,
1710 1582 1730 1614 8
1748 1583 1859 1625 prodii

305 1630 342 1660 B.
369 1646 410 1650 —
438 1627 487 1665 13.
522 1627 544 1661 4
566 1630 668 1662 redde
693 1641 755 1661 nos
783 1632 818 1662 C.
844 1648 888 1651 ——
916 1628 966 1668 13,
996 1629 1016 1662 5
1041 1630 1183 1662 Nullum
1212 1631 1271 1672 qui
1297 1630 1333 1662 C.
1363 1648 1407 1652 -
1434 1627 1485 1668 14,
1511 1628 1532 1661 3
1555 1629 1728 1671 fragilitas
1754 1630 1792 1661 C.
1818 1647 1859 1651 —

306 1673 358 1713 14,
384 1674 404 1705 6
429 1678 553 1706 natura
579 1676 616 1707 C.

860 1864 931 1900 125.
967 1865 1048 1908 (15.)
1083 1864 1136 1900 Ad
1161 1865 1307 1901 Nonam.

307 1994 343 2034 1.
377 1992 540 2042 Septem,
574 2004 665 2039 quas
697 1993 888 2043 solvimus,
1120 1996 1157 2032 3.
1189 1994 1282 2031 Octo
1314 1992 1511 2030 conficitur

434 2049 577 2086 diurnis
608 2049 783 2087 laudibus
1245 2054 1375 2087 nostra
1406 2049 1629 2095 substantia,

375 2106 580 2143 Nocturnis
610 2107 753 2143 additis
1188 2108 1305 2154 Quam
1337 2107 1485 2144 demum
1519 2106 1670 2153 perficit

430 2166 514 2200 octo
545 2162 773 2211 perficimus,
1245 2167 1401 2201 octavae
1431 2163 1563 2211 gloria,

374 2219 432 2257 Ex
463 2219 597 2266 quibus
629 2225 806 2267 quattuor
1189 2222 1334 2267 Corpus
1366 2230 1411 2257 ex
1442 2223 1619 2266 quattuor
2012 2242 2013 2246 =

431 2276 579 2314 ascribe
610 2287 793 2324 vesperae
1247 2280 1420 2314 constare
1449 2276 1632 2326 novimus,

375 2333 426 2371 Et
456 2344 564 2371 mane
595 2337 772 2381 quattuor
1189 2334 1326 2372 Ornari
1356 2333 1512 2370 totidem

432 2390 605 2437 diemque
635 2390 788 2437 perfice.
1245 2394 1388 2427 mentes
1420 2390 1636 2428 virtutibus.

305 2527 343 2564 2.
375 2527 409 2563 A
441 2536 539 2564 nona
569 2536 766 2574 vesperam
1118 2529 1155 2567 4.
1188 2526 1288 2564 Hinc
1318 2530 1421 2563 recte
1450 2526 1592 2573 gratias

432 2583 570 2620 scimus
599 2583 780 2635 incipere,
1244 2583 1282 2620 in
1314 2587 1397 2620 octo
1428 2582 1602 2620 laudibus

379 2639 473 2677 Cum
504 2640 560 2677 sol
591 2651 631 2677 se
664 2640 832 2688 coeperit
1189 2641 1263 2678 Pro
1292 2639 1400 2676 nobis
1431 2639 1592 2677 Domino

435 2697 547 2733 terris
578 2697 811 2745 immergere,
1246 2697 1341 2734 solvi
1373 2697 1583 2743 statuimus,

378 2753 411 2790 Ε
444 2757 572 2791 contra
604 2758 707 2791 recte
736 2755 818 2801 quis
1190 2752 1391 2791 Defectum
1422 2753 1590 2799 corporis

434 2820 542 2847 mane
574 2810 762 2859 tribuerit,
1247 2810 1473 2857 praebentes
1503 2819 1697 2857 vesperae,

381 2867 469 2904 Post
502 2867 624 2904 noctis
655 2868 818 2905 medium
1189 2868 1303 2905 Mane
1333 2866 1532 2904 tribuimus

438 2934 519 2960 cum
551 2925 606 2961 sol
638 2925 844 2963 emerserit.
1247 2924 1411 2972 vigorem
1442 2923 1601 2963 animae.
