1914 3223
762 217 816 220 —
876 193 958 233 5:33
1017 214 1071 219 --

83 311 86 314 “
135 306 219 339 Cod.
246 307 501 338 Darmstadien.
529 304 591 338 521
621 308 665 338 H.
694 324 733 327 —
753 308 850 338 Miss.
877 317 939 337 ms.
961 306 1457 339 R011121120·Francisean.anni
1480 303 1576 336 1478.
1618 304 1700 335 Cod.

134 352 247 394 Capit.
273 352 459 384 Novarien.
486 352 567 384 XLI
583 350 686 390 (129).
706 353 721 384 I
739 370 781 373 —
802 353 899 384 Brev.
918 362 979 383 ηις.
1002 352 1066 383 FF.
1086 351 1356 383 Teutonicorum
1375 352 1457 382 anni
1479 347 1576 382 1498.
1618 349 1703 382 (jod.

133 398 212 429 Mus
238 397 378 429 Bohem.
405 398 474 429 XII
499 397 528 429 G
556 396 596 429 17
622 398 664 429 K.

229 441 258 480 1,
286 441 300 473 1
337 441 583 474 Collaudemus
608 441 840 484 Magdalenae
867 441 941 474 DE.
969 459 1010 463 —
1040 442 1066 479 l,
1093 440 1113 472 2
1139 442 1309 473 Lacrimis
1336 441 1361 472 I.
1388 458 1432 462 ——
1461 440 1488 480 l,
1513 439 1534 473 3
1559 441 1636 473 lade
1663 443 1699 473 Β.

135 505 172 509 -
205 487 233 526 1,
252 486 272 518 5
298 487 344 519 Et
362 488 547 519 concordet
567 488 764 520 BCDFGH.
788 505 825 508 --
844 484 875 521 2.
894 485 914 518 5
933 488 1071 519 Crimen
1091 487 1137 525 Α,
1165 488 1249 518 texit
1268 487 1324 518 BI.
1343 505 1383 509 —
1403 484 1433 523 2,
1453 485 1473 518 6
1494 487 1700 522 Lavacrum.

133 533 225 574 quod
252 535 378 565 meruit
403 534 440 564 B.
465 550 509 555 —
542 530 572 570 3,
600 530 621 564 2
653 534 743 564 Rivo
778 533 882 564 fontis
917 533 1099 564 immaduit
1124 533 1150 563 1.
1176 550 1220 553 -—
1244 530 1275 570 3,
1301 531 1322 563 3
1349 532 1462 563 fundit
1488 533 1524 563 A.
1555 549 1594 553 -
1620 530 1652 571 3,
1677 531 1698 564 6

133 578 277 611 Caelum
310 581 404 610 terra
439 578 516 617 CG3
553 578 697 610 Caelum
731 580 842 609 terrae
874 578 918 617 F;
954 579 1062 609 Terra
1095 577 1191 609 caelo
1218 579 1255 608 Β.
1281 595 1325 599 —
1353 574 1386 616 4,
1415 576 1436 607 3
1461 577 1508 608 Et
1532 578 1701 619 unguenti

133 623 206 656 AF.
231 641 275 646 ——
306 622 339 662 4,
365 622 385 655 5
412 623 591 665 Spiritalis
624 624 786 655 unctione¹
813 623 838 654 1.
865 640 908 644 —-
936 621 968 660 4,
995 625 1014 654 6
1041 624 1154 665 Aegra
1179 624 1279 654 unxit
1304 623 1341 654 F.
1367 639 1411 644 ἡ
1438 621 1468 661 5,
1496 622 1516 654 2
1542 624 1702 663 Spiritali

132 670 246 711 gratia
279 670 306 701 Ι.
332 686 376 690 -
408 666 438 709 5,
464 666 486 700 3
518 668 608 700 hanc
632 668 755 700 dilexit
780 669 805 700 Ι.
835 685 876 689 -
901 666 932 707 5,
959 667 979 699 5
1006 669 1166 700 Christus
1193 668 1219 698 1.
1245 685 1288 689 ——
1315 666 1345 706 6,
1371 666 1391 699 2
1417 668 1574 710 paschali
1601 668 1699 701 BCF.

133 730 173 736 —
193 712 224 753 6,
243 712 264 746 ὃ
281 716 401 757 Agnus
420 718 530 746 morte
547 717 681 756 pugnat
698 715 732 753 13
758 714 904 755 Agimus
923 718 1035 745 mente
1055 715 1090 745 F.
1111 730 1155 735 ——
1172 710 1203 751 6,
1223 712 1242 743 6
1261 714 1388 745 Ferens
1407 715 1527 745 mortis
1547 715 1702 755 praemia

133 761 172 794 C.
207 778 251 782 —
285 761 352 793 Str.
385 758 406 791 5
440 759 510 791 und
543 761 563 790 6
598 759 730 794 fehlen:
764 769 809 790 an
846 758 913 791 Str.
949 758 971 790 4
999 758 1156 790 schliesst
1181 758 1254 789 sicli
1281 759 1369 790 (hue
1396 758 1702 799 Uuterbrechung:

133 805 343 838 Aestimavit
370 805 592 837 hortulanum
618 809 681 837 eto.
708 805 748 837 G.
1670 800 1675 801 ⁷

480 983 561 1020 364.
599 984 656 1024 (2.)
691 984 749 1019 De
776 982 920 1019 sancta
945 983 1077 1018 Maria.
1102 983 1358 1026 Magdalena.

772 1042 825 1074 Ad
851 1043 1080 1075 Nocturnum.

136 1137 171 1174 1.
220 1135 451 1173 Aestimavit
481 1134 722 1172 hortulanum
956 1136 994 1172 4.
1040 1135 1129 1172 Iesu
1159 1134 1268 1180 bone,
1307 1135 1394 1171 Iesu
1424 1133 1498 1180 pie,

277 1192 326 1229 Et
358 1193 430 1229 hoc
460 1201 551 1228 sane
582 1190 761 1238 credidit,
1098 1190 1197 1236 Quid
1232 1194 1269 1227 te
1300 1195 1516 1227 monstrans
1545 1188 1703 1226 latitas?

223 1248 443 1298 Seminabat
474 1248 571 1285 enim
603 1259 774 1297 granum,
1040 1248 1139 1295 Quid
1170 1247 1339 1285 occultas
1370 1251 1408 1283 te
1438 1246 1599 1294 Mariae,

276 1305 383 1352 Quod
424 1305 463 1342 in
494 1309 656 1342 mentem
689 1304 840 1350 cecidit,
1099 1304 1268 1342 Mentem
1302 1304 1405 1342 cuius
1438 1303 1619 1340 habitas?

221 1362 407 1409 Linguam
430 1362 547 1398 movit
568 1365 605 1398 et
627 1372 700 1398 non
719 1372 881 1410 manum,
1043 1361 1150 1398 Intus
1180 1361 1295 1407 plena
1326 1371 1416 1397 vero
1445 1360 1507 1396 die

274 1419 422 1467 Lingua
452 1419 576 1456 Iesum
606 1418 759 1456 indidit.
1099 1417 1245 1465 Nescit,
1275 1417 1341 1454 ubi
1373 1417 1527 1455 veritas.

134 1521 170 1559 2.
216 1519 301 1557 Non
333 1521 486 1567 agnovit
515 1520 665 1567 figurali
954 1523 990 1560 5.
1039 1520 1068 1558 Ο
1101 1531 1212 1566 quam
1244 1519 1338 1556 mire
1369 1520 1456 1556 Iesu
1486 1518 1600 1567 ludis,

274 1576 474 1614 Latentem
505 1577 682 1625 imagine,
1093 1577 1129 1614 A
1160 1576 1296 1623 quibus
1330 1575 1521 1623 diligeris!

217 1633 358 1670 Mentis
388 1645 520 1681 agrum
551 1633 716 1680 spiritali
1039 1633 1199 1679 Quando
1229 1633 1344 1679 ludis,
1376 1643 1451 1669 non
1482 1631 1626 1674 illudis,

273 1690 522 1728 Excolentem
551 1690 707 1733 semine,
1097 1690 1178 1727 Nec
1210 1688 1312 1727 fallis
1344 1699 1414 1726 nec
1446 1687 1604 1733 falleris,

219 1747 295 1785 Sed
327 1757 410 1784 cum
442 1757 522 1784 eam
555 1747 713 1795 speciali
1040 1746 1103 1784 Sic
1134 1746 1312 1792 includis,
1342 1746 1443 1792 quod
1476 1745 1658 1790 excludis,

274 1803 499 1851 Designavit
526 1804 689 1841 nomine.
1097 1802 1218 1840 Notus
1254 1813 1328 1840 non
1359 1801 1587 1849 agnosceris.

140 1906 174 1942 3.
224 1905 329 1942 Haec
361 1917 381 1942 a
413 1906 500 1942 Iesu
531 1905 655 1941 Iesum
687 1904 848 1952 quaerit,
959 1907 996 1943 6.
1044 1904 1177 1942 Gloria.
1208 1907 1245 1941 et
1275 1904 1395 1941 honor
1424 1903 1508 1952 tibi,

274 1961 471 1999 Sublatam
504 1961 760 2011 conqueritur,
1100 1961 1208 2010 Spes,
1240 1962 1329 2011 vita,
1364 1961 1429 1997 lux
1460 1960 1620 2007 animae,

221 2019 345 2055 Iesum
376 2019 477 2055 intus
508 2022 633 2055 mente
664 2019 773 2066 gerit,
1045 2018 1117 2055 Per
1148 2028 1257 2064 quem
1290 2022 1420 2064 sperat
1450 2027 1490 2054 se
1516 2015 1707 2063 proscribi

280 2075 386 2112 Iesus
416 2085 597 2122 praesens
629 2075 836 2122 quaeritur,
1099 2074 1217 2112 Libro
1248 2074 1380 2111 mortis
1412 2074 1621 2121 pessimae3

223 2132 390 2169 Mentem
423 2132 526 2179 colit,
558 2136 721 2168 mentem
753 2131 847 2168 serit
1043 2132 1243 2169 Praestent
1275 2131 1347 2168 sibi
1378 2142 1445 2168 nos
1477 2129 1664 2167 conscribi

275 2189 393 2232 Iesus,
426 2199 495 2225 nec
525 2189 749 2235 percipitur.
1098 2188 1330 2225 Peccatricis
1361 2187 1553 2224 lacrimae.

227 2288 371 2320 Collect.
405 2298 467 2319 ms.
502 2288 669 2320 Pratense
701 2287 758 2325 (ol.
791 2288 1081 2328 Cirencestren.?)
1113 2298 1202 2320 saec.
1238 2285 1289 2320 13.
1323 2298 1376 2319 ex.
1434 2287 1517 2319 Cod.
1551 2287 1703 2318 Parisin.

134 2331 264 2365 11867.
290 2334 331 2364 Α.
358 2350 402 2355 -
428 2333 571 2365 Collect.
598 2344 660 2364 ms.
686 2333 847 2365 Italicum
874 2343 964 2365 saec.
994 2331 1045 2365 14.
1072 2335 1118 2365 in.
1161 2333 1244 2366 Cod.
1263 2334 1424 2365 Rossian.
1451 2332 1501 2363 IX
1527 2329 1581 2364 43.
1600 2333 1640 2364 B.
1658 2349 1703 2353 -—

132 2380 235 2411 Brev.
263 2389 324 2410 ms.
350 2379 416 2410 FF.
443 2379 714 2410 Teutonicorum
741 2389 830 2410 saec.
858 2376 910 2410 14.
961 2378 1045 2411 eod.
1073 2378 1448 2420 Claustroueoburgen.
1478 2376 1573 2410 1196.
1600 2378 1638 2410 C.
1659 2394 1704 2398 —

132 2426 234 2456 Brev.
261 2435 323 2456 ms.
351 2424 641 2466 Cantabrigiense
666 2433 755 2455 saec.
783 2422 835 2455 15.
878 2424 961 2456 Cod.
981 2426 1135 2456 Duaeen.
1166 2422 1238 2456 167.
1265 2425 1305 2455 D.
1325 2440 1367 2445 —-
1385 2424 1510 2455 Diurn.
1531 2427 1564 2455 et
1585 2423 1701 2464 hymn.

135 2480 198 2501 ms.
225 2469 441 2502 Benedictin.
468 2471 602 2501 briecio.
629 2479 719 2501 saec.
747 2467 798 2501 15.
843 2469 926 2502 Cod.
953 2470 1120 2511 Upsalen.
1147 2471 1173 2501 C
1198 2467 1275 2500 477.
1302 2469 1344 2501 E.
1370 2486 1413 2491 —
1438 2469 1539 2500 Brev.
1564 2469 1703 2500 Emme-

133 2525 291 2547 ramense
328 2525 417 2547 saec.
454 2513 504 2546 15.
541 2515 626 2546 Clm.
659 2515 843 2547 Monacen.
882 2513 1008 2549 14757.
1043 2516 1078 2546 F.
1113 2532 1158 2536 —
1191 2516 1286 2547 Orat.
1313 2525 1375 2545 ms.
1401 2515 1592 2555 campense
1618 2514 1703 2545 anni

137 2558 234 2592 1462.
276 2560 360 2593 Cod.
387 2560 644 2592 Darmstadien.
665 2557 742 2591 521.
760 2560 799 2592 G.
821 2578 862 2582 --
882 2562 984 2592 Brev.
1003 2561 1069 2593 FF.
1087 2561 1358 2592 Teutonicorum
1377 2560 1460 2591 anni
1483 2556 1568 2590 1498
1620 2559 1704 2591 Cod.

132 2607 222 2637 Mus.
249 2606 391 2637 Bohem.
421 2606 490 2637 XII
516 2606 545 2638 G
573 2603 624 2637 17.
650 2606 694 2637 H.

228 2649 255 2688 1,
281 2648 302 2683 3
327 2651 523 2682 Seminavit
546 2651 588 2683 E.
615 2667 657 2671 —
687 2648 714 2689 l,
741 2649 761 2683 5
787 2652 961 2693 Linguam
987 2652 1086 2682 novit
1110 2651 1182 2682 AB.
1209 2668 1249 2673 —
1270 2650 1335 2681 Str.
1365 2648 1385 2681 2
1410 2649 1497 2681 fehlt-
1515 2650 1552 2680 F.
1572 2665 1613 2670 —
1631 2647 1662 2688 2,
1686 2648 1700 2681 l

133 2696 221 2728 Nam
248 2697 392 2738 agnovit
416 2696 457 2728 G.
484 2713 525 2718 —
555 2695 586 2735 2,
612 2694 632 2727 5
658 2706 707 2737 sq.
734 2696 933 2739 designavit
960 2695 1105 2738 speciali
1130 2695 1171 2727 E.
1199 2713 1241 2717 -
1267 2693 1298 2733 3,
1327 2694 1341 2727 1
1370 2696 1437 2727 Hic
1461 2705 1480 2726 a
1498 2695 1578 2726 Iesu
1597 2694 1637 2727 G.
1658 2712 1702 2716 —

131 2739 171 2779 3,
204 2739 223 2773 6
256 2752 326 2773 non
359 2743 568 2783 perspicitur
598 2742 636 2773 F.
669 2759 710 2764 —
744 2741 786 2781 4,
821 2740 836 2773 1
870 2740 967 2777 Iesu,
1003 2739 1102 2779 Iesu,
1135 2741 1215 2772 Iesu
1249 2742 1304 2782 pie
1338 2743 1374 2772 Β.
1407 2757 1452 2762 —-
1483 2739 1520 2773 4,
1555 2737 1575 2770 2
1610 2740 1701 2779 Quid

132 2787 375 2818 demonstrans
408 2787 528 2818 latitas
559 2787 600 2818 A.
635 2805 674 2809 -
708 2786 741 2825 4,
766 2785 788 2818 4
812 2788 929 2819 Mente
956 2787 1055 2817 cuius
1080 2785 1152 2818 BG.
1178 2804 1220 2808 —
1247 2785 1278 2823 5,
1307 2784 1321 2817 1
1349 2787 1428 2818 Iesu
1453 2785 1567 2816 laudis
1593 2786 1632 2817 C.
1660 2802 1702 2807 ——

132 2830 163 2870 5,
188 2830 209 2863 3
242 2842 304 2864 nec
338 2832 458 2864 illudis
484 2833 520 2864 F.
547 2850 589 2853 —
616 2831 647 2870 5,
676 2831 696 2864 5
722 2833 788 2865 Sed
817 2832 966 2864 includis
993 2832 1039 2871 A,
1074 2841 1137 2862 nec
1161 2831 1317 2863 excludis
1343 2832 1388 2870 F;
1414 2832 1488 2863 Iam
1513 2832 1643 2863 amanti
1668 2834 1702 2862 te

133 2877 288 2909 excludis
321 2877 362 2908 E.
396 2893 439 2899 —
472 2876 502 2914 6,
531 2876 546 2908 1
574 2881 607 2909 et
633 2878 744 2909 honor
770 2877 903 2910 Christi
929 2877 965 2908 F.
992 2893 1036 2897 —-
1061 2874 1091 2914 6,
1118 2873 1138 2906 2
1164 2877 1252 2919 Spes
1277 2877 1371 2908 vitae
1395 2877 1436 2910 G.
1463 2893 1505 2897 —
1530 2874 1560 2913 6,
1587 2874 1608 2907 3
1632 2876 1699 2908 I’er

133 2932 236 2964 quam
262 2922 334 2954 BE.
360 2940 404 2944 —
429 2922 461 2961 6,
485 2922 507 2954 4
532 2924 653 2954 mortis
679 2924 803 2954 anxiae
830 2923 867 2953 F.
