<?xml version="1.0" encoding="UTF-8"?>
<!DOCTYPE html PUBLIC "-//W3C//DTD XHTML 1.0 Transitional//EN"
    "http://www.w3.org/TR/xhtml1/DTD/xhtml1-transitional.dtd">
<html xmlns="http://www.w3.org/1999/xhtml" xml:lang="en" lang="en">
 <head>
  <title>
</title>
<meta http-equiv="Content-Type" content="text/html;charset=utf-8" />
  <meta name='ocr-system' content='tesseract 3.04.00' />
  <meta name='ocr-capabilities' content='ocr_page ocr_carea ocr_par ocr_line ocrx_word'/>
</head>
<body>
  <div class='ocr_page' id='page_1' title='image "./hymnographilatin01drevuoft_0510.png"; bbox 0 0 2031 3289; ppageno 0'>
   <div class='ocr_carea' id='block_1_1' title="bbox 0 830 23 1379">
    <p class='ocr_par' dir='ltr' id='par_1_1' title="bbox 0 830 23 1379">
     <span class='ocr_line' id='line_1_1' title="bbox 0 830 23 1379; baseline 0 1910"><span class='ocrx_word' id='word_1_1' title='bbox 0 830 23 1379; x_wconf 95' lang='lat' dir='ltr'> </span> 
     </span>
    </p>
   </div>
   <div class='ocr_carea' id='block_1_2' title="bbox 984 197 1286 236">
    <p class='ocr_par' dir='ltr' id='par_1_2' title="bbox 984 197 1286 236">
     <span class='ocr_line' id='line_1_2' title="bbox 984 197 1286 236; baseline 0 0"><span class='ocrx_word' id='word_1_2' title='bbox 984 219 1034 222; x_wconf 96' lang='lat'><strong>—</strong></span> <span class='ocrx_word' id='word_1_3' title='bbox 1095 197 1177 236; x_wconf 77' lang='lat'>504</span> <span class='ocrx_word' id='word_1_4' title='bbox 1238 221 1286 224; x_wconf 83' lang='lat'>—</span> 
     </span>
    </p>
   </div>
   <div class='ocr_carea' id='block_1_3' title="bbox 404 308 1063 515">
    <p class='ocr_par' dir='ltr' id='par_1_3' title="bbox 404 308 1063 515">
     <span class='ocr_line' id='line_1_3' title="bbox 404 308 1018 355; baseline -0.002 -9"><span class='ocrx_word' id='word_1_5' title='bbox 404 309 441 346; x_wconf 85' lang='lat'>7.</span> <span class='ocrx_word' id='word_1_6' title='bbox 473 308 569 345; x_wconf 85' lang='lat' dir='ltr'>Nam</span> <span class='ocrx_word' id='word_1_7' title='bbox 601 308 787 346; x_wconf 87' lang='lat' dir='ltr'>instanter</span> <span class='ocrx_word' id='word_1_8' title='bbox 817 308 1018 355; x_wconf 87' lang='lat' dir='ltr'>confligere</span> 
     </span>
     <span class='ocr_line' id='line_1_4' title="bbox 472 364 944 414; baseline -0.002 -12"><span class='ocrx_word' id='word_1_9' title='bbox 472 364 563 402; x_wconf 89' lang='lat' dir='ltr'>Cum</span> <span class='ocrx_word' id='word_1_10' title='bbox 595 364 757 401; x_wconf 86' lang='lat' dir='ltr'>inimicis</span> <span class='ocrx_word' id='word_1_11' title='bbox 787 365 944 414; x_wconf 81' lang='lat' dir='ltr'>animae,</span> 
     </span>
     <span class='ocr_line' id='line_1_5' title="bbox 471 420 1063 466; baseline 0 -8"><span class='ocrx_word' id='word_1_12' title='bbox 471 420 606 466; x_wconf 84' lang='lat' dir='ltr'>Carne,</span> <span class='ocrx_word' id='word_1_13' title='bbox 638 421 778 458; x_wconf 88' lang='lat' dir='ltr'>mundo</span> <span class='ocrx_word' id='word_1_14' title='bbox 809 431 852 457; x_wconf 86' lang='lat' dir='ltr'>ac</span> <span class='ocrx_word' id='word_1_15' title='bbox 882 422 1063 458; x_wconf 85' lang='lat' dir='ltr'>daemone</span> 
     </span>
     <span class='ocr_line' id='line_1_6' title="bbox 470 476 1019 515; baseline 0.002 -1"><span class='ocrx_word' id='word_1_16' title='bbox 470 476 580 514; x_wconf 85' lang='lat' dir='ltr'>Nunc</span> <span class='ocrx_word' id='word_1_17' title='bbox 611 481 729 514; x_wconf 90' lang='lat' dir='ltr'>totum</span> <span class='ocrx_word' id='word_1_18' title='bbox 761 477 849 513; x_wconf 90' lang='lat' dir='ltr'>iusti</span> <span class='ocrx_word' id='word_1_19' title='bbox 880 477 1019 515; x_wconf 69' lang='lat' dir='ltr'>vivere.</span> 
     </span>
    </p>
   </div>
   <div class='ocr_carea' id='block_1_4' title="bbox 400 590 1047 797">
    <p class='ocr_par' dir='ltr' id='par_1_4' title="bbox 400 590 1047 797">
     <span class='ocr_line' id='line_1_7' title="bbox 400 590 1047 639; baseline -0.002 -12"><span class='ocrx_word' id='word_1_20' title='bbox 400 590 438 628; x_wconf 83' lang='lat'>8.</span> <span class='ocrx_word' id='word_1_21' title='bbox 469 591 528 628; x_wconf 87' lang='lat' dir='ltr'>Ac</span> <span class='ocrx_word' id='word_1_22' title='bbox 558 594 693 636; x_wconf 88' lang='lat' dir='ltr'>sponte</span> <span class='ocrx_word' id='word_1_23' title='bbox 724 600 871 627; x_wconf 83' lang='lat' dir='ltr'>crucem</span> <span class='ocrx_word' id='word_1_24' title='bbox 902 590 1047 639; x_wconf 88' lang='lat' dir='ltr'>tollere,</span> 
     </span>
     <span class='ocr_line' id='line_1_8' title="bbox 468 646 977 684; baseline 0 -1"><span class='ocrx_word' id='word_1_25' title='bbox 468 646 592 683; x_wconf 85' lang='lat' dir='ltr'><strong>Menti</strong></span> <span class='ocrx_word' id='word_1_26' title='bbox 623 656 773 684; x_wconf 85' lang='lat' dir='ltr'>carnem</span> <span class='ocrx_word' id='word_1_27' title='bbox 804 646 977 683; x_wconf 87' lang='lat' dir='ltr'>subicere</span> 
     </span>
     <span class='ocr_line' id='line_1_9' title="bbox 467 700 923 749; baseline -0.004 -8"><span class='ocrx_word' id='word_1_28' title='bbox 467 700 512 741; x_wconf 91' lang='lat' dir='ltr'>In</span> <span class='ocrx_word' id='word_1_29' title='bbox 543 702 700 749; x_wconf 89' lang='lat' dir='ltr'>Deoque</span> <span class='ocrx_word' id='word_1_30' title='bbox 729 703 923 749; x_wconf 81' lang='lat' dir='ltr'>quiescere</span> 
     </span>
     <span class='ocr_line' id='line_1_10' title="bbox 471 758 977 797; baseline 0.002 -1"><span class='ocrx_word' id='word_1_31' title='bbox 471 758 601 796; x_wconf 86' lang='lat' dir='ltr'>Cultus</span> <span class='ocrx_word' id='word_1_32' title='bbox 632 759 767 796; x_wconf 84' lang='lat' dir='ltr'>suadet</span> <span class='ocrx_word' id='word_1_33' title='bbox 798 759 977 797; x_wconf 84' lang='lat' dir='ltr'>iustitiae.</span> 
     </span>
    </p>
   </div>
   <div class='ocr_carea' id='block_1_5' title="bbox 398 871 1018 1079">
    <p class='ocr_par' dir='ltr' id='par_1_5' title="bbox 398 871 1018 1079">
     <span class='ocr_line' id='line_1_11' title="bbox 398 871 982 918; baseline 0 -9"><span class='ocrx_word' id='word_1_34' title='bbox 398 873 437 909; x_wconf 84' lang='lat'>9.</span> <span class='ocrx_word' id='word_1_35' title='bbox 468 871 565 918; x_wconf 74' lang='lat' dir='ltr'>Heu,</span> <span class='ocrx_word' id='word_1_36' title='bbox 597 871 687 918; x_wconf 91' lang='lat' dir='ltr'>quid</span> <span class='ocrx_word' id='word_1_37' title='bbox 719 871 823 909; x_wconf 89' lang='lat' dir='ltr'>aliud</span> <span class='ocrx_word' id='word_1_38' title='bbox 854 872 982 909; x_wconf 88' lang='lat' dir='ltr'>vivere</span> 
     </span>
     <span class='ocr_line' id='line_1_12' title="bbox 468 927 1008 978; baseline 0.002 -14"><span class='ocrx_word' id='word_1_39' title='bbox 468 929 510 965; x_wconf 95' lang='lat' dir='ltr'>In</span> <span class='ocrx_word' id='word_1_40' title='bbox 543 927 652 965; x_wconf 88' lang='lat' dir='ltr'>huius</span> <span class='ocrx_word' id='word_1_41' title='bbox 681 928 811 965; x_wconf 89' lang='lat' dir='ltr'>mundi</span> <span class='ocrx_word' id='word_1_42' title='bbox 843 939 1008 978; x_wconf 85' lang='lat' dir='ltr'>carcere,</span> 
     </span>
     <span class='ocr_line' id='line_1_13' title="bbox 468 984 1018 1029; baseline 0.004 -9"><span class='ocrx_word' id='word_1_43' title='bbox 468 984 584 1029; x_wconf 79' lang='lat' dir='ltr'>Quam</span> <span class='ocrx_word' id='word_1_44' title='bbox 616 985 652 1021; x_wconf 92' lang='lat' dir='ltr'>in</span> <span class='ocrx_word' id='word_1_45' title='bbox 686 995 796 1022; x_wconf 89' lang='lat' dir='ltr'>sacco</span> <span class='ocrx_word' id='word_1_46' title='bbox 827 989 865 1022; x_wconf 90' lang='lat' dir='ltr'>et</span> <span class='ocrx_word' id='word_1_47' title='bbox 894 985 1018 1022; x_wconf 87' lang='lat' dir='ltr'>cinere</span> 
     </span>
     <span class='ocr_line' id='line_1_14' title="bbox 468 1041 954 1079; baseline 0.004 -2"><span class='ocrx_word' id='word_1_48' title='bbox 468 1041 607 1078; x_wconf 86' lang='lat' dir='ltr'>Panem</span> <span class='ocrx_word' id='word_1_49' title='bbox 641 1042 781 1079; x_wconf 91' lang='lat' dir='ltr'>doloris</span> <span class='ocrx_word' id='word_1_50' title='bbox 811 1041 954 1079; x_wconf 74' lang='lat' dir='ltr'>edere?</span> 
     </span>
    </p>
   </div>
   <div class='ocr_carea' id='block_1_6' title="bbox 370 1153 1099 1361">
    <p class='ocr_par' dir='ltr' id='par_1_6' title="bbox 370 1153 1099 1361">
     <span class='ocr_line' id='line_1_15' title="bbox 370 1153 1060 1201; baseline 0.003 -11"><span class='ocrx_word' id='word_1_51' title='bbox 370 1153 436 1192; x_wconf 90' lang='lat'>10.</span> <span class='ocrx_word' id='word_1_52' title='bbox 468 1154 567 1201; x_wconf 87' lang='lat' dir='ltr'>Heu,</span> <span class='ocrx_word' id='word_1_53' title='bbox 599 1153 690 1189; x_wconf 89' lang='grc'><strong>1111111</strong></span> <span class='ocrx_word' id='word_1_54' title='bbox 720 1154 877 1191; x_wconf 88' lang='lat' dir='ltr'>multum</span> <span class='ocrx_word' id='word_1_55' title='bbox 909 1154 1060 1193; x_wconf 80' lang='lat' dir='ltr'>misero,</span> 
     </span>
     <span class='ocr_line' id='line_1_16' title="bbox 469 1209 1099 1260; baseline 0 -13"><span class='ocrx_word' id='word_1_56' title='bbox 469 1209 603 1254; x_wconf 79' lang='lat' dir='ltr'>Caeco,</span> <span class='ocrx_word' id='word_1_57' title='bbox 637 1210 764 1260; x_wconf 88' lang='lat' dir='ltr'>surdo,</span> <span class='ocrx_word' id='word_1_58' title='bbox 799 1211 947 1255; x_wconf 80' lang='lat' dir='ltr'>claudo,</span> <span class='ocrx_word' id='word_1_59' title='bbox 972 1221 1099 1256; x_wconf 82' lang='lat' dir='ltr'>curvo,</span> 
     </span>
     <span class='ocr_line' id='line_1_17' title="bbox 467 1267 984 1317; baseline 0.002 -14"><span class='ocrx_word' id='word_1_60' title='bbox 467 1267 613 1315; x_wconf 88' lang='lat' dir='ltr'>Egeno‚</span> <span class='ocrx_word' id='word_1_61' title='bbox 646 1267 757 1317; x_wconf 84' lang='lat' dir='ltr'>nudo,</span> <span class='ocrx_word' id='word_1_62' title='bbox 792 1267 984 1316; x_wconf 86' lang='lat' dir='ltr'>languido,</span> 
     </span>
     <span class='ocr_line' id='line_1_18' title="bbox 473 1323 914 1361; baseline 0.002 -2"><span class='ocrx_word' id='word_1_63' title='bbox 473 1323 660 1360; x_wconf 80' lang='lat' dir='ltr'>Damnate</span> <span class='ocrx_word' id='word_1_64' title='bbox 691 1324 728 1360; x_wconf 89' lang='lat' dir='ltr'>in</span> <span class='ocrx_word' id='word_1_65' title='bbox 761 1324 914 1361; x_wconf 84' lang='lat' dir='ltr'>exsilio!</span> 
     </span>
    </p>
   </div>
   <div class='ocr_carea' id='block_1_7' title="bbox 1188 592 1249 629">
    <p class='ocr_par' dir='ltr' id='par_1_7' title="bbox 1188 592 1249 629">
     <span class='ocr_line' id='line_1_19' title="bbox 1188 592 1249 629; baseline 0 0"><span class='ocrx_word' id='word_1_66' title='bbox 1188 592 1249 629; x_wconf 82' lang='lat'>12.</span> 
     </span>
    </p>
   </div>
   <div class='ocr_carea' id='block_1_8' title="bbox 1187 875 1252 912">
    <p class='ocr_par' dir='ltr' id='par_1_8' title="bbox 1187 875 1252 912">
     <span class='ocr_line' id='line_1_20' title="bbox 1187 875 1252 912; baseline 0 -1"><span class='ocrx_word' id='word_1_67' title='bbox 1187 875 1252 912; x_wconf 85' lang='lat'>13.</span> 
     </span>
    </p>
   </div>
   <div class='ocr_carea' id='block_1_9' title="bbox 1191 1156 1253 1193">
    <p class='ocr_par' dir='ltr' id='par_1_9' title="bbox 1191 1156 1253 1193">
     <span class='ocr_line' id='line_1_21' title="bbox 1191 1156 1253 1193; baseline 0.032 -2"><span class='ocrx_word' id='word_1_68' title='bbox 1191 1156 1253 1193; x_wconf 78' lang='lat'>14.</span> 
     </span>
    </p>
   </div>
   <div class='ocr_carea' id='block_1_10' title="bbox 1191 310 1780 358">
    <p class='ocr_par' dir='ltr' id='par_1_10' title="bbox 1191 310 1780 358">
     <span class='ocr_line' id='line_1_22' title="bbox 1191 310 1780 358; baseline 0 -9"><span class='ocrx_word' id='word_1_69' title='bbox 1191 311 1253 349; x_wconf 89' lang='lat'>11.</span> <span class='ocrx_word' id='word_1_70' title='bbox 1286 310 1371 347; x_wconf 90' lang='lat' dir='ltr'>Heu</span> <span class='ocrx_word' id='word_1_71' title='bbox 1401 310 1506 358; x_wconf 85' lang='lat' dir='ltr'>mihi,</span> <span class='ocrx_word' id='word_1_72' title='bbox 1537 311 1625 357; x_wconf 89' lang='lat' dir='ltr'>quia</span> <span class='ocrx_word' id='word_1_73' title='bbox 1653 311 1780 349; x_wconf 85' lang='lat' dir='ltr'>deficit</span> 
     </span>
    </p>
   </div>
   <div class='ocr_carea' id='block_1_11' title="bbox 1284 366 1768 518">
    <p class='ocr_par' dir='ltr' id='par_1_11' title="bbox 1284 366 1768 518">
     <span class='ocr_line' id='line_1_23' title="bbox 1285 366 1725 414; baseline 0.005 -12"><span class='ocrx_word' id='word_1_74' title='bbox 1285 366 1374 404; x_wconf 89' lang='lat' dir='ltr'>Vita</span> <span class='ocrx_word' id='word_1_75' title='bbox 1405 377 1488 404; x_wconf 84' lang='lat' dir='ltr'>mea</span> <span class='ocrx_word' id='word_1_76' title='bbox 1520 367 1725 414; x_wconf 72' lang='lat' dir='ltr'>doloribus,</span> 
     </span>
     <span class='ocr_line' id='line_1_24' title="bbox 1285 423 1734 471; baseline 0.002 -11"><span class='ocrx_word' id='word_1_77' title='bbox 1285 423 1386 460; x_wconf 88' lang='lat' dir='ltr'>Anni</span> <span class='ocrx_word' id='word_1_78' title='bbox 1417 423 1491 459; x_wconf 89' lang='lat' dir='ltr'>mei</span> <span class='ocrx_word' id='word_1_79' title='bbox 1521 423 1734 471; x_wconf 71' lang='lat' dir='ltr'>gemitibus,</span> 
     </span>
     <span class='ocr_line' id='line_1_25' title="bbox 1284 477 1768 518; baseline 0.002 -3"><span class='ocrx_word' id='word_1_80' title='bbox 1284 479 1498 516; x_wconf 87' lang='lat' dir='ltr'>Timoribus</span> <span class='ocrx_word' id='word_1_81' title='bbox 1529 484 1567 518; x_wconf 82' lang='lat' dir='ltr'>et</span> <span class='ocrx_word' id='word_1_82' title='bbox 1596 477 1768 518; x_wconf 82' lang='lat' dir='ltr'>fletibus!</span> 
     </span>
    </p>
   </div>
   <div class='ocr_carea' id='block_1_12' title="bbox 1282 591 1914 808">
    <p class='ocr_par' dir='ltr' id='par_1_12' title="bbox 1282 591 1914 808">
     <span class='ocr_line' id='line_1_26' title="bbox 1282 591 1910 640; baseline 0.003 -12"><span class='ocrx_word' id='word_1_83' title='bbox 1282 592 1379 640; x_wconf 88' lang='lat' dir='ltr'>Heu,</span> <span class='ocrx_word' id='word_1_84' title='bbox 1401 591 1505 640; x_wconf 91' lang='lat' dir='ltr'>mihi,</span> <span class='ocrx_word' id='word_1_85' title='bbox 1527 603 1614 629; x_wconf 88' lang='lat' dir='ltr'>nam</span> <span class='ocrx_word' id='word_1_86' title='bbox 1635 603 1716 629; x_wconf 90' lang='lat' dir='ltr'>sum</span> <span class='ocrx_word' id='word_1_87' title='bbox 1738 592 1910 639; x_wconf 88' lang='lat' dir='ltr'>plurimis</span> 
     </span>
     <span class='ocr_line' id='line_1_27' title="bbox 1284 647 1787 697; baseline 0 -12"><span class='ocrx_word' id='word_1_88' title='bbox 1284 647 1580 686; x_wconf 80' lang='lat' dir='ltr'>Circumcinotus</span> <span class='ocrx_word' id='word_1_89' title='bbox 1611 648 1787 697; x_wconf 89' lang='lat' dir='ltr'>miseriis,</span> 
     </span>
     <span class='ocr_line' id='line_1_28' title="bbox 1283 704 1838 751; baseline 0 -10"><span class='ocrx_word' id='word_1_90' title='bbox 1283 704 1477 751; x_wconf 82' lang='lat' dir='ltr'>Corporis,</span> <span class='ocrx_word' id='word_1_91' title='bbox 1511 705 1650 750; x_wconf 87' lang='lat' dir='ltr'>cordis,</span> <span class='ocrx_word' id='word_1_92' title='bbox 1682 704 1838 751; x_wconf 86' lang='lat' dir='ltr'>spiritus</span> 
     </span>
     <span class='ocr_line' id='line_1_29' title="bbox 1282 760 1914 808; baseline 0.002 -11"><span class='ocrx_word' id='word_1_93' title='bbox 1282 761 1373 797; x_wconf 88' lang='lat' dir='ltr'>Tam</span> <span class='ocrx_word' id='word_1_94' title='bbox 1412 761 1544 798; x_wconf 86' lang='lat' dir='ltr'>diebus</span> <span class='ocrx_word' id='word_1_95' title='bbox 1576 772 1687 808; x_wconf 90' lang='lat' dir='ltr'>quam</span> <span class='ocrx_word' id='word_1_96' title='bbox 1717 760 1914 798; x_wconf 81' lang='lat' dir='ltr'>noctibus!</span> 
     </span>
    </p>
   </div>
   <div class='ocr_carea' id='block_1_13' title="bbox 1284 874 1898 1081">
    <p class='ocr_par' dir='ltr' id='par_1_13' title="bbox 1284 874 1898 1081">
     <span class='ocr_line' id='line_1_30' title="bbox 1285 874 1837 923; baseline -0.002 -12"><span class='ocrx_word' id='word_1_97' title='bbox 1285 874 1394 912; x_wconf 84' lang='lat' dir='ltr'>Solus</span> <span class='ocrx_word' id='word_1_98' title='bbox 1424 874 1492 910; x_wconf 88' lang='lat' dir='ltr'>sim</span> <span class='ocrx_word' id='word_1_99' title='bbox 1524 883 1590 910; x_wconf 84' lang='lat' dir='ltr'>seu</span> <span class='ocrx_word' id='word_1_100' title='bbox 1625 884 1708 910; x_wconf 91' lang='lat' dir='ltr'>cum</span> <span class='ocrx_word' id='word_1_101' title='bbox 1740 874 1837 923; x_wconf 86' lang='lat' dir='ltr'>aliis,</span> 
     </span>
     <span class='ocr_line' id='line_1_31' title="bbox 1284 929 1841 977; baseline -0.002 -10"><span class='ocrx_word' id='word_1_102' title='bbox 1284 929 1418 977; x_wconf 89' lang='lat' dir='ltr'>Sanus,</span> <span class='ocrx_word' id='word_1_103' title='bbox 1450 930 1570 967; x_wconf 84' lang='lat' dir='ltr'>tristis</span> <span class='ocrx_word' id='word_1_104' title='bbox 1601 939 1667 967; x_wconf 87' lang='lat' dir='ltr'>seu</span> <span class='ocrx_word' id='word_1_105' title='bbox 1696 929 1841 974; x_wconf 88' lang='lat' dir='ltr'>hilaris,</span> 
     </span>
     <span class='ocr_line' id='line_1_32' title="bbox 1284 986 1735 1033; baseline 0 -10"><span class='ocrx_word' id='word_1_106' title='bbox 1284 986 1455 1032; x_wconf 84' lang='lat' dir='ltr'>operans</span> <span class='ocrx_word' id='word_1_107' title='bbox 1485 997 1551 1023; x_wconf 89' lang='lat' dir='ltr'>seu</span> <span class='ocrx_word' id='word_1_108' title='bbox 1581 987 1735 1033; x_wconf 87' lang='lat' dir='ltr'>otiosus,</span> 
     </span>
     <span class='ocr_line' id='line_1_33' title="bbox 1284 1042 1898 1081; baseline 0.002 -2"><span class='ocrx_word' id='word_1_109' title='bbox 1284 1043 1487 1080; x_wconf 86' lang='lat' dir='ltr'>Aerumnis</span> <span class='ocrx_word' id='word_1_110' title='bbox 1518 1053 1600 1080; x_wconf 90' lang='lat' dir='ltr'>sum</span> <span class='ocrx_word' id='word_1_111' title='bbox 1631 1042 1898 1081; x_wconf 79' lang='lat' dir='ltr'>circumdatus,</span> 
     </span>
    </p>
   </div>
   <div class='ocr_carea' id='block_1_14' title="bbox 1285 1149 1915 1361">
    <p class='ocr_par' dir='ltr' id='par_1_14' title="bbox 1285 1149 1915 1249">
     <span class='ocr_line' id='line_1_34' title="bbox 1285 1149 1915 1200; baseline 0.002 -10"><span class='ocrx_word' id='word_1_112' title='bbox 1285 1154 1382 1192; x_wconf 85' lang='lat' dir='ltr'>Heu.</span> <span class='ocrx_word' id='word_1_113' title='bbox 1396 1153 1480 1200; x_wconf 86' lang='grc'><strong>11911,</strong></span> <span class='ocrx_word' id='word_1_114' title='bbox 1493 1153 1577 1198; x_wconf 85' lang='grc'><strong>11911,</strong></span> <span class='ocrx_word' id='word_1_115' title='bbox 1588 1164 1699 1200; x_wconf 89' lang='lat' dir='ltr'>quam</span> <span class='ocrx_word' id='word_1_116' title='bbox 1707 1149 1915 1192; x_wconf 85' lang='lat' dir='ltr'>innumeris</span> 
     </span>
     <span class='ocr_line' id='line_1_35' title="bbox 1285 1210 1727 1249; baseline 0 -1"><span class='ocrx_word' id='word_1_117' title='bbox 1285 1210 1467 1249; x_wconf 84' lang='lat' dir='ltr'>Cladibus</span> <span class='ocrx_word' id='word_1_118' title='bbox 1498 1214 1536 1246; x_wconf 86' lang='lat' dir='ltr'>et</span> <span class='ocrx_word' id='word_1_119' title='bbox 1564 1210 1727 1248; x_wconf 85' lang='lat' dir='ltr'>miseriis</span> 
     </span>
    </p>

    <p class='ocr_par' dir='ltr' id='par_1_15' title="bbox 1285 1267 1850 1361">
     <span class='ocr_line' id='line_1_36' title="bbox 1285 1267 1821 1314; baseline -0.002 -10"><span class='ocrx_word' id='word_1_120' title='bbox 1285 1267 1414 1305; x_wconf 87' lang='lat' dir='ltr'>Omnis</span> <span class='ocrx_word' id='word_1_121' title='bbox 1445 1267 1556 1304; x_wconf 88' lang='lat' dir='ltr'>homo</span> <span class='ocrx_word' id='word_1_122' title='bbox 1586 1270 1624 1303; x_wconf 89' lang='lat' dir='ltr'>et</span> <span class='ocrx_word' id='word_1_123' title='bbox 1653 1267 1821 1314; x_wconf 88' lang='lat' dir='ltr'>singulus</span> 
     </span>
     <span class='ocr_line' id='line_1_37' title="bbox 1285 1323 1850 1361; baseline -0.002 -1"><span class='ocrx_word' id='word_1_124' title='bbox 1285 1324 1359 1360; x_wconf 84' lang='lat' dir='ltr'>Hic</span> <span class='ocrx_word' id='word_1_125' title='bbox 1391 1324 1519 1360; x_wconf 87' lang='lat' dir='ltr'>vivens</span> <span class='ocrx_word' id='word_1_126' title='bbox 1551 1328 1607 1360; x_wconf 87' lang='lat' dir='ltr'>est</span> <span class='ocrx_word' id='word_1_127' title='bbox 1637 1323 1850 1361; x_wconf 80' lang='lat' dir='ltr'>involutus!</span> 
     </span>
    </p>
   </div>
   <div class='ocr_carea' id='block_1_15' title="bbox 779 1436 1486 1652">
    <p class='ocr_par' dir='ltr' id='par_1_16' title="bbox 779 1436 1486 1652">
     <span class='ocr_line' id='line_1_38' title="bbox 779 1436 1486 1486; baseline -0.001 -12"><span class='ocrx_word' id='word_1_128' title='bbox 779 1438 842 1475; x_wconf 83' lang='lat'>15.</span> <span class='ocrx_word' id='word_1_129' title='bbox 876 1437 958 1474; x_wconf 90' lang='lat' dir='ltr'>Duc</span> <span class='ocrx_word' id='word_1_130' title='bbox 985 1447 1064 1486; x_wconf 89' lang='lat' dir='ltr'>nos,</span> <span class='ocrx_word' id='word_1_131' title='bbox 1097 1447 1118 1473; x_wconf 89' lang='lat'>0</span> <span class='ocrx_word' id='word_1_132' title='bbox 1149 1447 1293 1475; x_wconf 86' lang='lat' dir='ltr'>summa</span> <span class='ocrx_word' id='word_1_133' title='bbox 1323 1436 1486 1473; x_wconf 65' lang='grc'><strong>1111111115.</strong></span> 
     </span>
     <span class='ocr_line' id='line_1_39' title="bbox 875 1493 1395 1540; baseline -0.002 -10"><span class='ocrx_word' id='word_1_134' title='bbox 875 1493 998 1540; x_wconf 86' lang='lat' dir='ltr'>Supra</span> <span class='ocrx_word' id='word_1_135' title='bbox 1028 1493 1160 1530; x_wconf 89' lang='lat' dir='ltr'>mundi</span> <span class='ocrx_word' id='word_1_136' title='bbox 1191 1493 1395 1540; x_wconf 77' lang='lat' dir='ltr'>angustias,</span> 
     </span>
     <span class='ocr_line' id='line_1_40' title="bbox 875 1549 1359 1596; baseline -0.004 -9"><span class='ocrx_word' id='word_1_137' title='bbox 875 1550 924 1588; x_wconf 90' lang='lat' dir='ltr'>Ut</span> <span class='ocrx_word' id='word_1_138' title='bbox 956 1549 1026 1586; x_wconf 80' lang='lat' dir='ltr'>tibi</span> <span class='ocrx_word' id='word_1_139' title='bbox 1059 1550 1188 1586; x_wconf 89' lang='lat' dir='ltr'>demus</span> <span class='ocrx_word' id='word_1_140' title='bbox 1219 1549 1359 1596; x_wconf 82' lang='lat' dir='ltr'>gratias</span> 
     </span>
     <span class='ocr_line' id='line_1_41' title="bbox 877 1606 1366 1652; baseline 0 -9"><span class='ocrx_word' id='word_1_141' title='bbox 877 1606 968 1643; x_wconf 88' lang='lat' dir='ltr'>Cum</span> <span class='ocrx_word' id='word_1_142' title='bbox 1001 1606 1120 1643; x_wconf 86' lang='lat' dir='ltr'>beatis</span> <span class='ocrx_word' id='word_1_143' title='bbox 1151 1611 1366 1652; x_wconf 83' lang='lat' dir='ltr'>perpetuas,</span> 
     </span>
    </p>
   </div>
   <div class='ocr_carea' id='block_1_16' title="bbox 349 1715 1913 1940">
    <p class='ocr_par' dir='ltr' id='par_1_17' title="bbox 349 1715 1913 1940">
     <span class='ocr_line' id='line_1_42' title="bbox 445 1715 1913 1758; baseline -0.002 -9"><span class='ocrx_word' id='word_1_144' title='bbox 445 1717 690 1750; x_wconf 73' lang='lat' dir='ltr'>Carolsruhan.</span> <span class='ocrx_word' id='word_1_145' title='bbox 717 1716 793 1750; x_wconf 78' lang='lat'>368.</span> <span class='ocrx_word' id='word_1_146' title='bbox 811 1719 851 1749; x_wconf 91' lang='lat' dir='ltr'>A.</span> <span class='ocrx_word' id='word_1_147' title='bbox 881 1736 924 1739; x_wconf 97' lang='lat'><strong>—</strong></span> <span class='ocrx_word' id='word_1_148' title='bbox 951 1716 1115 1750; x_wconf 86' lang='lat' dir='ltr'>Zwollen.</span> <span class='ocrx_word' id='word_1_149' title='bbox 1139 1715 1217 1750; x_wconf 85' lang='lat'>434.</span> <span class='ocrx_word' id='word_1_150' title='bbox 1234 1718 1272 1749; x_wconf 94' lang='lat' dir='ltr'>B.</span> <span class='ocrx_word' id='word_1_151' title='bbox 1299 1736 1341 1739; x_wconf 86' lang='lat'><strong>—</strong></span> <span class='ocrx_word' id='word_1_152' title='bbox 1370 1716 1398 1754; x_wconf 95' lang='grc'>1,</span> <span class='ocrx_word' id='word_1_153' title='bbox 1424 1715 1444 1749; x_wconf 82' lang='grc'>2</span> <span class='ocrx_word' id='word_1_154' title='bbox 1466 1718 1533 1757; x_wconf 84' lang='lat' dir='ltr'>Qui</span> <span class='ocrx_word' id='word_1_155' title='bbox 1559 1718 1794 1758; x_wconf 79' lang='lat' dir='ltr'>experimento</span> <span class='ocrx_word' id='word_1_156' title='bbox 1813 1716 1851 1747; x_wconf 87' lang='lat' dir='ltr'>B.</span> <span class='ocrx_word' id='word_1_157' title='bbox 1868 1732 1913 1737; x_wconf 90' lang='lat'>—-</span> 
     </span>
     <span class='ocr_line' id='line_1_43' title="bbox 357 1761 1913 1802; baseline -0.002 -8"><span class='ocrx_word' id='word_1_158' title='bbox 357 1761 425 1794; x_wconf 86' lang='lat' dir='ltr'>Str.</span> <span class='ocrx_word' id='word_1_159' title='bbox 451 1761 473 1794; x_wconf 89' lang='lat'>4</span> <span class='ocrx_word' id='word_1_160' title='bbox 497 1763 583 1795; x_wconf 86' lang='lat' dir='ltr'>fehlt</span> <span class='ocrx_word' id='word_1_161' title='bbox 599 1764 637 1795; x_wconf 93' lang='lat' dir='ltr'>B.</span> <span class='ocrx_word' id='word_1_162' title='bbox 664 1781 705 1785; x_wconf 92' lang='lat'>—</span> <span class='ocrx_word' id='word_1_163' title='bbox 731 1762 761 1802; x_wconf 81' lang='lat'>5,</span> <span class='ocrx_word' id='word_1_164' title='bbox 787 1762 809 1795; x_wconf 85' lang='lat'>4</span> <span class='ocrx_word' id='word_1_165' title='bbox 832 1763 962 1795; x_wconf 89' lang='lat' dir='ltr'>Mundo</span> <span class='ocrx_word' id='word_1_166' title='bbox 989 1763 1033 1795; x_wconf 88' lang='lat' dir='ltr'>ad</span> <span class='ocrx_word' id='word_1_167' title='bbox 1057 1766 1177 1795; x_wconf 84' lang='lat' dir='ltr'>votum</span> <span class='ocrx_word' id='word_1_168' title='bbox 1194 1764 1233 1795; x_wconf 91' lang='lat' dir='ltr'>B.</span> <span class='ocrx_word' id='word_1_169' title='bbox 1260 1781 1300 1784; x_wconf 91' lang='lat'><em>-</em></span> <span class='ocrx_word' id='word_1_170' title='bbox 1328 1761 1359 1802; x_wconf 83' lang='lat'>7,</span> <span class='ocrx_word' id='word_1_171' title='bbox 1387 1761 1402 1794; x_wconf 94' lang='lat'>1</span> <span class='ocrx_word' id='word_1_172' title='bbox 1423 1764 1660 1794; x_wconf 83' lang='lat' dir='ltr'>inconstanter</span> <span class='ocrx_word' id='word_1_173' title='bbox 1676 1762 1794 1793; x_wconf 82' lang='lat' dir='ltr'>vivere</span> <span class='ocrx_word' id='word_1_174' title='bbox 1814 1762 1848 1792; x_wconf 77' lang='grc' dir='ltr'>Β.</span> <span class='ocrx_word' id='word_1_175' title='bbox 1869 1777 1913 1781; x_wconf 95' lang='grc'>-</span> 
     </span>
     <span class='ocr_line' id='line_1_44' title="bbox 353 1802 1912 1851; baseline -0.001 -12"><span class='ocrx_word' id='word_1_176' title='bbox 353 1804 386 1845; x_wconf 84' lang='grc'><strong>8,</strong></span> <span class='ocrx_word' id='word_1_177' title='bbox 424 1808 438 1839; x_wconf 92' lang='grc'>1</span> <span class='ocrx_word' id='word_1_178' title='bbox 466 1808 514 1840; x_wconf 85' lang='lat' dir='ltr'>Et</span> <span class='ocrx_word' id='word_1_179' title='bbox 537 1812 658 1851; x_wconf 90' lang='lat' dir='ltr'>sponte</span> <span class='ocrx_word' id='word_1_180' title='bbox 683 1809 722 1840; x_wconf 93' lang='lat' dir='ltr'>B.</span> <span class='ocrx_word' id='word_1_181' title='bbox 747 1827 790 1832; x_wconf 86' lang='lat'>—</span> <span class='ocrx_word' id='word_1_182' title='bbox 815 1808 847 1848; x_wconf 83' lang='lat'>8,</span> <span class='ocrx_word' id='word_1_183' title='bbox 881 1807 902 1840; x_wconf 82' lang='lat'>3</span> <span class='ocrx_word' id='word_1_184' title='bbox 925 1808 973 1840; x_wconf 87' lang='lat' dir='ltr'>Et</span> <span class='ocrx_word' id='word_1_185' title='bbox 996 1809 1033 1840; x_wconf 89' lang='lat' dir='ltr'>in</span> <span class='ocrx_word' id='word_1_186' title='bbox 1057 1810 1132 1841; x_wconf 90' lang='lat' dir='ltr'>Deo</span> <span class='ocrx_word' id='word_1_187' title='bbox 1158 1810 1197 1840; x_wconf 90' lang='lat' dir='ltr'>B.</span> <span class='ocrx_word' id='word_1_188' title='bbox 1223 1825 1266 1830; x_wconf 90' lang='lat'>—-</span> <span class='ocrx_word' id='word_1_189' title='bbox 1295 1806 1345 1846; x_wconf 84' lang='lat'>10,</span> <span class='ocrx_word' id='word_1_190' title='bbox 1379 1806 1400 1839; x_wconf 84' lang='lat'>3</span> <span class='ocrx_word' id='word_1_191' title='bbox 1426 1809 1537 1850; x_wconf 84' lang='lat' dir='ltr'>Aegro</span> <span class='ocrx_word' id='word_1_192' title='bbox 1563 1807 1654 1839; x_wconf 89' lang='lat' dir='ltr'>nudo</span> <span class='ocrx_word' id='word_1_193' title='bbox 1682 1808 1718 1838; x_wconf 89' lang='lat' dir='ltr'>B.</span> <span class='ocrx_word' id='word_1_194' title='bbox 1743 1823 1787 1827; x_wconf 88' lang='lat'>-</span> <span class='ocrx_word' id='word_1_195' title='bbox 1814 1805 1864 1843; x_wconf 72' lang='lat'>11,</span> <span class='ocrx_word' id='word_1_196' title='bbox 1891 1802 1912 1838; x_wconf 88' lang='grc'><strong>3</strong></span> 
     </span>
     <span class='ocr_line' id='line_1_45' title="bbox 350 1851 1907 1895; baseline -0.001 -11"><span class='ocrx_word' id='word_1_197' title='bbox 350 1852 399 1885; x_wconf 79' lang='lat' dir='ltr'>Et</span> <span class='ocrx_word' id='word_1_198' title='bbox 421 1855 505 1886; x_wconf 87' lang='lat' dir='ltr'>anni</span> <span class='ocrx_word' id='word_1_199' title='bbox 522 1855 589 1886; x_wconf 85' lang='lat' dir='ltr'>mei</span> <span class='ocrx_word' id='word_1_200' title='bbox 608 1854 648 1885; x_wconf 90' lang='lat' dir='ltr'>A.</span> <span class='ocrx_word' id='word_1_201' title='bbox 666 1873 709 1877; x_wconf 85' lang='lat'><strong>—</strong></span> <span class='ocrx_word' id='word_1_202' title='bbox 729 1852 780 1892; x_wconf 83' lang='lat'>13,</span> <span class='ocrx_word' id='word_1_203' title='bbox 801 1853 816 1886; x_wconf 93' lang='grc'>1</span> <span class='ocrx_word' id='word_1_204' title='bbox 836 1865 910 1887; x_wconf 84' lang='grc'><strong>511111</strong></span> <span class='ocrx_word' id='word_1_205' title='bbox 929 1855 968 1886; x_wconf 89' lang='grc' dir='ltr'>Β.</span> <span class='ocrx_word' id='word_1_206' title='bbox 986 1871 1030 1875; x_wconf 92' lang='grc'>-</span> <span class='ocrx_word' id='word_1_207' title='bbox 1049 1852 1100 1894; x_wconf 84' lang='grc'>14,</span> <span class='ocrx_word' id='word_1_208' title='bbox 1120 1852 1136 1885; x_wconf 92' lang='lat'>1</span> <span class='ocrx_word' id='word_1_209' title='bbox 1155 1854 1249 1886; x_wconf 90' lang='lat' dir='ltr'>Proh</span> <span class='ocrx_word' id='word_1_210' title='bbox 1265 1853 1363 1885; x_wconf 88' lang='lat' dir='ltr'>dolor</span> <span class='ocrx_word' id='word_1_211' title='bbox 1380 1863 1481 1895; x_wconf 83' lang='lat' dir='ltr'>quam</span> <span class='ocrx_word' id='word_1_212' title='bbox 1501 1854 1538 1884; x_wconf 91' lang='lat' dir='ltr'>B.</span> <span class='ocrx_word' id='word_1_213' title='bbox 1563 1871 1601 1875; x_wconf 92' lang='lat'>—</span> <span class='ocrx_word' id='word_1_214' title='bbox 1621 1853 1694 1893; x_wconf 84' lang='lat' dir='ltr'>„De</span> <span class='ocrx_word' id='word_1_215' title='bbox 1711 1851 1907 1884; x_wconf 82' lang='lat' dir='ltr'>considera-</span> 
     </span>
     <span class='ocr_line' id='line_1_46' title="bbox 349 1897 1315 1940; baseline -0.001 -10"><span class='ocrx_word' id='word_1_216' title='bbox 349 1899 447 1931; x_wconf 82' lang='lat' dir='ltr'>tione</span> <span class='ocrx_word' id='word_1_217' title='bbox 472 1899 696 1932; x_wconf 79' lang='lat' dir='ltr'>multimodae</span> <span class='ocrx_word' id='word_1_218' title='bbox 723 1901 883 1932; x_wconf 77' lang='lat' dir='ltr'>miseriae</span> <span class='ocrx_word' id='word_1_219' title='bbox 908 1900 1079 1932; x_wconf 88' lang='lat' dir='ltr'>humanae</span> <span class='ocrx_word' id='word_1_220' title='bbox 1102 1897 1247 1940; x_wconf 81' lang='lat' dir='ltr'>ymnus“</span> <span class='ocrx_word' id='word_1_221' title='bbox 1275 1900 1315 1930; x_wconf 90' lang='lat' dir='ltr'>A.</span> 
     </span>
    </p>
   </div>
   <div class='ocr_carea' id='block_1_17' title="bbox 666 2111 1592 2156">
    <p class='ocr_par' dir='ltr' id='par_1_18' title="bbox 666 2111 1592 2156">
     <span class='ocr_line' id='line_1_47' title="bbox 666 2111 1592 2156; baseline -0.001 -9"><span class='ocrx_word' id='word_1_222' title='bbox 666 2113 746 2149; x_wconf 70' lang='lat'>484.</span> <span class='ocrx_word' id='word_1_223' title='bbox 783 2113 863 2156; x_wconf 83' lang='lat'>(27.)</span> <span class='ocrx_word' id='word_1_224' title='bbox 900 2114 956 2148; x_wconf 82' lang='lat' dir='ltr'>De</span> <span class='ocrx_word' id='word_1_225' title='bbox 982 2113 1116 2156; x_wconf 83' lang='lat' dir='ltr'>gloria</span> <span class='ocrx_word' id='word_1_226' title='bbox 1143 2112 1330 2148; x_wconf 85' lang='lat' dir='ltr'>caelestis</span> <span class='ocrx_word' id='word_1_227' title='bbox 1358 2111 1592 2147; x_wconf 84' lang='lat' dir='ltr'>Ierusalem.</span> 
     </span>
    </p>
   </div>
   <div class='ocr_carea' id='block_1_18' title="bbox 396 2229 1005 2551">
    <p class='ocr_par' dir='ltr' id='par_1_19' title="bbox 396 2229 1005 2551">
     <span class='ocr_line' id='line_1_48' title="bbox 396 2229 899 2275; baseline 0 -8"><span class='ocrx_word' id='word_1_228' title='bbox 396 2229 432 2269; x_wconf 90' lang='lat'>1.</span> <span class='ocrx_word' id='word_1_229' title='bbox 464 2229 672 2267; x_wconf 84' lang='lat' dir='ltr'>Ierusalem</span> <span class='ocrx_word' id='word_1_230' title='bbox 702 2230 899 2275; x_wconf 79' lang='lat' dir='ltr'>luminosa.</span> 
     </span>
     <span class='ocr_line' id='line_1_49' title="bbox 517 2286 921 2333; baseline 0.002 -10"><span class='ocrx_word' id='word_1_231' title='bbox 517 2286 643 2324; x_wconf 89' lang='lat' dir='ltr'>Verae</span> <span class='ocrx_word' id='word_1_232' title='bbox 674 2287 780 2332; x_wconf 80' lang='lat' dir='ltr'>pacis</span> <span class='ocrx_word' id='word_1_233' title='bbox 812 2287 921 2333; x_wconf 87' lang='lat' dir='ltr'>visio,</span> 
     </span>
     <span class='ocr_line' id='line_1_50' title="bbox 464 2341 988 2380; baseline 0.004 -2"><span class='ocrx_word' id='word_1_234' title='bbox 464 2341 575 2379; x_wconf 83' lang='lat' dir='ltr'>Felix</span> <span class='ocrx_word' id='word_1_235' title='bbox 605 2342 715 2379; x_wconf 89' lang='lat' dir='ltr'>nimis</span> <span class='ocrx_word' id='word_1_236' title='bbox 747 2353 792 2380; x_wconf 86' lang='lat' dir='ltr'>ac</span> <span class='ocrx_word' id='word_1_237' title='bbox 823 2341 988 2380; x_wconf 84' lang='lat' dir='ltr'>formosa</span> 
     </span>
     <span class='ocr_line' id='line_1_51' title="bbox 523 2399 984 2447; baseline -0.002 -10"><span class='ocrx_word' id='word_1_238' title='bbox 523 2399 663 2437; x_wconf 89' lang='lat' dir='ltr'>Summi</span> <span class='ocrx_word' id='word_1_239' title='bbox 696 2399 795 2447; x_wconf 88' lang='lat' dir='ltr'>regis</span> <span class='ocrx_word' id='word_1_240' title='bbox 825 2400 984 2443; x_wconf 85' lang='lat' dir='ltr'>mansio,</span> 
     </span>
     <span class='ocr_line' id='line_1_52' title="bbox 468 2455 982 2503; baseline 0.002 -11"><span class='ocrx_word' id='word_1_241' title='bbox 468 2455 526 2492; x_wconf 93' lang='lat' dir='ltr'>De</span> <span class='ocrx_word' id='word_1_242' title='bbox 556 2459 593 2492; x_wconf 90' lang='lat' dir='ltr'>te</span> <span class='ocrx_word' id='word_1_243' title='bbox 624 2468 646 2492; x_wconf 88' lang='lat'>0</span> <span class='ocrx_word' id='word_1_244' title='bbox 676 2467 786 2503; x_wconf 88' lang='lat' dir='ltr'>quam</span> <span class='ocrx_word' id='word_1_245' title='bbox 818 2456 982 2503; x_wconf 84' lang='lat' dir='ltr'>gloriosa</span> 
     </span>
     <span class='ocr_line' id='line_1_53' title="bbox 520 2511 1005 2551; baseline 0.002 -2"><span class='ocrx_word' id='word_1_246' title='bbox 520 2512 632 2550; x_wconf 84' lang='lat' dir='ltr'>Dicta</span> <span class='ocrx_word' id='word_1_247' title='bbox 663 2517 750 2550; x_wconf 89' lang='lat' dir='ltr'>sunt</span> <span class='ocrx_word' id='word_1_248' title='bbox 781 2524 803 2550; x_wconf 90' lang='lat' dir='ltr'>a</span> <span class='ocrx_word' id='word_1_249' title='bbox 834 2511 1005 2551; x_wconf 82' lang='lat' dir='ltr'>saeculo!</span> 
     </span>
    </p>
   </div>
   <div class='ocr_carea' id='block_1_19' title="bbox 394 2625 1097 2945">
    <p class='ocr_par' dir='ltr' id='par_1_20' title="bbox 394 2625 1097 2945">
     <span class='ocr_line' id='line_1_54' title="bbox 394 2625 1097 2673; baseline 0 -11"><span class='ocrx_word' id='word_1_250' title='bbox 394 2626 433 2666; x_wconf 88' lang='lat'>2.</span> <span class='ocrx_word' id='word_1_251' title='bbox 466 2625 524 2663; x_wconf 91' lang='lat' dir='ltr'>De</span> <span class='ocrx_word' id='word_1_252' title='bbox 553 2631 638 2663; x_wconf 87' lang='lat' dir='ltr'>tuae</span> <span class='ocrx_word' id='word_1_253' title='bbox 660 2626 843 2673; x_wconf 87' lang='lat' dir='ltr'>quidquid</span> <span class='ocrx_word' id='word_1_254' title='bbox 865 2626 1097 2672; x_wconf 83' lang='lat' dir='ltr'>scripserunt</span> 
     </span>
     <span class='ocr_line' id='line_1_55' title="bbox 523 2682 970 2730; baseline 0 -11"><span class='ocrx_word' id='word_1_255' title='bbox 523 2682 651 2720; x_wconf 84' lang='lat' dir='ltr'>Sancti</span> <span class='ocrx_word' id='word_1_256' title='bbox 682 2682 806 2720; x_wconf 86' lang='lat' dir='ltr'>laudis</span> <span class='ocrx_word' id='word_1_257' title='bbox 837 2683 970 2730; x_wconf 84' lang='lat' dir='ltr'>gloria,</span> 
     </span>
     <span class='ocr_line' id='line_1_56' title="bbox 466 2739 1065 2785; baseline -0.002 -9"><span class='ocrx_word' id='word_1_258' title='bbox 466 2739 600 2776; x_wconf 89' lang='lat' dir='ltr'>Totum</span> <span class='ocrx_word' id='word_1_259' title='bbox 633 2739 742 2776; x_wconf 84' lang='lat' dir='ltr'>nobis</span> <span class='ocrx_word' id='word_1_260' title='bbox 773 2739 844 2776; x_wconf 86' lang='lat' dir='ltr'>hoc</span> <span class='ocrx_word' id='word_1_261' title='bbox 873 2739 1065 2785; x_wconf 87' lang='lat' dir='ltr'>liquerunt</span> 
     </span>
     <span class='ocr_line' id='line_1_57' title="bbox 526 2796 914 2844; baseline -0.003 -11"><span class='ocrx_word' id='word_1_262' title='bbox 526 2796 592 2833; x_wconf 85' lang='lat' dir='ltr'>Pia</span> <span class='ocrx_word' id='word_1_263' title='bbox 623 2807 692 2842; x_wconf 88' lang='lat' dir='ltr'>pro</span> <span class='ocrx_word' id='word_1_264' title='bbox 723 2796 914 2844; x_wconf 81' lang='lat' dir='ltr'>memoria,</span> 
     </span>
     <span class='ocr_line' id='line_1_58' title="bbox 464 2852 950 2899; baseline -0.004 -10"><span class='ocrx_word' id='word_1_265' title='bbox 464 2852 671 2889; x_wconf 80' lang='lat' dir='ltr'>Penetrare</span> <span class='ocrx_word' id='word_1_266' title='bbox 701 2852 950 2899; x_wconf 79' lang='lat' dir='ltr'>nequiverunt</span> 
     </span>
     <span class='ocr_line' id='line_1_59' title="bbox 519 2909 924 2945; baseline 0.002 -1"><span class='ocrx_word' id='word_1_267' title='bbox 519 2909 642 2945; x_wconf 81' lang='lat' dir='ltr'>Fundi</span> <span class='ocrx_word' id='word_1_268' title='bbox 674 2909 726 2945; x_wconf 83' lang='lat' dir='ltr'>tui</span> <span class='ocrx_word' id='word_1_269' title='bbox 760 2909 924 2945; x_wconf 73' lang='lat' dir='ltr'>condita.</span> 
     </span>
    </p>
   </div>
   <div class='ocr_carea' id='block_1_20' title="bbox 1183 2226 1701 2276">
    <p class='ocr_par' dir='ltr' id='par_1_21' title="bbox 1183 2226 1701 2276">
     <span class='ocr_line' id='line_1_60' title="bbox 1183 2226 1701 2276; baseline -0.008 -9"><span class='ocrx_word' id='word_1_270' title='bbox 1183 2230 1221 2267; x_wconf 85' lang='lat'>3.</span> <span class='ocrx_word' id='word_1_271' title='bbox 1253 2227 1464 2276; x_wconf 87' lang='lat' dir='ltr'>Lapidibus</span> <span class='ocrx_word' id='word_1_272' title='bbox 1497 2237 1543 2265; x_wconf 85' lang='lat' dir='ltr'>ex</span> <span class='ocrx_word' id='word_1_273' title='bbox 1574 2226 1701 2274; x_wconf 77' lang='lat' dir='ltr'>politis</span> 
     </span>
    </p>
   </div>
   <div class='ocr_carea' id='block_1_21' title="bbox 1309 2282 1732 2331">
    <p class='ocr_par' dir='ltr' id='par_1_22' title="bbox 1309 2282 1732 2331">
     <span class='ocr_line' id='line_1_61' title="bbox 1309 2282 1732 2331; baseline -0.009 -8"><span class='ocrx_word' id='word_1_274' title='bbox 1309 2285 1461 2323; x_wconf 88' lang='lat' dir='ltr'>Strueta</span> <span class='ocrx_word' id='word_1_275' title='bbox 1492 2290 1532 2322; x_wconf 93' lang='lat' dir='ltr'>tu</span> <span class='ocrx_word' id='word_1_276' title='bbox 1562 2282 1732 2331; x_wconf 87' lang='lat' dir='ltr'>mirifice,</span> 
     </span>
    </p>
   </div>
   <div class='ocr_carea' id='block_1_22' title="bbox 1254 2338 1856 2387">
    <p class='ocr_par' dir='ltr' id='par_1_23' title="bbox 1254 2338 1856 2387">
     <span class='ocr_line' id='line_1_62' title="bbox 1254 2338 1856 2387; baseline -0.008 -7"><span class='ocrx_word' id='word_1_277' title='bbox 1254 2341 1432 2387; x_wconf 85' lang='lat' dir='ltr'>Gemmis,</span> <span class='ocrx_word' id='word_1_278' title='bbox 1466 2351 1570 2387; x_wconf 80' lang='lat' dir='ltr'>auro,</span> <span class='ocrx_word' id='word_1_279' title='bbox 1603 2340 1716 2377; x_wconf 80' lang='lat' dir='ltr'>claris</span> <span class='ocrx_word' id='word_1_280' title='bbox 1749 2338 1856 2376; x_wconf 86' lang='lat' dir='ltr'>vitris</span> 
     </span>
    </p>
   </div>
   <div class='ocr_carea' id='block_1_23' title="bbox 1311 2396 1722 2444">
    <p class='ocr_par' dir='ltr' id='par_1_24' title="bbox 1311 2396 1722 2444">
     <span class='ocr_line' id='line_1_63' title="bbox 1311 2396 1722 2444; baseline -0.01 -8"><span class='ocrx_word' id='word_1_281' title='bbox 1311 2397 1514 2436; x_wconf 86' lang='lat' dir='ltr'>Decoraris</span> <span class='ocrx_word' id='word_1_282' title='bbox 1544 2396 1722 2444; x_wconf 89' lang='lat' dir='ltr'>undique,</span> 
     </span>
    </p>
   </div>
   <div class='ocr_carea' id='block_1_24' title="bbox 1255 2452 1826 2500">
    <p class='ocr_par' dir='ltr' id='par_1_25' title="bbox 1255 2452 1826 2500">
     <span class='ocr_line' id='line_1_64' title="bbox 1255 2452 1826 2500; baseline -0.009 -7"><span class='ocrx_word' id='word_1_283' title='bbox 1255 2456 1393 2493; x_wconf 85' lang='lat' dir='ltr'>Portae</span> <span class='ocrx_word' id='word_1_284' title='bbox 1424 2453 1568 2500; x_wconf 85' lang='lat' dir='ltr'>fulgent</span> <span class='ocrx_word' id='word_1_285' title='bbox 1600 2452 1826 2500; x_wconf 82' lang='lat' dir='ltr'>margaritis,</span> 
     </span>
    </p>
   </div>
   <div class='ocr_carea' id='block_1_25' title="bbox 1314 2511 1763 2548">
    <p class='ocr_par' dir='ltr' id='par_1_26' title="bbox 1314 2511 1763 2548">
     <span class='ocr_line' id='line_1_65' title="bbox 1314 2511 1763 2548; baseline -0.009 0"><span class='ocrx_word' id='word_1_286' title='bbox 1314 2511 1467 2548; x_wconf 87' lang='lat' dir='ltr'>Plateae</span> <span class='ocrx_word' id='word_1_287' title='bbox 1498 2516 1582 2547; x_wconf 87' lang='lat' dir='ltr'>sunt</span> <span class='ocrx_word' id='word_1_288' title='bbox 1615 2518 1763 2546; x_wconf 86' lang='lat' dir='ltr'>aureae.</span> 
     </span>
    </p>
   </div>
   <div class='ocr_carea' id='block_1_26' title="bbox 1185 2621 1767 2671">
    <p class='ocr_par' dir='ltr' id='par_1_27' title="bbox 1185 2621 1767 2671">
     <span class='ocr_line' id='line_1_66' title="bbox 1185 2621 1767 2671; baseline -0.009 -8"><span class='ocrx_word' id='word_1_289' title='bbox 1185 2627 1223 2663; x_wconf 82' lang='lat'>4.</span> <span class='ocrx_word' id='word_1_290' title='bbox 1256 2626 1299 2662; x_wconf 92' lang='lat' dir='ltr'>In</span> <span class='ocrx_word' id='word_1_291' title='bbox 1330 2628 1366 2660; x_wconf 89' lang='lat' dir='ltr'>te</span> <span class='ocrx_word' id='word_1_292' title='bbox 1398 2623 1534 2671; x_wconf 85' lang='lat' dir='ltr'>iugiter</span> <span class='ocrx_word' id='word_1_293' title='bbox 1563 2621 1767 2659; x_wconf 88' lang='lat' dir='ltr'>iucundum</span> 
     </span>
    </p>
   </div>
   <div class='ocr_carea' id='block_1_27' title="bbox 1311 2679 1669 2725">
    <p class='ocr_par' dir='ltr' id='par_1_28' title="bbox 1311 2679 1669 2725">
     <span class='ocr_line' id='line_1_67' title="bbox 1311 2679 1669 2725; baseline -0.008 -7"><span class='ocrx_word' id='word_1_294' title='bbox 1311 2680 1478 2718; x_wconf 86' lang='lat' dir='ltr'>Alleluia</span> <span class='ocrx_word' id='word_1_295' title='bbox 1509 2679 1669 2725; x_wconf 73' lang='lat' dir='ltr'>canitur,</span> 
     </span>
    </p>
   </div>
   <div class='ocr_carea' id='block_1_28' title="bbox 1255 2735 1808 2776">
    <p class='ocr_par' dir='ltr' id='par_1_29' title="bbox 1255 2735 1808 2776">
     <span class='ocr_line' id='line_1_68' title="bbox 1255 2735 1808 2776; baseline -0.007 -1"><span class='ocrx_word' id='word_1_296' title='bbox 1255 2738 1432 2776; x_wconf 87' lang='lat' dir='ltr'>Sollenne</span> <span class='ocrx_word' id='word_1_297' title='bbox 1463 2746 1508 2773; x_wconf 86' lang='lat' dir='ltr'>ac</span> <span class='ocrx_word' id='word_1_298' title='bbox 1537 2735 1808 2772; x_wconf 87' lang='lat' dir='ltr'>laetabundum</span> 
     </span>
    </p>
   </div>
   <div class='ocr_carea' id='block_1_29' title="bbox 1313 2791 1803 2840">
    <p class='ocr_par' dir='ltr' id='par_1_30' title="bbox 1313 2791 1803 2840">
     <span class='ocr_line' id='line_1_69' title="bbox 1313 2791 1803 2840; baseline -0.008 -9"><span class='ocrx_word' id='word_1_299' title='bbox 1313 2795 1470 2840; x_wconf 86' lang='lat' dir='ltr'>Semper</span> <span class='ocrx_word' id='word_1_300' title='bbox 1501 2791 1637 2829; x_wconf 85' lang='lat' dir='ltr'>festum</span> <span class='ocrx_word' id='word_1_301' title='bbox 1669 2792 1803 2837; x_wconf 81' lang='lat' dir='ltr'>agitur,</span> 
     </span>
    </p>
   </div>
   <div class='ocr_carea' id='block_1_30' title="bbox 1253 2846 1912 2898">
    <p class='ocr_par' dir='ltr' id='par_1_31' title="bbox 1253 2846 1912 2898">
     <span class='ocr_line' id='line_1_70' title="bbox 1253 2846 1912 2898; baseline -0.008 -11"><span class='ocrx_word' id='word_1_302' title='bbox 1253 2851 1389 2888; x_wconf 85' lang='lat' dir='ltr'>Totum</span> <span class='ocrx_word' id='word_1_303' title='bbox 1398 2853 1580 2898; x_wconf 84' lang='lat' dir='ltr'>sanctum,</span> <span class='ocrx_word' id='word_1_304' title='bbox 1594 2853 1711 2886; x_wconf 71' lang='lat' dir='ltr'>totum</span> <span class='ocrx_word' id='word_1_305' title='bbox 1721 2846 1912 2895; x_wconf 87' lang='lat' dir='ltr'>mundum,</span> 
     </span>
    </p>
   </div>
   <div class='ocr_carea' id='block_1_31' title="bbox 1312 2904 1847 2953">
    <p class='ocr_par' dir='ltr' id='par_1_32' title="bbox 1312 2904 1847 2953">
     <span class='ocr_line' id='line_1_71' title="bbox 1312 2904 1847 2953; baseline -0.007 -10"><span class='ocrx_word' id='word_1_306' title='bbox 1312 2907 1352 2943; x_wconf 93' lang='lat' dir='ltr'>ln</span> <span class='ocrx_word' id='word_1_307' title='bbox 1384 2911 1421 2943; x_wconf 82' lang='lat' dir='ltr'>te</span> <span class='ocrx_word' id='word_1_308' title='bbox 1451 2905 1637 2953; x_wconf 87' lang='lat' dir='ltr'>quidquid</span> <span class='ocrx_word' id='word_1_309' title='bbox 1669 2904 1847 2941; x_wconf 81' lang='lat' dir='ltr'>cernitur.</span> 
     </span>
    </p>
   </div>
  </div>
 </body>
</html>
