1914 3223
769 161 817 166 —
879 137 932 176 ⁴2:⁷3
991 161 1043 166 —

639 291 685 327 10.
710 292 765 331 (6).
792 290 843 327 Ad
870 291 1166 338 completorium.

201 396 303 436 Almi
335 397 492 444 perenni
945 400 980 435 2.
1016 398 1150 435 lntima
1181 402 1310 435 nostra

195 453 357 492 Munere
388 453 530 492 Christi
1015 455 1076 492 Sic
1107 466 1174 501 age
1206 459 1380 501 prompta

195 511 303 550 Haec
332 520 401 557 per
432 509 601 556 Eparchi
1015 512 1071 549 Tu
1104 521 1215 557 prece
1246 516 1389 559 sancta,

195 567 312 605 Festa
341 566 496 604 iucundi
1018 567 1113 611 Lego
1145 573 1304 614 paterna

197 623 369 662 Culmine
400 623 492 660 celsi
1016 624 1165 660 Gaudia
1197 635 1330 670 magna

198 681 347 720 Stemus
378 679 542 727 Olympi.
1015 680 1094 716 Sint
1128 688 1167 716 ut
1198 680 1246 717 ad
1278 681 1373 727 ipsa.

670 783 706 819 θ’».
739 781 830 818 Cum
863 786 972 827 patre
1004 781 1085 818 solo

741 838 914 875 Flamine
947 843 984 873 ct
1015 838 1115 874 almo

740 894 871 931 Gloria
902 894 1054 932 Christo

740 951 826 988 Iure
857 951 1039 987 moderno

741 1010 866 1054 Atque
899 1006 1027 1044 futuro

741 1064 927 1111 Tempore
960 1069 1106 1101 cuncto.

691 1251 732 1288 ll.
767 1253 823 1293 (71.
849 1252 918 1288 Per
943 1251 1133 1287 Octavam.

750 1323 810 1355 Ad
835 1323 1069 1365 Vesperas.

158 1472 168 1482 .
204 1441 249 1479 In
278 1439 455 1478 laudibus
486 1438 681 1485 Eparchii,
946 1440 982 1476 4.
1017 1437 1241 1475 Praeclarus
1272 1445 1408 1481 nempe
1438 1445 1576 1482 genere

200 1497 330 1537 Sancti
360 1495 494 1543 patris,
527 1495 688 1542 piissimi
1019 1493 1256 1531 Praeclarior
1288 1491 1394 1528 fulsit
1425 1491 1514 1540 fide,

199 1557 303 1594 Ante
333 1556 574 1599 conspectum
607 1551 760 1589 Domini
1021 1550 1119 1587 Huic
1150 1550 1289 1586 mundo
1318 1548 1550 1596 renuntians,

197 1610 323 1649 Melos
355 1619 531 1647 canamus
564 1608 713 1646 cantici.
1018 1607 1111 1654 Regi
1142 1617 1306 1653 superno
1334 1605 1514 1644 militans,

159 1735 166 1743 .
199 1701 313 1742 Caelo
344 1711 428 1738 cum
458 1700 600 1737 sanctis
631 1698 799 1736 moribus
944 1701 981 1737 5.
1015 1699 1117 1745 Ergo
1147 1702 1196 1742 te,
1231 1697 1394 1746 Christe,
1427 1695 1630 1745 poscimus,

197 1757 349 1796 Erectis
379 1767 468 1804 ergo
501 1756 678 1793 cordibus
1013 1754 1182 1801 Eparchi
1213 1753 1335 1791 sancti
1365 1752 1543 1800 precibus

199 1815 321 1853 Deum
351 1813 460 1852 nobis
491 1813 698 1860 propitium
1014 1811 1076 1849 Ab
1108 1810 1208 1848 omni
1239 1810 1338 1847 malo
1368 1809 1519 1847 sedulos

199 1872 415 1909 Laudemus
446 1880 515 1917 per
544 1869 791 1918 Eparchium.
1016 1868 1117 1905 Tuos
1150 1866 1312 1904 defende
1346 1865 1519 1904 famulos.

159 1993 168 2003 .
202 1963 422 2002 Prostratus
454 1960 604 1999 Christo
635 1960 797 2009 invidus,
948 1962 984 1999 6.
1019 1958 1150 1996 Gloria
1179 1958 1262 2003 tibi,
1294 1957 1466 2003 Domine,

198 2021 274 2059 Per
304 2027 413 2066 quem
444 2017 615 2065 pavescit
645 2015 804 2062 inferus,
1018 2015 1174 2061 Semper
1204 2015 1265 2059 sit,
1299 2025 1365 2051 rex
1395 2018 1591 2064 perpetue,

201 2076 292 2114 Cum
326 2074 472 2122 depulit
504 2074 716 2111 exanimum
1017 2071 1211 2118 Nobisque
1241 2076 1327 2108 tuae
1358 2071 1510 2117 porrige

204 2133 377 2171 Duorum
407 2135 548 2168 mortes
580 2131 783 2167 hominum.
1018 2129 1174 2166 Manum
1206 2127 1501 2165 misericordiae.

667 2319 714 2355 12.
749 2319 804 2362 (8).
842 2317 893 2354 Ad
920 2317 1152 2353 Nocturnum.

403 2426 438 2466 1.
472 2427 562 2464 Vita
593 2425 767 2463 caelestis
799 2435 907 2462 sacra
938 2423 1150 2461 sanctitatis

473 2483 633 2529 Semper
663 2487 701 2518 ut
734 2481 842 2519 nobis
875 2481 998 2518 veniat
1031 2480 1221 2527 perennis,

473 2539 585 2577 Nunc
616 2539 752 2576 chorus
784 2543 914 2575 noster
944 2537 1107 2574 iubilans
1140 2535 1330 2583 Eparchio

531 2596 713 2634 Concinat
744 2594 877 2634 omnis.

402 2689 438 2726 2.
471 2687 541 2731 Te,
574 2686 770 2724 beatorum
802 2685 898 2722 bone
930 2688 1066 2730 rector,
1099 2693 1226 2719 omnes

473 2744 669 2781 Poscimus
700 2742 767 2779 fidi
800 2746 1024 2778 veneranter
1055 2750 1130 2786 orc,

473 2799 595 2837 Corde
627 2804 844 2836 cantantes:
877 2799 954 2836 Fer
983 2807 1092 2844 opem
1125 2795 1257 2833 salutis

529 2856 599 2902 Tu,
631 2856 705 2904 pie,
737 2854 858 2892 nobis.
