2031 3289
924 200 1232 245 -268-ὸ

722 319 757 356 5.
793 318 882 355 Post
910 317 982 355 hoc
1011 318 1186 356 eximium

791 374 924 412 Crucis
954 375 1188 425 mysterium,

791 431 835 467 In
865 441 937 478 quo
967 430 1136 469 fidelium

792 487 902 525 Salus
933 491 970 524 et
1000 489 1177 534 gaudium

848 543 974 581 Scitur
1005 545 1222 594 consistere,

905 600 962 637 Ne
991 605 1123 647 patere

902 657 1096 695 Recedere

848 713 926 750 Nos
957 714 1004 751 ab
1034 714 1181 762 itinere,

792 769 867 807 Sed
897 781 976 816 ora,
1006 769 1174 808 fidelium

793 827 844 864 Ut
874 837 1025 874 gressus
1057 828 1220 865 omnium

792 884 836 920 In
868 894 908 920 se
940 884 1174 922 credentium

793 940 854 977 Ad
886 940 986 978 vitae
1016 940 1189 979 bravium

848 996 962 1034 Curet
994 997 1170 1046 dirigere.
1231 999 1367 1037 Amen.

751 1164 833 1200 282.
868 1165 926 1207 (8.)
961 1164 1018 1199 De
1044 1164 1174 1200 Beata
1197 1164 1329 1200 Maria
1353 1165 1400 1201 V.

301 1272 369 1308 la.
412 1270 586 1319 Laetare,
617 1269 802 1316 virginum
1117 1269 1189 1308 1b.
1226 1270 1280 1308 Ut
1310 1269 1418 1307 nobis
1449 1268 1600 1308 auferas

466 1327 557 1364 Flos
588 1326 838 1374 admirabilis,
1284 1327 1419 1364 Mundi
1451 1327 1662 1376 caliginem,

412 1385 486 1421 Per
516 1395 627 1430 quam
659 1385 723 1421 lux
755 1384 935 1421 luminum
1226 1384 1272 1421 In
1302 1387 1339 1420 te
1371 1382 1618 1422 confoederas

466 1440 586 1478 Facta
618 1440 778 1477 visibilis
1283 1440 1447 1478 Matrem
1479 1445 1517 1478 et
1548 1441 1730 1488 virginem

410 1497 590 1535 Obscuris
620 1497 809 1534 homiuum
1229 1497 1421 1544 Simulque
1454 1508 1612 1545 generas

469 1554 602 1591 Illuxit
631 1553 784 1593 nubilis.
1284 1554 1404 1591 Deum
1437 1559 1473 1592 et
1504 1555 1703 1594 hominem.

298 1658 366 1694 2a.
411 1656 610 1693 Parentem
641 1657 793 1703 pariens
1113 1655 1188 1695 2b.
1227 1657 1439 1703 Implentur
1469 1657 1619 1694 litterae

467 1713 588 1750 Alvus
618 1725 692 1750 non
722 1714 909 1762 parturit3
1283 1715 1420 1752 Vatum
1451 1725 1474 1751 a
1504 1715 1666 1761 saeculo,

410 1769 510 1807 Fons
539 1769 774 1817 indeficiens,
1226 1770 1324 1807 Dum
1353 1771 1408 1807 sic
1438 1771 1476 1808 in
1507 1781 1675 1818 paupere

470 1827 541 1872 Qui
572 1837 722 1873 semper
752 1827 922 1876 scaturit,
1285 1827 1424 1865 Latens
1454 1827 1640 1865 cunabulo

413 1883 500 1920 Sitit
531 1884 760 1931 multotiens,
1227 1884 1378 1922 Tonans
1409 1884 1446 1921 in
1478 1884 1633 1922 aethere

466 1940 515 1977 Et
547 1941 655 1987 panis
687 1941 815 1980 esurit.
1285 1941 1397 1988 Vagit
1425 1941 1465 1978 in
1495 1941 1658 1982 stabulo,

297 2044 368 2080 3a.
410 2042 572 2079 Mortem
605 2043 863 2089 turpissimam
1114 2042 1188 2082 3b.
1229 2043 1319 2080 Post
1348 2043 1452 2080 litem
1483 2043 1685 2081 maximam

464 2098 610 2136 Ferens
639 2100 816 2137 innoxius
1283 2100 1398 2137 Redit
1428 2099 1475 2137 ab
1506 2099 1642 2137 inferis

409 2155 528 2194 Offert
557 2167 596 2193 se
627 2157 817 2193 victimam
1225 2156 1341 2194 Ovem
1371 2157 1613 2194 centesimam

467 2213 509 2250 In
542 2223 651 2250 cruce
682 2213 843 2261 saucius⁷
1283 2214 1495 2260 Reportans
1526 2214 1666 2251 umeris

409 2269 460 2307 Et
491 2274 592 2307 tuam
624 2270 786 2307 animam
1225 2270 1529 2318 Drachmamque
1561 2271 1746 2309 decimam

468 2327 680 2364 Pertransit
710 2326 871 2374 gladius.
1281 2329 1316 2365 A
1347 2327 1456 2365 domo
1488 2327 1640 2366 cineris.

296 2430 366 2467 4a.
410 2428 499 2465 Post
530 2428 602 2465 hoc
633 2428 809 2466 eximium
1113 2428 1192 2468 4b.
1230 2427 1287 2465 Sit
1317 2427 1426 2466 nobis
1456 2427 1556 2465 filius

466 2485 706 2532 Mysterium‚
1286 2485 1488 2532 PropitiuS‚

523 2542 603 2587 Quo
634 2542 776 2579 nullum
809 2541 989 2589 sanctius,
1339 2543 1502 2589 Propter
1531 2552 1623 2588 quos
1655 2542 1804 2580 saucius

411 2599 484 2636 Per
513 2604 563 2645 te,
595 2599 810 2636 mortalium
1227 2598 1406 2636 Cruorem
1439 2598 1633 2645 proprium

467 2654 679 2704 Refugium,
1283 2655 1479 2693 Iunoxium

524 2712 603 2758 Quo
634 2712 774 2749 nullum
808 2712 937 2759 tutius,
1338 2711 1457 2750 Fudit
1483 2712 1651 2749 ulterius.
1669 2709 1703 2762 ¹)

391 2847 416 2887 ¹)
440 2849 524 2879 Dies
558 2848 643 2879 Lied
681 2847 772 2880 steht
809 2847 896 2879 auch
935 2849 970 2879 in
1002 2848 1104 2889 Trop.
1146 2858 1207 2879 ms.
1240 2848 1458 2880 Dublinense
1498 2848 1580 2879 anni
1620 2844 1718 2879 1352.
1773 2845 1855 2879 eod.

298 2894 557 2935 (jantabrigion.
579 2894 662 2925 Add.
690 2891 766 2925 710.
794 2912 834 2914 -
860 2894 1045 2925 Lesarteu:
1077 2893 1137 2932 lb,
1163 2892 1183 2925 5
1207 2895 1353 2935 generis.
1372 2911 1414 2915 --
1431 2891 1492 2931 3a,
1516 2891 1536 2925 6
1555 2893 1796 2925 Pertransivit.
1812 2907 1854 2914 -

296 2938 358 2978 4a,
383 2940 404 2972 3
430 2943 581 2971 sanctus.
608 2959 646 2962 —
674 2938 736 2978 4³,
762 2938 783 2971 4
808 2939 1021 2970 mortissimi.

1899 3119 2031 3289 nl
