1914 3223
697 151 1002 194 —217-

492 270 529 307 5.
564 267 715 306 Pulchri
746 277 895 315 gressus

618 325 697 361 eius
727 328 813 360 sunt
843 323 882 360 in
915 323 1064 369 calceis,

561 382 659 427 Quos
690 385 724 417 et
757 390 918 427 sponsus

616 437 807 474 collaudat
839 436 877 473 in
909 436 1078 481 canticis,

560 494 650 540 Quis
679 494 730 530 sit
759 493 838 530 eius

616 554 781 594 ornatus,
813 548 1046 596 praedictum
1078 553 1146 595 est,

559 609 638 655 Quo
669 607 718 643 sit
749 607 827 643 eius

614 673 847 711 progressus,
881 661 1079 699 dicendum
1112 665 1180 699 est.

613 718 618 723 '
675 720 750 767 Ipsi
783 719 908 769 decus,

728 777 800 823 ipsi
831 775 964 823 gloria,

671 833 740 880 Qui
772 836 827 869 tot
859 831 947 868 fecit

732 888 932 927 mirabilia.

165 1006 192 1037 B
217 1005 275 1036 fol.
299 1002 384 1036 961).
410 1022 451 1027 -—-
481 1002 508 1041 l,
537 1002 550 1034 l
572 1004 719 1042 Quanto.
748 1018 787 1022 —-
812 999 843 1039 2,
872 998 912 1032 12
931 1002 1032 1032 iucto.
1059 1018 1104 1022 —
1127 997 1158 1037 3,
1185 997 1203 1030 7
1222 999 1267 1030 Et
1292 1008 1380 1039 quae
1397 1008 1556 1030 coronas.
1582 1016 1623 1020 —

73 1050 104 1087 3,
129 1049 155 1082 9
175 1052 384 1082 Ceterarum.

593 1204 674 1240 233.
708 1204 811 1245 (123.)
847 1203 902 1238 Ad
928 1203 1094 1238 Laudes.

92 1324 125 1361 1.
159 1322 210 1360 Ut
237 1332 371 1359 aurora
414 1366 418 1372 ι
897 1322 932 1358 3.
967 1320 1057 1358 Cum
1089 1320 1136 1356 ad
1169 1329 1346 1365 sponsum

215 1388 440 1425 consurgens
472 1378 724 1426 progreditur,
1019 1377 1073 1413 sic
1104 1376 1267 1412 deducta
1298 1377 1441 1412 venerit

156 1436 256 1481 Quae
288 1435 458 1471 caelestis
964 1433 1015 1470 Et
1044 1433 1082 1470 in
1113 1432 1192 1469 eius

215 1492 342 1538 sponsi
373 1491 481 1527 thoro
512 1491 689 1537 iungitur.
1023 1489 1219 1536 complexu
1250 1489 1448 1535 quieverit,

158 1547 229 1584 Hic
260 1553 297 1584 ut
329 1558 464 1594 sponsa

213 1602 408 1641 foederata
440 1603 573 1646 fuerat,

157 1661 238 1697 lllic
266 1665 450 1707 tamquam

210 1728 303 1754 uxor
332 1717 404 1754 iam
437 1716 625 1753 cohabitat
638 1728 647 1757 ‚¹

269 1773 338 1810 Hic
367 1774 404 1810 in
435 1773 510 1810 fide

323 1828 421 1867 facta
453 1828 618 1874 foedera,

269 1887 349 1923 lllic
379 1887 415 1922 in
448 1896 488 1923 re

321 1954 456 1991 perpes
487 1943 634 1989 copula.

86 2058 123 2094 2.
155 2057 338 2103 Paranyin
344 2056 436 2102 phos

210 2113 288 2149 illic
318 2113 431 2149 habet
461 2113 625 2161 angelos,

155 2172 254 2214 Quos
285 2169 457 2206 custodes

210 2225 338 2262 habuit
369 2225 429 2262 liic
459 2227 647 2273 proprios,

154 2282 214 2319 Ad
245 2293 406 2329 superna

210 2339 455 2376 thalamorum
488 2339 622 2385 gaudia

157 2395 262 2431 Illam
294 2406 431 2442 pompa

211 2451 363 2488 deducit
392 2452 584 2499 angelica;

266 2508 362 2544 Hinc
392 2508 537 2545 obviam

321 2565 426 2611 virgo
458 2565 632 2613 virgines,

267 2621 375 2657 Illinc
405 2627 548 2667 martyr

964 1550 1042 1592 Qua
1074 1544 1221 1583 fruatur

1020 1602 1150 1650 gloria,
1183 1602 1266 1649 quis
1299 1602 1448 1651 dixerit,

963 1664 1064 1708 Quae
1094 1669 1198 1695 mens
1229 1663 1335 1695 tanta

1021 1716 1158 1763 gaudia
1190 1715 1434 1762 conceperit?

1075 1773 1137 1809 Ad
1171 1772 1263 1809 haec
1293 1777 1395 1809 certe

1132 1839 1240 1866 nemo
1270 1827 1423 1875 sufficit,

1079 1886 1159 1922 Nisi
1191 1884 1301 1933 forte,

1135 1953 1217 1979 cuin
1249 1943 1341 1979 haec
1371 1942 1545 1980 senserit.

921 2086 930 2095 .
962 2056 1068 2094 Haec
1098 2061 1185 2093 sunt
1213 2056 1292 2103 illa,

1018 2124 1112 2160 quae
1143 2125 1214 2149 non
1249 2113 1343 2150 vidit
1373 2113 1502 2150 oculus

963 2170 1044 2207 Nec
1069 2170 1240 2206 humanis

1019 2227 1103 2274 capi
1135 2231 1291 2273 possunt
1324 2226 1514 2274 cordibus,

961 2284 1063 2329 Quae
1094 2293 1133 2320 se
1164 2283 1266 2320 Deus

1019 2340 1176 2387 praebet
1208 2340 1463 2386 diligentibus,

962 2396 1022 2433 Ab
1053 2397 1216 2434 aeternis

948 2461 953 2466 ·
1018 2459 1152 2500 parata,
1182 2453 1426 2500 temporibus

1076 2510 1154 2556 Ipsi
1188 2511 1313 2559 decus,

1130 2567 1203 2613 ipsi
1233 2567 1363 2616 gloria,

1073 2626 1143 2670 Qui
1174 2628 1229 2660 tot
1260 2622 1350 2660 fecit

322 2677 434 2714 habet
465 2683 661 2725 martyres.
1131 2680 1330 2719 mirabilia.

160 2790 186 2822 B
211 2790 268 2821 fol.
294 2788 378 2821 961).
407 2809 445 2812 -
472 2792 498 2823 Ο
525 2791 581 2822 fol.
606 2789 671 2823 220
682 2802 711 2822 a.
738 2811 770 2815 —-
794 2792 820 2832 l,
849 2791 871 2824 4
894 2793 998 2825 choro
1025 2794 1068 2830 C:
1096 2794 1287 2834 iunguntur
1305 2794 1340 2824 B.
1360 2811 1404 2815 —
1423 2792 1451 2832 1,
1477 2792 1498 2825 5
1523 2794 1622 2827 Sicut

68 2845 195 2878 sponsa
223 2837 257 2867 15.
353 2833 388 2873 l,
420 2834 440 2867 6
472 2836 590 2868 fecerit
616 2838 651 2868 Β.
678 2855 720 2860 —-
749 2836 784 2874 1,
817 2836 838 2870 9
863 2838 921 2870 Sic
954 2841 986 2870 in
1022 2839 1087 2870 fide
1115 2839 1150 2870 13.
1179 2856 1214 2860 —-
1244 2837 1282 2873 2.
1316 2836 1337 2869 2
1362 2839 1490 2871 habent
1515 2839 1550 2870 B.
1580 2856 1620 2861 -

67 2879 99 2921 2,
125 2879 146 2912 4
170 2880 335 2913 habemus
361 2882 398 2912 B.
427 2901 458 2904 —-
492 2880 523 2922 2,
549 2881 570 2913 ὅ
593 2882 735 2914 deduxit
759 2884 796 2915 C.
822 2901 865 2907 —-
891 2882 920 2923 2,
952 2883 988 2915 11
1016 2889 1125 2916 mater
1152 2886 1187 2916 Β.
1213 2902 1256 2906 --
1281 2882 1313 2924 4,
1338 2882 1358 2915 2
1383 2885 1502 2916 oeulos
1530 2887 1566 2917 B.
