2031 3289
998 159 1306 200 *456—

763 327 845 364 440.
880 327 962 370 (13.)
995 327 1054 363 De
1078 327 1220 364 sancto
1246 326 1426 362 Iohanne
1449 326 1519 361 Ev.

1015 407 1127 451 Super
1150 407 1282 451 Agnus.

387 512 426 552 1.
457 512 553 560 Ave,
586 515 711 549 custos
741 516 782 549 tn
811 511 960 549 Mariae
1200 512 1240 550 2.
1270 511 1367 559 Ave,
1397 510 1524 547 lumen
1553 509 1657 546 orbis
1685 509 1842 562 clarum,

458 568 509 606 Et
541 568 715 605 caelestis
743 579 810 606 vas
839 568 1006 618 sophiae,
1270 567 1366 611 Ave,
1397 564 1536 603 florens
1565 564 1634 602 fios
1665 576 1848 614 rosarum,

458 624 488 662 Ο
518 624 707 662 Iohannes
738 624 872 670 dulcis,
905 624 979 671 pie,
1271 623 1301 661 Ο
1335 622 1535 668 Iohannes,
1566 625 1609 658 tu
1638 625 1851 659 nostrarum

459 680 593 718 Clarus
625 681 700 718 dux
732 681 907 718 caelestis
937 680 1034 719 viae.
1271 678 1368 717 Dele
1397 679 1530 716 sordes
1557 677 1801 718 macularum.

773 783 812 820 3.
842 782 938 831 Ave,
969 780 1051 827 apis
1082 780 1205 817 mellis
1235 780 1360 826 plena,

843 838 938 887 Ave,
971 837 1102 874 mundi
1131 836 1197 873 lux
1227 846 1372 887 serena,

843 894 874 932 Ο
906 893 1105 940 Iohannes,
1137 893 1218 929 sine
1248 903 1371 940 poena

847 950 931 987 Duc
961 961 1028 987 nos
1061 949 1156 986 caeli
1186 949 1236 986 ad
1267 959 1435 986 amoena.

704 1138 786 1175 441.
821 1138 904 1181 (14.)
936 1138 995 1173 De
1021 1138 1163 1173 sancta
1187 1137 1319 1172 Maria
1342 1137 1598 1180 magdalena.

1011 1219 1123 1260 Super
1148 1219 1281 1261 Agnus.

420 1355 429 1363 .
460 1325 556 1376 Ave,
586 1323 716 1361 Iudith
745 1323 916 1371 pulchra,
948 1321 1071 1372 fortis,
1201 1324 1238 1360 2.
1271 1323 1367 1369 Ave,
1401 1321 1522 1358 dulcis
1552 1320 1748 1371 advocata,

458 1381 562 1427 Quae
590 1380 737 1418 necasti
768 1380 902 1417 ducem
930 1379 1076 1428 mortis,
1269 1377 1508 1424 Resurgendi
1536 1375 1660 1414 forma
1689 1376 1792 1426 data,

457 1437 552 1488 Duc,
584 1437 722 1486 Maria,
752 1448 820 1474 nos
852 1436 899 1474 de
929 1435 1050 1483 portis
1270 1434 1300 1472 Ο
1333 1434 1470 1481 Maria,
1501 1433 1583 1471 Deo
1612 1436 1732 1481 grata,

458 1494 545 1531 Leti
575 1497 613 1530 et
643 1492 705 1531 fac
733 1496 822 1531 ‘tuae
852 1493 978 1530 sortis.
1271 1490 1422 1528 Perduc
1451 1501 1519 1528 nos
1549 1489 1599 1528 ad
1631 1489 1726 1528 caeli
1755 1492 1878 1538 prata.

775 1596 812 1633 3.
844 1594 939 1641 Ave,
971 1593 1087 1630 lotrix
1116 1592 1256 1640 pedum
1287 1591 1442 1638 Christi,

846 1649 1100 1687 Lacrimando
1129 1660 1221 1697 quos
1252 1648 1401 1697 lavisti3

848 1707 878 1745 Ο
909 1706 1047 1751 Maria,
1077 1710 1167 1743 tunc
1197 1705 1358 1742 audisti:

848 1763 931 1801 Sint
964 1763 1131 1810 dimissa⁷
1163 1772 1258 1809 quae
1289 1760 1426 1802 fecisti,

1990 288 2031 1243 Qun—nme.-

2019 1850 2026 1861 ’
2021 1753 2028 1777 ·<
2012 1671 2031 1727 '1¹¹¹
2011 1581 2031 1647 '¹9⁷5
2013 1510 2031 1564 ΞΥ.
