2031 3289
968 197 1023 202 .-
1081 174 1134 215 56
1195 195 1246 200 -

525 292 590 330 39.
623 290 764 328 Libera
795 288 910 326 corda
938 287 1011 325 sibi
1042 286 1187 324 facinus
1219 287 1444 324 devinxerat
1473 285 1575 331 olim,

679 346 790 383 Nunc
820 343 941 382 reficit
974 344 1146 382 Christus
1177 343 1299 380 libera
1329 342 1444 379 corda
1474 341 1560 380 sibi.

528 437 595 475 40.
627 436 758 474 Fortia
789 435 914 472 vincla
945 434 1052 471 dedit
1082 433 1228 480 peccati
1258 442 1372 469 saeva
1400 436 1583 480 potestas,

678 492 810 529 Dulcis
840 502 946 528 amor
976 489 1119 528 Christi
1151 487 1264 526 fortia
1297 488 1421 525 vincla
1453 488 1570 527 dedit.

528 581 595 621 41.
626 583 704 619 Iam
736 590 850 627 super
880 584 983 617 astra
1014 579 1144 620 sedet:
1173 579 1297 615 cuncti
1329 578 1515 614 exsultate
1546 567 1699 615 fideles'!

681 637 845 683 Perfide,
877 637 968 683 quid
1000 635 1154 674 saevis?
1184 635 1259 671 iam
1290 645 1405 681 super
1435 639 1538 671 astra
1568 634 1688 672 sedet.

532 731 599 767 42.
632 728 807 766 Mortuus
831 727 897 764 ille
927 730 1046 773 tonat,
1079 725 1223 762 caelum
1255 729 1471 771 terramque
1501 723 1669 771 subegit;

677 784 775 831 Quid
807 782 945 821 facient
976 781 1130 819 hostes?
1161 787 1328 818 mortuus
1359 781 1425 817 ille
1454 784 1573 820 tonat.

531 877 596 914 43.
629 875 792 913 Pellitur
822 873 954 911 umbra
989 873 1061 921 die,
1095 872 1247 910 Christo
1278 871 1451 908 veniente
1481 870 1620 920 figura3

685 931 860 969 Christus
891 930 973 967 adit
1001 933 1143 976 gentes,
1175 928 1333 975 pellitur
1363 927 1497 964 umbra
1528 927 1601 965 die.

533 1024 600 1062 44.
633 1022 687 1059 Te
717 1030 925 1068 properare
957 1020 1093 1056 docent
1125 1023 1160 1055 et
1191 1019 1298 1065 signa
1331 1023 1367 1054 et
1399 1018 1549 1054 saecula
1580 1017 1724 1066 prima,

678 1077 756 1115 Nos
786 1087 907 1126 sacra,
940 1087 1035 1123 quae
1067 1075 1240 1123 gerimus,
1275 1080 1312 1111 te
1341 1084 1548 1121 properare
1580 1075 1729 1113 docent.

530 1172 597 1208 45.
628 1169 771 1207 Unicus
802 1167 1008 1205 adveniens
1036 1165 1201 1203 firmavit
1233 1168 1320 1202 vota
1350 1165 1532 1211 priorum,

680 1226 781 1262 Vota
812 1224 917 1261 dedit
949 1223 1057 1260 nobis
1086 1223 1219 1260 unicus
1250 1222 1469 1259 adveniens.

530 1318 598 1355 46.
632 1316 779 1364 Passio,
813 1314 976 1362 Christe,
1010 1314 1063 1350 tui
1096 1313 1297 1359 complevit
1329 1322 1484 1349 munera
1514 1311 1631 1358 legis,

679 1372 842 1409 Munera
871 1375 1000 1408 nostra
1031 1370 1154 1416 replet
1185 1369 1324 1416 passio,
1357 1369 1520 1415 Christe,
1555 1368 1623 1405 tui.

538 1464 605 1504 47.
639 1463 713 1502 Hic
745 1463 867 1507 homo,
900 1462 963 1508 qui
994 1461 1096 1498 Deus
1128 1464 1197 1503 est,
1229 1471 1315 1506 spes
1347 1465 1404 1496 est
1434 1459 1589 1506 antiqua
1615 1459 1798 1507 priorum,

680 1519 775 1566 Spes
806 1519 843 1556 in
872 1518 946 1555 fine
977 1519 1050 1565 piis
1081 1517 1143 1554 hic
1174 1517 1294 1562 homo,
1327 1517 1390 1563 qui
1420 1516 1524 1553 Deus
1552 1520 1620 1555 est.

530 1611 597 1650 48.
628 1610 767 1648 Munus
799 1609 870 1646 erit
902 1607 990 1645 fidei
1021 1612 1100 1644 toto
1132 1606 1374 1644 credentibus
1405 1617 1519 1655 aev03

681 1666 752 1713 Qui
784 1665 903 1704 dedit,
935 1670 974 1701 ut
1007 1664 1177 1710 credant,
1210 1674 1343 1700 munus
1373 1663 1444 1700 erit
1475 1662 1579 1700 fidei.

532 1758 598 1797 49.
631 1758 687 1795 Te
717 1757 902 1805 veniente,
928 1755 1043 1802 Deus,
1076 1754 1287 1791 mundanus
1319 1753 1485 1790 concidit
1515 1763 1636 1798 error,

684 1812 835 1851 Occidit
866 1812 926 1848 hic
958 1811 1119 1848 mundus
1150 1815 1188 1847 te
1220 1811 1406 1858 veniente,
1439 1809 1556 1847 Deus.

536 1905 601 1943 50.
634 1903 769 1942 Gratia
799 1904 912 1950 plena
942 1903 1013 1940 Dei
1046 1907 1114 1948 est,
1147 1912 1242 1948 quae
1273 1901 1362 1937 totis
1394 1899 1568 1947 gentibus
1599 1904 1734 1946 exstat,

686 1960 907 1998 Abscedant
939 1963 1078 2007 sectae,
1111 1958 1231 2006 gratia
1263 1958 1376 2004 plena
1407 1957 1478 1994 Dei
1508 1961 1577 1996 est.

536 2052 602 2091 51.
635 2051 723 2090 Sola
753 2050 927 2088 columba
958 2050 1069 2098 redit,
1105 2059 1199 2096 quae
1230 2052 1348 2085 totum
1379 2047 1511 2084 circuit
1543 2046 1685 2094 orbem,

686 2108 895 2145 Discedam
929 2106 1044 2151 corvi,
1077 2106 1157 2142 sola
1190 2105 1361 2141 columba
1392 2104 1503 2141 redit.

536 2201 601 2238 52.
634 2199 826 2236 Adveniet
854 2198 1037 2235 Dominus
1072 2197 1163 2234 dare
1195 2196 1309 2242 digna
1339 2195 1424 2242 piis.
1455 2195 1554 2232 mala
1584 2194 1735 2241 pravis;

688 2255 841 2293 Credite
871 2255 956 2301 iam,
990 2251 1137 2292 miseri!
1169 2252 1344 2290 adveniet
1376 2252 1568 2289 Dominus.

539 2348 605 2385 53.
638 2346 752 2391 Υίείο,
785 2345 948 2393 Christe,
981 2344 1033 2381 tui
1065 2347 1290 2380 tormentum
1323 2347 1358 2378 et
1390 2352 1512 2389 poena
1542 2341 1725 2378 malorum
1757 2344 1825 2390 est,

689 2402 822 2440 Gloria
854 2408 988 2438 cuncta
1020 2400 1127 2437 bonis
1161 2399 1267 2447 visio,
1301 2399 1464 2444 Christe,
1498 2398 1564 2436 tui.
1862 2403 1865 2405 ’

537 2496 602 2533 54.
636 2493 768 2531 Gloria
798 2504 931 2539 magna
963 2492 1075 2538 patri.
1108 2500 1258 2537 semper
1287 2489 1356 2526 tibi
1388 2489 1521 2538 gloria,
1553 2494 1654 2536 nate,

689 2551 780 2589 Cum
813 2554 942 2586 sancto
974 2549 1111 2595 spiritu
1142 2547 1262 2593 gloria
1293 2557 1427 2593 magna
1458 2545 1571 2592 patri.

436 2673 579 2705 Collect.
605 2684 666 2705 ms.
693 2674 889 2705 Bobbiense
915 2682 1003 2704 saec.
1032 2670 1061 2703 7.
1103 2670 1185 2703 Cod.
1211 2670 1397 2701 Tauriuen.
1417 2668 1446 2699 E
1465 2669 1515 2700 IV
1541 2667 1595 2699 44.
1621 2665 1665 2698 A.
1697 2685 1734 2688 —
1755 2666 1896 2699 Collect.

347 2731 407 2751 ms.
433 2719 751 2760 Anglosaxonicum
788 2729 877 2750 saec.
908 2716 938 2750 8.
987 2717 1068 2749 Cod.
1094 2715 1275 2749 Gothanus
1301 2715 1317 2746 I
1343 2712 1396 2745 75.
1423 2715 1462 2745 B.
1487 2731 1529 2735 —
1555 2713 1698 2746 Collect.
1724 2721 1785 2743 ms.
1810 2709 1896 2743 Con.

345 2766 487 2797 Trecen.
527 2774 615 2796 saec.
649 2763 679 2796 9.
732 2764 814 2796 eod.
848 2762 1142 2804 Montcpessulan.
1176 2758 1242 2792 362
1285 2762 1322 2792 C.
1355 2777 1398 2780 —
1424 2759 1565 2791 Collect.
1600 2769 1661 2789 ms.
1689 2761 1722 2790 5.
1749 2755 1896 2798 Remigii

348 2812 488 2842 Romen.
518 2819 606 2841 saec.
634 2808 665 2841 9.
715 2809 797 2841 Cod.
822 2809 971 2840 Parisin.
998 2806 1097 2840 9347.
1125 2808 1167 2838 l).
1193 2823 1235 2827 ——
1261 2805 1402 2837 Collect.
1430 2815 1492 2836 ms.
1518 2804 1727 2836 corbeiense
1752 2811 1840 2833 saec.
1865 2798 1896 2832 9.

348 2856 430 2887 Cod.
471 2856 620 2886 Parisin.
660 2853 787 2887 14143.
821 2854 861 2886 Ε.
895 2872 936 2875 —
971 2853 1113 2885 Collect.
1149 2862 1210 2883 ms.
1236 2851 1403 2882 Pratense
1436 2860 1525 2881 saec.
1559 2848 1590 2880 9.
1638 2848 1721 2881 Cod.
1747 2847 1896 2879 Parisin.

350 2899 474 2934 13377·
509 2901 545 2931 F·
580 2917 620 2921 --
655 2901 798 2933 collect.
833 2911 895 2931 ms-
928 2900 1101 2941 Augiense
1135 2908 1224 2929 saec.
1257 2894 1288 2928 9.
1322 2906 1374 2928 ex.
1422 2895 1505 2927 Cod.
1539 2893 1785 2926 Carolsruhan.
1811 2892 1896 2933 Aug.
