2031 3289
949 181 1252 221 —368-

332 300 399 337 44.
430 298 611 336 Lectulus
640 300 768 334 noster
797 296 958 342 floridus

430 354 697 400 Munditiaque
727 352 951 399 splendidus

490 410 611 447 Debet
644 419 725 446 esse
755 409 793 445 in
825 409 986 455 homine,

433 466 517 503 Non
551 465 662 503 debet
694 475 775 501 esse
805 465 982 502 sordidus

431 523 569 559 Lectus
601 521 726 559 cordis
757 531 825 557 nec
856 521 1029 566 hispidus

489 580 563 616 Pro
594 583 631 614 te
662 582 699 614 et
726 588 794 624 pro
817 589 874 612 me
897 577 1061 625 virgine3

435 635 614 672 Immunis
645 634 893 682 turpitudine,

434 691 596 729 Ornatus
626 690 881 727 sanctitudine

489 747 613 785 Debet
644 757 726 782 esse
758 752 794 782 et
825 746 986 791 lucidus,

433 803 617 851 Scopatus
650 803 907 849 paenitudine,

435 861 602 898 Situatus
636 861 827 896 cacumine

491 917 592 953 Tuae
625 916 746 952 crucis
777 916 880 961 quasi
914 915 1036 952 nidus.

1147 297 1210 333 45.
1243 295 1461 332 Domorum
1490 297 1713 331 nostrarum
1742 293 1852 343 tz'yna

1243 351 1393 388 Debent
1424 361 1506 387 esse
1537 351 1590 387 sic
1621 351 1788 401 cedrina,

1301 407 1407 454 Quod
1440 405 1592 454 fastigia
1624 408 1795 445 cordium

1246 466 1279 501 A
1313 463 1529 509 corruptela
1559 464 1696 510 vicina,

1247 520 1498 565 Dependente
1526 519 1573 556 ab
1605 520 1749 565 arnina,

1303 576 1416 612 Suum
1449 576 1616 613 eximant
1647 576 1838 625 studium3

1245 632 1396 669 Debent
1426 642 1508 668 esse
1539 637 1576 668 et
1607 633 1770 669 omnium

1246 688 1475 734 Laquearia
1507 689 1699 735 mentium,

1303 744 1369 781 Sic
1397 744 1479 780 fieri
1510 745 1744 792 cypressina,

1246 801 1353 845 Quod
1384 805 1542 846 propter
1572 812 1666 847 opus
1700 801 1845 838 varium

1246 857 1400 894 Nullum
1432 857 1653 903 permittant
1683 858 1814 894 vitium

1304 913 1436 950 Secum
1470 924 1552 950 esse
1581 915 1620 950 in
1652 914 1794 953 carina.

991 1128 1132 1166 caput
1154 1127 1209 1160 ΙΙ.

800 1209 1038 1247 Christus
1078 1208 1137 1246 ad
1175 1209 1401 1255 angelos.

366 1334 401 1372 1.
432 1334 515 1380 Eyo
548 1345 628 1370 sum
657 1335 727 1379 flos
759 1336 793 1370 et
822 1333 948 1370 lilium

437 1390 576 1436 Campi
605 1395 718 1436 atque
748 1389 995 1437 convallium,

490 1447 553 1483 Ad
575 1457 683 1493 quem
708 1447 847 1483 debent
870 1456 1066 1483 recurrere

436 1503 487 1541 Ut
519 1514 609 1549 apes
641 1504 846 1540 alvearium

436 1560 574 1597 Omnes
604 1560 738 1596 turbae
768 1559 949 1607 fidelium,

493 1616 564 1662 Qui
594 1617 705 1652 melle
737 1617 867 1653 volunt
898 1616 1046 1665 vivere3

436 1674 489 1712 Ut
518 1673 578 1709 lac
607 1673 644 1709 in
676 1674 807 1710 matris
838 1673 966 1721 ubere,

433 1729 513 1766 Mel
545 1734 603 1765 est
632 1730 669 1765 in
702 1740 783 1766 meo
812 1729 933 1766 latere

491 1786 552 1822 Ad
563 1790 712 1832 pastum
726 1797 783 1822 me
796 1786 1066 1834 quaerentium,

435 1841 513 1878 Mel
546 1842 662 1879 offero
695 1853 798 1879 meae
831 1853 940 1879 cerae

438 1897 650 1935 Scientibus
682 1910 741 1935 me
772 1910 905 1946 sugere

493 1955 704 1992 Affectione
736 1956 919 1994 cordium.

1172 1334 1216 1370 ,2.
1248 1332 1358 1370 Inter
1386 1333 1493 1380 filias
1523 1333 1663 1380 pudica

1249 1390 1402 1426 Eminet
1432 1400 1516 1426 mea
1547 1390 1677 1428 amica

1309 1446 1359 1483 Ut
1388 1446 1488 1482 inter
1515 1446 1650 1492 spinas
1680 1446 1818 1491 lilium,

1249 1502 1364 1539 Nulla
1395 1507 1450 1539 est
1481 1503 1519 1539 in
1551 1514 1633 1540 mea
1665 1504 1751 1540 dica

1250 1558 1312 1596 Sic
1342 1559 1515 1595 immunis
1546 1559 1593 1596 ab
1625 1560 1755 1606 iniqua

1308 1615 1428 1662 Culpa
1459 1616 1717 1664 originaliumt,

1251 1672 1348 1708 Nam
1379 1672 1475 1708 hanc
1506 1683 1574 1718 per
1604 1673 1845 1720 privilegium

1249 1731 1350 1766 Ante
1379 1740 1485 1765 suum
1518 1729 1715 1766 exordium

1306 1785 1535 1831 Exemptavi
1567 1786 1614 1822 ab
1648 1786 1718 1823 hac
1748 1785 1860 1837 plica,

1251 1842 1304 1880 Ut
1334 1842 1421 1878 huic
1451 1852 1575 1880 rosam
1607 1847 1644 1878 et
1674 1842 1852 1890 pretium,

1251 1898 1437 1935 Coronam
1469 1906 1505 1936 et
1539 1899 1738 1945 imperium

1306 1955 1381 1992 Det
1423 1966 1520 1992 nova
1554 1955 1615 1992 lex
1648 1961 1683 1992 et
1715 1955 1882 2002 antiqua.

885 2148 1048 2186 Mater
1089 2147 1145 2185 de
1185 2146 1317 2186 filio.

369 2273 408 2310 3.
437 2271 548 2308 Inter
577 2271 678 2318 filios
709 2272 851 2308 electus

437 2327 558 2364 Filius
589 2339 695 2365 meus
726 2328 881 2366 dilectus

494 2385 545 2422 Et
585 2387 625 2422 ut
655 2385 803 2421 malum
834 2385 933 2421 inter
965 2384 1070 2432 liqna

439 2441 635 2479 Sile-arum
666 2442 781 2488 solus,
815 2442 985 2478 detectus

438 2497 490 2534 Et
521 2497 732 2544 perfossum
762 2498 904 2534 habens
926 2502 1070 2546 pectus,

496 2555 1068 2605 Quasimonstrandopersigna,

438 2611 545 2658 Quod
576 2622 680 2648 mens
712 2611 791 2647 eius
818 2615 876 2647 cst
897 2611 1070 2657 benigna,

439 2667 491 2705 Et
521 2666 678 2704 brachia
708 2678 776 2704 sua
806 2668 910 2714 tigna

498 2723 604 2770 Sunt,
628 2723 762 2770 quibus
785 2725 857 2761 erit
877 2727 1070 2770 protectus

440 2779 502 2817 Ab
533 2780 714 2817 instantia
744 2781 922 2827 maligna,

442 2837 512 2882 Qui
544 2837 743 2874 devotione
776 2837 890 2884 digna

499 2892 577 2929 Sibi
611 2892 724 2930 fuerit
754 2893 956 2933 subiectus,

1184 2273 1222 2310 4.
1253 2271 1332 2309 Sub
1362 2272 1500 2308 umbra
1529 2272 1609 2309 sedi
1640 2271 1760 2319 illius,

1254 2328 1323 2374 Qui
1355 2340 1536 2375 nusquam
1567 2328 1722 2365 umbrae
1752 2328 1866 2365 ullius

1312 2385 1414 2430 Fuit,
1446 2396 1527 2421 cum
1559 2385 1605 2421 sit
1636 2385 1700 2421 lux
1723 2383 1883 2432 fulgida,

1254 2442 1331 2479 Sed
1364 2453 1446 2478 cum
1477 2442 1529 2478 nil
1562 2441 1798 2478 tenebrosius

1255 2497 1310 2535 Sit
1341 2499 1432 2535 mihi
1465 2499 1522 2535 vel
1555 2498 1780 2544 umbrosius,

1310 2555 1428 2601 Quam
1459 2565 1559 2591 mors
1580 2555 1683 2591 illius
1705 2553 1884 2603 horrida3

1254 2611 1344 2649 Sodi
1376 2612 1550 2648 nimirum
1583 2610 1739 2648 turbida

1252 2668 1333 2705 Nec
1364 2669 1402 2704 in
1431 2678 1489 2704 me
1520 2666 1574 2704 fui
1604 2667 1819 2714 splendida,

1310 2724 1441 2762 Donec
1457 2724 1632 2773 surrexit,
1652 2735 1762 2771 quem
1778 2723 1885 2770 prius

1251 2781 1571 2818 Desideraveram
1605 2780 1682 2818 fida

1252 2838 1383 2875 Mente
1414 2838 1525 2874 nimis
1558 2842 1592 2873 et
1625 2835 1784 2884 fervida,

1310 2895 1400 2932 Cum
1435 2894 1488 2931 nil
1520 2894 1611 2930 mihi
1642 2893 1691 2930 sit
1723 2892 1883 2932 dulcius.

2018 2437 2031 2450 κ
2014 2042 2031 2401 *-ffl4.—-.-.„A-—.1
2014 1923 2031 2023 ..1.—.
2016 1885 2019 1890 ·
