<?xml version="1.0" encoding="UTF-8"?>
<!DOCTYPE html PUBLIC "-//W3C//DTD XHTML 1.0 Transitional//EN"
    "http://www.w3.org/TR/xhtml1/DTD/xhtml1-transitional.dtd">
<html xmlns="http://www.w3.org/1999/xhtml" xml:lang="en" lang="en">
 <head>
  <title>
</title>
<meta http-equiv="Content-Type" content="text/html;charset=utf-8" />
  <meta name='ocr-system' content='tesseract 3.04.00' />
  <meta name='ocr-capabilities' content='ocr_page ocr_carea ocr_par ocr_line ocrx_word'/>
</head>
<body>
  <div class='ocr_page' id='page_1' title='image "./hymnographilatin01drevuoft_0295.png"; bbox 0 0 1914 3223; ppageno 0'>
   <div class='ocr_carea' id='block_1_1' title="bbox 675 220 976 263">
    <p class='ocr_par' dir='ltr' id='par_1_1' title="bbox 675 220 976 263">
     <span class='ocr_line' id='line_1_1' title="bbox 675 220 976 263; baseline -0.003 -1"><span class='ocrx_word' id='word_1_1' title='bbox 675 245 722 249; x_wconf 86' lang='lat'><em>-</em></span> <span class='ocrx_word' id='word_1_2' title='bbox 785 220 864 263; x_wconf 75' lang='lat'>289</span> <span class='ocrx_word' id='word_1_3' title='bbox 922 243 976 249; x_wconf 86' lang='lat'>--</span> 
     </span>
    </p>
   </div>
   <div class='ocr_carea' id='block_1_2' title="bbox 66 327 785 498">
    <p class='ocr_par' dir='ltr' id='par_1_2' title="bbox 66 327 785 498">
     <span class='ocr_line' id='line_1_2' title="bbox 66 327 785 386; baseline -0.013 -5"><span class='ocrx_word' id='word_1_4' title='bbox 66 327 163 381; x_wconf 81' lang='lat' dir='ltr'><strong>11a.</strong></span> <span class='ocrx_word' id='word_1_5' title='bbox 194 343 226 378; x_wconf 88' lang='lat' dir='ltr'>A</span> <span class='ocrx_word' id='word_1_6' title='bbox 258 344 306 383; x_wconf 86' lang='lat' dir='ltr'>te,</span> <span class='ocrx_word' id='word_1_7' title='bbox 340 339 455 386; x_wconf 80' lang='lat' dir='ltr'>virgo,</span> <span class='ocrx_word' id='word_1_8' title='bbox 486 347 635 375; x_wconf 81' lang='lat' dir='ltr'>carnem</span> <span class='ocrx_word' id='word_1_9' title='bbox 659 347 785 374; x_wconf 84' lang='lat' dir='ltr'>veram</span> 
     </span>
     <span class='ocr_line' id='line_1_3' title="bbox 190 394 784 435; baseline -0.008 -1"><span class='ocrx_word' id='word_1_10' title='bbox 190 396 368 435; x_wconf 84' lang='lat' dir='ltr'>Mundam</span> <span class='ocrx_word' id='word_1_11' title='bbox 386 405 534 433; x_wconf 87' lang='lat' dir='ltr'>sumens</span> <span class='ocrx_word' id='word_1_12' title='bbox 551 398 588 431; x_wconf 85' lang='lat' dir='ltr'>et</span> <span class='ocrx_word' id='word_1_13' title='bbox 601 394 784 430; x_wconf 79' lang='lat' dir='ltr'>sinceram</span> 
     </span>
     <span class='ocr_line' id='line_1_4' title="bbox 247 450 743 498; baseline -0.008 -8"><span class='ocrx_word' id='word_1_14' title='bbox 247 452 387 491; x_wconf 84' lang='lat' dir='ltr'>Nostro</span> <span class='ocrx_word' id='word_1_15' title='bbox 418 461 570 489; x_wconf 85' lang='lat' dir='ltr'>manens</span> <span class='ocrx_word' id='word_1_16' title='bbox 600 450 743 498; x_wconf 88' lang='lat' dir='ltr'>habitu,</span> 
     </span>
    </p>
   </div>
   <div class='ocr_carea' id='block_1_3' title="bbox 71 543 750 693">
    <p class='ocr_par' dir='ltr' id='par_1_3' title="bbox 71 543 750 693">
     <span class='ocr_line' id='line_1_5' title="bbox 71 543 657 587; baseline -0.014 -3"><span class='ocrx_word' id='word_1_17' title='bbox 71 547 166 584; x_wconf 67' lang='lat'>1221.</span> <span class='ocrx_word' id='word_1_18' title='bbox 197 543 324 580; x_wconf 88' lang='lat' dir='ltr'>Omnis</span> <span class='ocrx_word' id='word_1_19' title='bbox 356 552 443 587; x_wconf 68' lang='lat' dir='ltr'>ergo</span> <span class='ocrx_word' id='word_1_20' title='bbox 474 550 657 578; x_wconf 76' lang='lat' dir='ltr'>venenosa</span> 
     </span>
     <span class='ocr_line' id='line_1_6' title="bbox 200 596 750 646; baseline -0.005 -10"><span class='ocrx_word' id='word_1_21' title='bbox 200 600 352 646; x_wconf 77' lang='lat' dir='ltr'>Lingua,</span> <span class='ocrx_word' id='word_1_22' title='bbox 385 608 522 645; x_wconf 79' lang='lat' dir='ltr'>procax</span> <span class='ocrx_word' id='word_1_23' title='bbox 556 602 588 632; x_wconf 81' lang='lat' dir='ltr'>et</span> <span class='ocrx_word' id='word_1_24' title='bbox 623 596 750 633; x_wconf 82' lang='lat' dir='ltr'>dolosa</span> 
     </span>
     <span class='ocr_line' id='line_1_7' title="bbox 252 653 638 693; baseline -0.008 0"><span class='ocrx_word' id='word_1_25' title='bbox 252 655 336 693; x_wconf 89' lang='lat' dir='ltr'>Suis</span> <span class='ocrx_word' id='word_1_26' title='bbox 367 654 403 692; x_wconf 92' lang='lat' dir='ltr'>in</span> <span class='ocrx_word' id='word_1_27' title='bbox 435 653 638 691; x_wconf 74' lang='lat' dir='ltr'>mendaciis</span> 
     </span>
    </p>
   </div>
   <div class='ocr_carea' id='block_1_4' title="bbox 73 735 773 896">
    <p class='ocr_par' dir='ltr' id='par_1_4' title="bbox 73 735 773 896">
     <span class='ocr_line' id='line_1_8' title="bbox 73 735 773 793; baseline -0.009 -8"><span class='ocrx_word' id='word_1_28' title='bbox 73 750 119 785; x_wconf 71' lang='grc' dir='ltr'>1ὶῖ</span> <span class='ocrx_word' id='word_1_29' title='bbox 134 760 166 785; x_wconf 84' lang='lat' dir='ltr'>a.</span> <span class='ocrx_word' id='word_1_30' title='bbox 201 747 336 785; x_wconf 85' lang='lat' dir='ltr'>Omnes</span> <span class='ocrx_word' id='word_1_31' title='bbox 367 756 467 793; x_wconf 81' lang='lat' dir='ltr'>ergo,</span> <span class='ocrx_word' id='word_1_32' title='bbox 499 745 560 791; x_wconf 90' lang='lat' dir='ltr'>qui</span> <span class='ocrx_word' id='word_1_33' title='bbox 591 735 773 791; x_wconf 57' lang='lat' dir='ltr'>&#39;virginem</span> 
     </span>
     <span class='ocr_line' id='line_1_9' title="bbox 193 802 619 840; baseline -0.007 0"><span class='ocrx_word' id='word_1_34' title='bbox 193 805 299 840; x_wconf 80' lang='lat' dir='ltr'>quta</span> <span class='ocrx_word' id='word_1_35' title='bbox 332 802 417 839; x_wconf 80' lang='lat' dir='ltr'>fidei</span> <span class='ocrx_word' id='word_1_36' title='bbox 451 802 619 838; x_wconf 83' lang='lat' dir='ltr'>ordinem</span> 
     </span>
     <span class='ocr_line' id='line_1_10' title="bbox 248 857 663 896; baseline -0.007 0"><span class='ocrx_word' id='word_1_37' title='bbox 248 860 441 896; x_wconf 82' lang='lat' dir='ltr'>Honorant</span> <span class='ocrx_word' id='word_1_38' title='bbox 474 869 553 895; x_wconf 88' lang='lat' dir='ltr'>cum</span> <span class='ocrx_word' id='word_1_39' title='bbox 586 857 663 894; x_wconf 83' lang='lat' dir='ltr'>tilio</span> 
     </span>
    </p>
   </div>
   <div class='ocr_carea' id='block_1_5' title="bbox 68 948 786 1109">
    <p class='ocr_par' dir='ltr' id='par_1_5' title="bbox 68 948 786 1109">
     <span class='ocr_line' id='line_1_11' title="bbox 68 948 621 997; baseline -0.007 -9"><span class='ocrx_word' id='word_1_40' title='bbox 68 951 162 989; x_wconf 72' lang='lat'><strong>1411.</strong></span> <span class='ocrx_word' id='word_1_41' title='bbox 195 951 224 987; x_wconf 91' lang='grc' dir='ltr'><strong>Ο</strong></span> <span class='ocrx_word' id='word_1_42' title='bbox 256 949 377 991; x_wconf 80' lang='lat' dir='ltr'>beata,</span> <span class='ocrx_word' id='word_1_43' title='bbox 411 948 621 997; x_wconf 84' lang='lat' dir='ltr'>benedicta,</span> 
     </span>
     <span class='ocr_line' id='line_1_12' title="bbox 190 1003 786 1051; baseline -0.005 -8"><span class='ocrx_word' id='word_1_44' title='bbox 190 1010 306 1051; x_wconf 81' lang='lat' dir='ltr'>Quam</span> <span class='ocrx_word' id='word_1_45' title='bbox 328 1010 478 1043; x_wconf 76' lang='lat' dir='ltr'>caecata</span> <span class='ocrx_word' id='word_1_46' title='bbox 500 1004 607 1051; x_wconf 83' lang='lat' dir='ltr'>plebs</span> <span class='ocrx_word' id='word_1_47' title='bbox 629 1008 665 1041; x_wconf 82' lang='lat' dir='ltr'>et</span> <span class='ocrx_word' id='word_1_48' title='bbox 687 1003 786 1049; x_wconf 72' lang='lat' dir='ltr'>ficta,</span> 
     </span>
     <span class='ocr_line' id='line_1_13' title="bbox 245 1061 618 1109; baseline 0 -11"><span class='ocrx_word' id='word_1_49' title='bbox 245 1062 387 1109; x_wconf 71' lang='lat' dir='ltr'>Vulpes</span> <span class='ocrx_word' id='word_1_50' title='bbox 419 1061 618 1106; x_wconf 77' lang='lat' dir='ltr'>diabolica,</span> 
     </span>
    </p>
   </div>
   <div class='ocr_carea' id='block_1_6' title="bbox 68 1151 741 1394">
    <p class='ocr_par' dir='ltr' id='par_1_6' title="bbox 68 1151 741 1394">
     <span class='ocr_line' id='line_1_14' title="bbox 68 1151 701 1194; baseline -0.005 -4"><span class='ocrx_word' id='word_1_51' title='bbox 68 1153 161 1190; x_wconf 67' lang='lat'>1521.</span> <span class='ocrx_word' id='word_1_52' title='bbox 193 1151 250 1189; x_wconf 91' lang='lat' dir='ltr'>Tu</span> <span class='ocrx_word' id='word_1_53' title='bbox 280 1162 318 1188; x_wconf 89' lang='lat' dir='ltr'>es</span> <span class='ocrx_word' id='word_1_54' title='bbox 351 1152 468 1189; x_wconf 78' lang='lat' dir='ltr'>venus</span> <span class='ocrx_word' id='word_1_55' title='bbox 500 1151 701 1194; x_wconf 80' lang='lat' dir='ltr'>Gedeonis‚</span> 
     </span>
     <span class='ocr_line' id='line_1_15' title="bbox 194 1208 705 1247; baseline -0.008 0"><span class='ocrx_word' id='word_1_56' title='bbox 194 1209 332 1247; x_wconf 80' lang='lat' dir='ltr'>Contra</span> <span class='ocrx_word' id='word_1_57' title='bbox 366 1209 467 1246; x_wconf 75' lang='lat' dir='ltr'>virus</span> <span class='ocrx_word' id='word_1_58' title='bbox 499 1208 705 1246; x_wconf 73' lang='lat' dir='ltr'>Pharaonis</span> 
     </span>
     <span class='ocr_line' id='line_1_16' title="bbox 246 1263 657 1312; baseline -0.002 -10"><span class='ocrx_word' id='word_1_59' title='bbox 246 1265 354 1302; x_wconf 76' lang='lat' dir='ltr'>Dulci</span> <span class='ocrx_word' id='word_1_60' title='bbox 387 1276 470 1301; x_wconf 81' lang='lat' dir='ltr'>rore</span> <span class='ocrx_word' id='word_1_61' title='bbox 502 1263 657 1312; x_wconf 82' lang='lat' dir='ltr'>proflua,</span> 
     </span>
     <span class='ocr_line' id='line_1_17' title="bbox 201 1354 741 1394; baseline 0.002 -2"><span class='ocrx_word' id='word_1_62' title='bbox 201 1355 299 1392; x_wconf 85' lang='lat' dir='ltr'>Rore</span> <span class='ocrx_word' id='word_1_63' title='bbox 331 1366 460 1394; x_wconf 77' lang='lat' dir='ltr'>carens</span> <span class='ocrx_word' id='word_1_64' title='bbox 491 1354 560 1390; x_wconf 82' lang='lat' dir='ltr'>hoe</span> <span class='ocrx_word' id='word_1_65' title='bbox 593 1354 741 1393; x_wconf 81' lang='lat' dir='ltr'>Iudaea.</span> 
     </span>
    </p>
   </div>
   <div class='ocr_carea' id='block_1_7' title="bbox 192 1411 689 1515">
    <p class='ocr_par' dir='ltr' id='par_1_7' title="bbox 192 1411 689 1515">
     <span class='ocr_line' id='line_1_18' title="bbox 192 1411 586 1456; baseline -0.003 -8"><span class='ocrx_word' id='word_1_66' title='bbox 192 1411 261 1448; x_wconf 84' lang='lat' dir='ltr'>Dei</span> <span class='ocrx_word' id='word_1_67' title='bbox 292 1411 348 1447; x_wconf 86' lang='lat' dir='ltr'>sui</span> <span class='ocrx_word' id='word_1_68' title='bbox 379 1411 479 1448; x_wconf 82' lang='lat' dir='ltr'>neeis</span> <span class='ocrx_word' id='word_1_69' title='bbox 512 1422 586 1456; x_wconf 85' lang='lat' dir='ltr'>rea,</span> 
     </span>
     <span class='ocr_line' id='line_1_19' title="bbox 247 1467 689 1515; baseline -0.005 -10"><span class='ocrx_word' id='word_1_70' title='bbox 247 1469 362 1515; x_wconf 83' lang='lat' dir='ltr'><strong>Quem</strong></span> <span class='ocrx_word' id='word_1_71' title='bbox 394 1468 531 1505; x_wconf 74' lang='lat' dir='ltr'>occidit</span> <span class='ocrx_word' id='word_1_72' title='bbox 564 1467 689 1514; x_wconf 81' lang='lat' dir='ltr'>impia,</span> 
     </span>
    </p>
   </div>
   <div class='ocr_carea' id='block_1_8' title="bbox 71 1356 165 1394">
    <p class='ocr_par' dir='ltr' id='par_1_8' title="bbox 71 1356 165 1394">
     <span class='ocr_line' id='line_1_20' title="bbox 71 1356 165 1394; baseline 0.011 -2"><span class='ocrx_word' id='word_1_73' title='bbox 71 1356 165 1394; x_wconf 69' lang='lat'>1621.</span> 
     </span>
    </p>
   </div>
   <div class='ocr_carea' id='block_1_9' title="bbox 157 1557 698 1708">
    <p class='ocr_par' dir='ltr' id='par_1_9' title="bbox 157 1557 698 1708">
     <span class='ocr_line' id='line_1_21' title="bbox 157 1557 698 1596; baseline -0.006 0"><span class='ocrx_word' id='word_1_74' title='bbox 157 1587 165 1596; x_wconf 90' lang='lat'><strong>.</strong></span> <span class='ocrx_word' id='word_1_75' title='bbox 201 1557 274 1595; x_wconf 87' lang='lat' dir='ltr'>Sed</span> <span class='ocrx_word' id='word_1_76' title='bbox 305 1558 374 1594; x_wconf 90' lang='lat' dir='ltr'>hoc</span> <span class='ocrx_word' id='word_1_77' title='bbox 405 1568 488 1594; x_wconf 87' lang='lat' dir='ltr'>rore</span> <span class='ocrx_word' id='word_1_78' title='bbox 520 1557 698 1594; x_wconf 89' lang='lat' dir='ltr'>delinitur</span> 
     </span>
     <span class='ocr_line' id='line_1_22' title="bbox 193 1613 633 1652; baseline -0.005 -1"><span class='ocrx_word' id='word_1_79' title='bbox 193 1614 371 1652; x_wconf 82' lang='lat' dir='ltr'>Feliciter</span> <span class='ocrx_word' id='word_1_80' title='bbox 401 1618 436 1650; x_wconf 88' lang='lat' dir='ltr'>et</span> <span class='ocrx_word' id='word_1_81' title='bbox 467 1613 633 1650; x_wconf 85' lang='lat' dir='ltr'>mollitur</span> 
     </span>
     <span class='ocr_line' id='line_1_23' title="bbox 247 1670 686 1708; baseline -0.002 0"><span class='ocrx_word' id='word_1_82' title='bbox 247 1671 320 1708; x_wconf 88' lang='lat' dir='ltr'>Per</span> <span class='ocrx_word' id='word_1_83' title='bbox 345 1677 382 1708; x_wconf 87' lang='lat' dir='ltr'>te</span> <span class='ocrx_word' id='word_1_84' title='bbox 412 1671 483 1707; x_wconf 86' lang='lat' dir='ltr'>iam</span> <span class='ocrx_word' id='word_1_85' title='bbox 515 1670 686 1708; x_wconf 79' lang='lat' dir='ltr'>ecclesia.</span> 
     </span>
    </p>
   </div>
   <div class='ocr_carea' id='block_1_10' title="bbox 70 1760 781 1863">
    <p class='ocr_par' dir='ltr' id='par_1_10' title="bbox 70 1760 781 1863">
     <span class='ocr_line' id='line_1_24' title="bbox 70 1760 781 1807; baseline -0.001 -9"><span class='ocrx_word' id='word_1_86' title='bbox 70 1762 167 1800; x_wconf 64' lang='lat'>1821.</span> <span class='ocrx_word' id='word_1_87' title='bbox 203 1761 270 1797; x_wconf 84' lang='lat' dir='ltr'>Per</span> <span class='ocrx_word' id='word_1_88' title='bbox 302 1771 408 1807; x_wconf 81' lang='lat' dir='ltr'>quam</span> <span class='ocrx_word' id='word_1_89' title='bbox 432 1760 553 1806; x_wconf 85' lang='lat' dir='ltr'>iugum</span> <span class='ocrx_word' id='word_1_90' title='bbox 580 1760 781 1797; x_wconf 76' lang='lat' dir='ltr'>Pharaonis</span> 
     </span>
     <span class='ocr_line' id='line_1_25' title="bbox 192 1817 708 1863; baseline 0.004 -12"><span class='ocrx_word' id='word_1_91' title='bbox 192 1817 463 1863; x_wconf 76' lang='lat' dir='ltr'>computrescit</span> <span class='ocrx_word' id='word_1_92' title='bbox 494 1822 531 1853; x_wconf 89' lang='lat' dir='ltr'>et</span> <span class='ocrx_word' id='word_1_93' title='bbox 558 1817 708 1853; x_wconf 85' lang='lat' dir='ltr'>timonis</span> 
     </span>
    </p>
   </div>
   <div class='ocr_carea' id='block_1_11' title="bbox 246 1873 617 1920">
    <p class='ocr_par' dir='ltr' id='par_1_11' title="bbox 246 1873 617 1920">
     <span class='ocr_line' id='line_1_26' title="bbox 246 1873 617 1920; baseline 0.005 -11"><span class='ocrx_word' id='word_1_94' title='bbox 246 1873 344 1910; x_wconf 85' lang='lat' dir='ltr'>Lora</span> <span class='ocrx_word' id='word_1_95' title='bbox 374 1874 451 1910; x_wconf 88' lang='lat' dir='ltr'>eius</span> <span class='ocrx_word' id='word_1_96' title='bbox 483 1873 617 1920; x_wconf 77' lang='lat' dir='ltr'>ferrea,</span> 
     </span>
    </p>
   </div>
   <div class='ocr_carea' id='block_1_12' title="bbox 68 2020 783 2123">
    <p class='ocr_par' dir='ltr' id='par_1_12' title="bbox 68 2020 783 2123">
     <span class='ocr_line' id='line_1_27' title="bbox 68 2020 783 2068; baseline 0 -11"><span class='ocrx_word' id='word_1_97' title='bbox 68 2022 114 2057; x_wconf 74' lang='lat'>19</span> <span class='ocrx_word' id='word_1_98' title='bbox 129 2032 162 2057; x_wconf 83' lang='lat' dir='ltr'>a.</span> <span class='ocrx_word' id='word_1_99' title='bbox 198 2021 268 2057; x_wconf 82' lang='lat' dir='ltr'>Per</span> <span class='ocrx_word' id='word_1_100' title='bbox 297 2031 404 2066; x_wconf 88' lang='lat' dir='ltr'>quam</span> <span class='ocrx_word' id='word_1_101' title='bbox 436 2020 598 2068; x_wconf 67' lang='lat' dir='ltr'>Aegypti</span> <span class='ocrx_word' id='word_1_102' title='bbox 622 2021 783 2057; x_wconf 78' lang='lat' dir='ltr'>servitus</span> 
     </span>
     <span class='ocr_line' id='line_1_28' title="bbox 189 2076 644 2123; baseline 0 -10"><span class='ocrx_word' id='word_1_103' title='bbox 189 2076 237 2113; x_wconf 78' lang='lat' dir='ltr'>Et</span> <span class='ocrx_word' id='word_1_104' title='bbox 269 2077 480 2114; x_wconf 79' lang='lat' dir='ltr'>crastinalis</span> <span class='ocrx_word' id='word_1_105' title='bbox 511 2077 644 2123; x_wconf 86' lang='lat' dir='ltr'>exitus,</span> 
     </span>
    </p>
   </div>
   <div class='ocr_carea' id='block_1_13' title="bbox 245 2133 781 2182">
    <p class='ocr_par' dir='ltr' id='par_1_13' title="bbox 245 2133 781 2182">
     <span class='ocr_line' id='line_1_29' title="bbox 245 2133 781 2182; baseline 0.006 -15"><span class='ocrx_word' id='word_1_106' title='bbox 245 2133 323 2170; x_wconf 82' lang='lat' dir='ltr'>Vox</span> <span class='ocrx_word' id='word_1_107' title='bbox 356 2133 527 2181; x_wconf 78' lang='lat' dir='ltr'>corvina,</span> <span class='ocrx_word' id='word_1_108' title='bbox 571 2133 781 2182; x_wconf 81' lang='lat' dir='ltr'>spernitur3</span> 
     </span>
    </p>
   </div>
   <div class='ocr_carea' id='block_1_14' title="bbox 62 2224 793 2328">
    <p class='ocr_par' dir='ltr' id='par_1_14' title="bbox 62 2224 793 2328">
     <span class='ocr_line' id='line_1_30' title="bbox 62 2224 793 2272; baseline 0 -11"><span class='ocrx_word' id='word_1_109' title='bbox 62 2224 113 2261; x_wconf 82' lang='lat'>20</span> <span class='ocrx_word' id='word_1_110' title='bbox 127 2234 159 2262; x_wconf 83' lang='lat' dir='ltr'>a.</span> <span class='ocrx_word' id='word_1_111' title='bbox 198 2224 266 2260; x_wconf 84' lang='lat' dir='ltr'>Per</span> <span class='ocrx_word' id='word_1_112' title='bbox 275 2234 380 2270; x_wconf 84' lang='lat' dir='ltr'>quam</span> <span class='ocrx_word' id='word_1_113' title='bbox 391 2224 556 2270; x_wconf 82' lang='lat' dir='ltr'>quisquis</span> <span class='ocrx_word' id='word_1_114' title='bbox 566 2225 611 2261; x_wconf 88' lang='lat' dir='ltr'>de</span> <span class='ocrx_word' id='word_1_115' title='bbox 621 2225 793 2272; x_wconf 81' lang='lat' dir='ltr'>Aegypto</span> 
     </span>
     <span class='ocr_line' id='line_1_31' title="bbox 187 2280 728 2328; baseline 0.002 -11"><span class='ocrx_word' id='word_1_116' title='bbox 187 2280 321 2326; x_wconf 86' lang='lat' dir='ltr'>Spreto</span> <span class='ocrx_word' id='word_1_117' title='bbox 354 2280 556 2318; x_wconf 70' lang='lat' dir='ltr'>Pharaonis</span> <span class='ocrx_word' id='word_1_118' title='bbox 588 2281 728 2328; x_wconf 85' lang='lat' dir='ltr'>scripto</span> 
     </span>
    </p>
   </div>
   <div class='ocr_carea' id='block_1_15' title="bbox 243 2336 663 2374">
    <p class='ocr_par' dir='ltr' id='par_1_15' title="bbox 243 2336 663 2374">
     <span class='ocr_line' id='line_1_32' title="bbox 243 2336 663 2374; baseline 0.002 -1"><span class='ocrx_word' id='word_1_119' title='bbox 243 2336 332 2373; x_wconf 89' lang='lat' dir='ltr'>Cum</span> <span class='ocrx_word' id='word_1_120' title='bbox 364 2337 489 2374; x_wconf 91' lang='lat' dir='ltr'>mundi</span> <span class='ocrx_word' id='word_1_121' title='bbox 521 2337 663 2374; x_wconf 84' lang='lat' dir='ltr'>malitia</span> 
     </span>
    </p>
   </div>
   <div class='ocr_carea' id='block_1_16' title="bbox 60 2426 698 2533">
    <p class='ocr_par' dir='ltr' id='par_1_16' title="bbox 60 2426 698 2533">
     <span class='ocr_line' id='line_1_33' title="bbox 60 2426 698 2477; baseline 0.005 -14"><span class='ocrx_word' id='word_1_122' title='bbox 60 2427 160 2465; x_wconf 74' lang='lat'><strong>218.</strong></span> <span class='ocrx_word' id='word_1_123' title='bbox 192 2426 243 2464; x_wconf 85' lang='lat' dir='ltr'>Ut</span> <span class='ocrx_word' id='word_1_124' title='bbox 275 2431 448 2463; x_wconf 82' lang='lat' dir='ltr'>vescatur</span> <span class='ocrx_word' id='word_1_125' title='bbox 475 2438 570 2474; x_wconf 85' lang='lat' dir='ltr'>pane</span> <span class='ocrx_word' id='word_1_126' title='bbox 602 2428 698 2477; x_wconf 80' lang='lat' dir='ltr'>vivo,</span> 
     </span>
     <span class='ocr_line' id='line_1_34' title="bbox 185 2483 678 2533; baseline 0.006 -14"><span class='ocrx_word' id='word_1_127' title='bbox 185 2483 285 2519; x_wconf 82' lang='lat' dir='ltr'>Pane</span> <span class='ocrx_word' id='word_1_128' title='bbox 315 2483 420 2530; x_wconf 84' lang='lat' dir='ltr'>caeli,</span> <span class='ocrx_word' id='word_1_129' title='bbox 440 2489 547 2530; x_wconf 83' lang='lat' dir='ltr'>&#39;pane</span> <span class='ocrx_word' id='word_1_130' title='bbox 579 2484 678 2533; x_wconf 87' lang='lat' dir='ltr'>divo,</span> 
     </span>
    </p>
   </div>
   <div class='ocr_carea' id='block_1_17' title="bbox 244 2539 658 2590">
    <p class='ocr_par' dir='ltr' id='par_1_17' title="bbox 244 2539 658 2590">
     <span class='ocr_line' id='line_1_35' title="bbox 244 2539 658 2590; baseline 0 -13"><span class='ocrx_word' id='word_1_131' title='bbox 244 2539 345 2577; x_wconf 82' lang='lat' dir='ltr'>Pane</span> <span class='ocrx_word' id='word_1_132' title='bbox 373 2539 445 2576; x_wconf 82' lang='lat' dir='ltr'>iam</span> <span class='ocrx_word' id='word_1_133' title='bbox 477 2541 658 2590; x_wconf 79' lang='lat' dir='ltr'>angelico,</span> 
     </span>
    </p>
   </div>
   <div class='ocr_carea' id='block_1_18' title="bbox 151 2630 690 2789">
    <p class='ocr_par' dir='ltr' id='par_1_18' title="bbox 151 2630 690 2789">
     <span class='ocr_line' id='line_1_36' title="bbox 151 2630 681 2676; baseline 0.006 -10"><span class='ocrx_word' id='word_1_134' title='bbox 151 2659 158 2667; x_wconf 95' lang='lat'>.</span> <span class='ocrx_word' id='word_1_135' title='bbox 190 2630 220 2666; x_wconf 89' lang='grc' dir='ltr'>Ο</span> <span class='ocrx_word' id='word_1_136' title='bbox 251 2631 423 2674; x_wconf 78' lang='lat' dir='ltr'>amanda,</span> <span class='ocrx_word' id='word_1_137' title='bbox 457 2632 681 2676; x_wconf 75' lang='lat' dir='ltr'>veneranda,</span> 
     </span>
     <span class='ocr_line' id='line_1_37' title="bbox 183 2685 690 2733; baseline 0.008 -11"><span class='ocrx_word' id='word_1_138' title='bbox 183 2685 213 2723; x_wconf 95' lang='lat' dir='ltr'>O</span> <span class='ocrx_word' id='word_1_139' title='bbox 244 2687 465 2733; x_wconf 84' lang='lat' dir='ltr'>spectanda,</span> <span class='ocrx_word' id='word_1_140' title='bbox 498 2688 690 2733; x_wconf 86' lang='lat' dir='ltr'>imitanda,</span> 
     </span>
     <span class='ocr_line' id='line_1_38' title="bbox 240 2742 582 2789; baseline 0.003 -9"><span class='ocrx_word' id='word_1_141' title='bbox 240 2742 270 2780; x_wconf 93' lang='grc' dir='ltr'>Ο</span> <span class='ocrx_word' id='word_1_142' title='bbox 299 2742 582 2789; x_wconf 78' lang='lat' dir='ltr'>gratiosissima.</span> 
     </span>
    </p>
   </div>
   <div class='ocr_carea' id='block_1_19' title="bbox 63 2631 145 2667">
    <p class='ocr_par' dir='ltr' id='par_1_19' title="bbox 63 2631 145 2667">
     <span class='ocr_line' id='line_1_39' title="bbox 63 2631 83 2666; textangle 90"><span class='ocrx_word' id='word_1_143' title='bbox 63 2631 83 2666; x_wconf 50' lang='lat' dir='ltr'>ta</span> 
     </span>
     <span class='ocr_line' id='line_1_40' title="bbox 90 2631 111 2667; textangle 90"><span class='ocrx_word' id='word_1_144' title='bbox 90 2631 111 2667; x_wconf 68' lang='grc' dir='ltr'>Νι</span> 
     </span>
     <span class='ocr_line' id='line_1_41' title="bbox 125 2641 145 2666; textangle 90"><span class='ocrx_word' id='word_1_145' title='bbox 125 2641 145 2666; x_wconf 65' lang='lat' dir='ltr'>n&gt;</span> 
     </span>
    </p>
   </div>
   <div class='ocr_carea' id='block_1_20' title="bbox 63 2821 750 2982">
    <p class='ocr_par' dir='ltr' id='par_1_20' title="bbox 63 2821 750 2982">
     <span class='ocr_line' id='line_1_42' title="bbox 63 2821 739 2870; baseline 0.006 -13"><span class='ocrx_word' id='word_1_146' title='bbox 63 2822 159 2857; x_wconf 73' lang='lat'>2:321.</span> <span class='ocrx_word' id='word_1_147' title='bbox 191 2821 248 2859; x_wconf 88' lang='lat' dir='ltr'>Tu</span> <span class='ocrx_word' id='word_1_148' title='bbox 279 2821 450 2858; x_wconf 78' lang='lat' dir='ltr'>caelestis</span> <span class='ocrx_word' id='word_1_149' title='bbox 480 2833 518 2859; x_wconf 90' lang='lat' dir='ltr'>es</span> <span class='ocrx_word' id='word_1_150' title='bbox 551 2821 739 2870; x_wconf 82' lang='lat' dir='ltr'>frumenti,</span> 
     </span>
     <span class='ocr_line' id='line_1_43' title="bbox 183 2876 750 2927; baseline 0.007 -13"><span class='ocrx_word' id='word_1_151' title='bbox 183 2876 288 2923; x_wconf 83' lang='lat' dir='ltr'>Quod</span> <span class='ocrx_word' id='word_1_152' title='bbox 316 2883 371 2915; x_wconf 90' lang='lat' dir='ltr'>est</span> <span class='ocrx_word' id='word_1_153' title='bbox 404 2879 478 2916; x_wconf 86' lang='lat' dir='ltr'>vita</span> <span class='ocrx_word' id='word_1_154' title='bbox 508 2879 592 2926; x_wconf 85' lang='lat' dir='ltr'>piae</span> <span class='ocrx_word' id='word_1_155' title='bbox 624 2882 750 2927; x_wconf 88' lang='lat' dir='ltr'>menti,</span> 
     </span>
     <span class='ocr_line' id='line_1_44' title="bbox 238 2934 619 2982; baseline 0.005 -11"><span class='ocrx_word' id='word_1_156' title='bbox 238 2934 421 2972; x_wconf 75' lang='lat' dir='ltr'>Horreum</span> <span class='ocrx_word' id='word_1_157' title='bbox 454 2940 487 2971; x_wconf 78' lang='lat' dir='ltr'>et</span> <span class='ocrx_word' id='word_1_158' title='bbox 519 2947 619 2982; x_wconf 71' lang='lat' dir='ltr'>area,</span> 
     </span>
    </p>
   </div>
   <div class='ocr_carea' id='block_1_21' title="bbox 112 3001 742 3039">
    <p class='ocr_par' dir='ltr' id='par_1_21' title="bbox 112 3001 742 3039">
     <span class='ocr_line' id='line_1_45' title="bbox 112 3001 742 3039; baseline 0.01 -12"><span class='ocrx_word' id='word_1_159' title='bbox 112 3001 271 3035; x_wconf 66' lang='lat' dir='ltr'>Dravus,</span> <span class='ocrx_word' id='word_1_160' title='bbox 299 3003 541 3039; x_wconf 67' lang='lat' dir='ltr'>Hymnugrnphi</span> <span class='ocrx_word' id='word_1_161' title='bbox 564 3005 680 3033; x_wconf 72' lang='lat' dir='ltr'>Latini.</span> <span class='ocrx_word' id='word_1_162' title='bbox 719 3006 742 3033; x_wconf 88' lang='lat'>1.</span> 
     </span>
    </p>
   </div>
   <div class='ocr_carea' id='block_1_22' title="bbox 862 2634 964 2674">
    <p class='ocr_par' dir='ltr' id='par_1_22' title="bbox 862 2634 964 2674">
     <span class='ocr_line' id='line_1_46' title="bbox 862 2634 964 2674; baseline 0.02 -2"><span class='ocrx_word' id='word_1_163' title='bbox 862 2635 913 2672; x_wconf 84' lang='lat'>22</span> <span class='ocrx_word' id='word_1_164' title='bbox 927 2634 964 2674; x_wconf 89' lang='lat' dir='ltr'>b.</span> 
     </span>
    </p>
   </div>
   <div class='ocr_carea' id='block_1_23' title="bbox 875 332 1602 493">
    <p class='ocr_par' dir='ltr' id='par_1_23' title="bbox 875 332 1602 493">
     <span class='ocr_line' id='line_1_47' title="bbox 875 332 1602 380; baseline -0.01 -6"><span class='ocrx_word' id='word_1_165' title='bbox 875 337 920 374; x_wconf 83' lang='lat'>11</span> <span class='ocrx_word' id='word_1_166' title='bbox 941 335 976 374; x_wconf 88' lang='lat' dir='ltr'>b.</span> <span class='ocrx_word' id='word_1_167' title='bbox 1010 335 1043 372; x_wconf 75' lang='lat' dir='ltr'>A</span> <span class='ocrx_word' id='word_1_168' title='bbox 1071 338 1118 378; x_wconf 85' lang='lat' dir='ltr'>te,</span> <span class='ocrx_word' id='word_1_169' title='bbox 1152 333 1270 380; x_wconf 82' lang='lat' dir='ltr'>virg0‚</span> <span class='ocrx_word' id='word_1_170' title='bbox 1303 332 1602 378; x_wconf 85' lang='lat' dir='ltr'>circumsaeptus</span> 
     </span>
     <span class='ocr_line' id='line_1_48' title="bbox 995 390 1564 435; baseline -0.005 -8"><span class='ocrx_word' id='word_1_171' title='bbox 995 392 1100 428; x_wconf 78' lang='lat' dir='ltr'>Sicut</span> <span class='ocrx_word' id='word_1_172' title='bbox 1130 390 1251 428; x_wconf 88' lang='lat' dir='ltr'>imber</span> <span class='ocrx_word' id='word_1_173' title='bbox 1281 395 1317 426; x_wconf 86' lang='lat' dir='ltr'>et</span> <span class='ocrx_word' id='word_1_174' title='bbox 1348 391 1564 435; x_wconf 84' lang='lat' dir='ltr'>conceptus,</span> 
     </span>
     <span class='ocr_line' id='line_1_49' title="bbox 1058 445 1552 493; baseline 0 -9"><span class='ocrx_word' id='word_1_175' title='bbox 1058 447 1132 484; x_wconf 85' lang='lat' dir='ltr'>Sed</span> <span class='ocrx_word' id='word_1_176' title='bbox 1166 447 1212 484; x_wconf 86' lang='lat' dir='ltr'>de</span> <span class='ocrx_word' id='word_1_177' title='bbox 1243 449 1373 484; x_wconf 80' lang='lat' dir='ltr'>sancto</span> <span class='ocrx_word' id='word_1_178' title='bbox 1404 445 1552 493; x_wconf 85' lang='lat' dir='ltr'>spiritu.</span> 
     </span>
    </p>
   </div>
   <div class='ocr_carea' id='block_1_24' title="bbox 877 534 1479 696">
    <p class='ocr_par' dir='ltr' id='par_1_24' title="bbox 877 534 1479 696">
     <span class='ocr_line' id='line_1_50' title="bbox 877 534 1479 584; baseline -0.008 -8"><span class='ocrx_word' id='word_1_179' title='bbox 877 538 973 578; x_wconf 85' lang='lat' dir='ltr'>12b.</span> <span class='ocrx_word' id='word_1_180' title='bbox 1006 538 1213 584; x_wconf 71' lang='lat' dir='ltr'>&#39;sor-poseat</span> <span class='ocrx_word' id='word_1_181' title='bbox 1246 541 1283 573; x_wconf 83' lang='lat' dir='ltr'>et</span> <span class='ocrx_word' id='word_1_182' title='bbox 1315 534 1479 582; x_wconf 77' lang='lat' dir='ltr'>deficiat,</span> 
     </span>
     <span class='ocr_line' id='line_1_51' title="bbox 1001 592 1428 631; baseline -0.007 0"><span class='ocrx_word' id='word_1_183' title='bbox 1001 593 1184 631; x_wconf 76' lang='lat' dir='ltr'>&#39;l&#39;abescat</span> <span class='ocrx_word' id='word_1_184' title='bbox 1217 598 1252 630; x_wconf 90' lang='lat' dir='ltr'>et</span> <span class='ocrx_word' id='word_1_185' title='bbox 1285 592 1428 631; x_wconf 81' lang='lat' dir='ltr'>inficiat</span> 
     </span>
     <span class='ocr_line' id='line_1_52' title="bbox 1057 649 1447 696; baseline -0.008 -8"><span class='ocrx_word' id='word_1_186' title='bbox 1057 651 1141 688; x_wconf 87' lang='lat' dir='ltr'>Suis</span> <span class='ocrx_word' id='word_1_187' title='bbox 1173 661 1212 687; x_wconf 75' lang='lat' dir='ltr'>se</span> <span class='ocrx_word' id='word_1_188' title='bbox 1242 649 1447 696; x_wconf 86' lang='lat' dir='ltr'>spurcitiis.</span> 
     </span>
    </p>
   </div>
   <div class='ocr_carea' id='block_1_25' title="bbox 872 739 1551 901">
    <p class='ocr_par' dir='ltr' id='par_1_25' title="bbox 872 739 1551 901">
     <span class='ocr_line' id='line_1_53' title="bbox 872 739 1449 780; baseline -0.007 0"><span class='ocrx_word' id='word_1_189' title='bbox 872 744 920 780; x_wconf 84' lang='grc'>13</span> <span class='ocrx_word' id='word_1_190' title='bbox 936 743 970 780; x_wconf 91' lang='lat' dir='ltr'>b.</span> <span class='ocrx_word' id='word_1_191' title='bbox 1007 741 1199 778; x_wconf 84' lang='lat' dir='ltr'>Damnatis</span> <span class='ocrx_word' id='word_1_192' title='bbox 1230 739 1449 777; x_wconf 86' lang='lat' dir='ltr'>infidelibus</span> 
     </span>
     <span class='ocr_line' id='line_1_54' title="bbox 999 795 1551 845; baseline -0.005 -10"><span class='ocrx_word' id='word_1_193' title='bbox 999 797 1223 845; x_wconf 86' lang='lat' dir='ltr'>Regnabunt</span> <span class='ocrx_word' id='word_1_194' title='bbox 1255 798 1292 833; x_wconf 90' lang='lat' dir='ltr'>in</span> <span class='ocrx_word' id='word_1_195' title='bbox 1325 795 1551 833; x_wconf 80' lang='lat' dir='ltr'>caelestibus</span> 
     </span>
     <span class='ocr_line' id='line_1_55' title="bbox 1056 853 1473 901; baseline -0.002 -10"><span class='ocrx_word' id='word_1_196' title='bbox 1056 854 1175 891; x_wconf 83' lang='lat' dir='ltr'>Felici</span> <span class='ocrx_word' id='word_1_197' title='bbox 1208 864 1287 891; x_wconf 87' lang='lat' dir='ltr'>cum</span> <span class='ocrx_word' id='word_1_198' title='bbox 1323 853 1473 901; x_wconf 81' lang='lat' dir='ltr'>gaudio.</span> 
     </span>
    </p>
   </div>
   <div class='ocr_carea' id='block_1_26' title="bbox 870 944 1582 1106">
    <p class='ocr_par' dir='ltr' id='par_1_26' title="bbox 870 944 1582 1106">
     <span class='ocr_line' id='line_1_56' title="bbox 870 944 1582 992; baseline -0.007 -7"><span class='ocrx_word' id='word_1_199' title='bbox 870 948 920 985; x_wconf 83' lang='lat'>14</span> <span class='ocrx_word' id='word_1_200' title='bbox 934 946 969 985; x_wconf 89' lang='lat' dir='ltr'>b.</span> <span class='ocrx_word' id='word_1_201' title='bbox 1003 945 1086 982; x_wconf 89' lang='lat' dir='ltr'>Non</span> <span class='ocrx_word' id='word_1_202' title='bbox 1117 944 1288 992; x_wconf 83' lang='lat' dir='ltr'>agnoscit</span> <span class='ocrx_word' id='word_1_203' title='bbox 1318 954 1386 980; x_wconf 84' lang='lat' dir='ltr'>nec</span> <span class='ocrx_word' id='word_1_204' title='bbox 1413 946 1582 981; x_wconf 83' lang='lat' dir='ltr'>sectatur</span> 
     </span>
     <span class='ocr_line' id='line_1_57' title="bbox 998 1002 1471 1049; baseline -0.002 -11"><span class='ocrx_word' id='word_1_205' title='bbox 998 1002 1079 1039; x_wconf 86' lang='lat' dir='ltr'>Nec</span> <span class='ocrx_word' id='word_1_206' title='bbox 1108 1002 1239 1049; x_wconf 75' lang='lat' dir='ltr'>ignara</span> <span class='ocrx_word' id='word_1_207' title='bbox 1268 1005 1471 1038; x_wconf 86' lang='lat' dir='ltr'>veneratur</span> 
     </span>
     <span class='ocr_line' id='line_1_58' title="bbox 1055 1057 1509 1106; baseline -0.004 -10"><span class='ocrx_word' id='word_1_208' title='bbox 1055 1058 1159 1096; x_wconf 87' lang='lat' dir='ltr'>Sicut</span> <span class='ocrx_word' id='word_1_209' title='bbox 1189 1068 1280 1106; x_wconf 84' lang='lat' dir='ltr'>gens</span> <span class='ocrx_word' id='word_1_210' title='bbox 1311 1057 1509 1104; x_wconf 85' lang='lat' dir='ltr'>catholica,</span> 
     </span>
    </p>
   </div>
   <div class='ocr_carea' id='block_1_27' title="bbox 875 1148 1498 1311">
    <p class='ocr_par' dir='ltr' id='par_1_27' title="bbox 875 1148 1498 1311">
     <span class='ocr_line' id='line_1_59' title="bbox 875 1148 1498 1188; baseline -0.005 0"><span class='ocrx_word' id='word_1_211' title='bbox 875 1150 971 1188; x_wconf 75' lang='grc'>151).</span> <span class='ocrx_word' id='word_1_212' title='bbox 1003 1150 1062 1188; x_wconf 85' lang='lat' dir='ltr'>Ex</span> <span class='ocrx_word' id='word_1_213' title='bbox 1092 1154 1130 1186; x_wconf 82' lang='lat' dir='ltr'>te</span> <span class='ocrx_word' id='word_1_214' title='bbox 1160 1153 1287 1186; x_wconf 84' lang='lat' dir='ltr'>manat</span> <span class='ocrx_word' id='word_1_215' title='bbox 1316 1148 1498 1185; x_wconf 86' lang='lat' dir='ltr'>ecclesiae</span> 
     </span>
     <span class='ocr_line' id='line_1_60' title="bbox 1002 1205 1479 1252; baseline -0.006 -8"><span class='ocrx_word' id='word_1_216' title='bbox 1002 1207 1078 1244; x_wconf 88' lang='lat' dir='ltr'>Ros</span> <span class='ocrx_word' id='word_1_217' title='bbox 1111 1210 1147 1242; x_wconf 85' lang='lat' dir='ltr'>et</span> <span class='ocrx_word' id='word_1_218' title='bbox 1177 1206 1305 1252; x_wconf 86' lang='lat' dir='ltr'>pluvia</span> <span class='ocrx_word' id='word_1_219' title='bbox 1335 1205 1479 1252; x_wconf 85' lang='lat' dir='ltr'>gratiae</span> 
     </span>
     <span class='ocr_line' id='line_1_61' title="bbox 1057 1260 1496 1311; baseline 0.002 -11"><span class='ocrx_word' id='word_1_220' title='bbox 1057 1262 1179 1311; x_wconf 82' lang='lat' dir='ltr'>Super</span> <span class='ocrx_word' id='word_1_221' title='bbox 1208 1273 1275 1299; x_wconf 87' lang='lat' dir='ltr'>uos</span> <span class='ocrx_word' id='word_1_222' title='bbox 1306 1260 1496 1301; x_wconf 83' lang='lat' dir='ltr'>dulciflua.</span> 
     </span>
    </p>
   </div>
   <div class='ocr_carea' id='block_1_28' title="bbox 872 1352 1559 1506">
    <p class='ocr_par' dir='ltr' id='par_1_28' title="bbox 872 1352 1559 1506">
     <span class='ocr_line' id='line_1_62' title="bbox 872 1352 1559 1400; baseline -0.004 -8"><span class='ocrx_word' id='word_1_223' title='bbox 872 1355 921 1392; x_wconf 79' lang='lat'>16</span> <span class='ocrx_word' id='word_1_224' title='bbox 941 1353 977 1392; x_wconf 91' lang='lat' dir='ltr'>b.</span> <span class='ocrx_word' id='word_1_225' title='bbox 1008 1352 1145 1390; x_wconf 89' lang='lat' dir='ltr'>Adhuc</span> <span class='ocrx_word' id='word_1_226' title='bbox 1176 1353 1327 1400; x_wconf 84' lang='lat' dir='ltr'>languet</span> <span class='ocrx_word' id='word_1_227' title='bbox 1358 1355 1559 1390; x_wconf 80' lang='lat' dir='ltr'>excaecata</span> 
     </span>
     <span class='ocr_line' id='line_1_63' title="bbox 1002 1409 1485 1456; baseline 0 -10"><span class='ocrx_word' id='word_1_228' title='bbox 1002 1410 1051 1447; x_wconf 88' lang='lat' dir='ltr'>Et</span> <span class='ocrx_word' id='word_1_229' title='bbox 1082 1409 1265 1456; x_wconf 83' lang='lat' dir='ltr'>perdurat</span> <span class='ocrx_word' id='word_1_230' title='bbox 1295 1409 1485 1447; x_wconf 85' lang='lat' dir='ltr'>exsiccata</span> 
     </span>
     <span class='ocr_line' id='line_1_64' title="bbox 1056 1466 1366 1506; baseline 0.01 -4"><span class='ocrx_word' id='word_1_231' title='bbox 1056 1466 1183 1503; x_wconf 85' lang='lat' dir='ltr'>Ferali</span> <span class='ocrx_word' id='word_1_232' title='bbox 1215 1466 1366 1506; x_wconf 81' lang='lat' dir='ltr'>duritia.</span> 
     </span>
    </p>
   </div>
   <div class='ocr_carea' id='block_1_29' title="bbox 874 1556 1599 1717">
    <p class='ocr_par' dir='ltr' id='par_1_29' title="bbox 874 1556 1599 1717">
     <span class='ocr_line' id='line_1_65' title="bbox 874 1556 1599 1603; baseline 0 -9"><span class='ocrx_word' id='word_1_233' title='bbox 874 1558 921 1594; x_wconf 84' lang='lat'>17</span> <span class='ocrx_word' id='word_1_234' title='bbox 938 1556 971 1595; x_wconf 94' lang='lat' dir='ltr'>b.</span> <span class='ocrx_word' id='word_1_235' title='bbox 1005 1557 1116 1595; x_wconf 87' lang='lat' dir='ltr'>Unde</span> <span class='ocrx_word' id='word_1_236' title='bbox 1146 1567 1284 1603; x_wconf 80' lang='lat' dir='ltr'>quaeso</span> <span class='ocrx_word' id='word_1_237' title='bbox 1306 1560 1343 1593; x_wconf 85' lang='lat' dir='ltr'>te</span> <span class='ocrx_word' id='word_1_238' title='bbox 1365 1557 1599 1603; x_wconf 85' lang='lat' dir='ltr'>clementem,</span> 
     </span>
     <span class='ocr_line' id='line_1_66' title="bbox 999 1612 1595 1660; baseline 0 -9"><span class='ocrx_word' id='word_1_239' title='bbox 999 1613 1050 1651; x_wconf 86' lang='lat' dir='ltr'>Ut</span> <span class='ocrx_word' id='word_1_240' title='bbox 1071 1612 1277 1660; x_wconf 86' lang='lat' dir='ltr'>perfundas</span> <span class='ocrx_word' id='word_1_241' title='bbox 1299 1623 1418 1650; x_wconf 83' lang='lat' dir='ltr'>meam</span> <span class='ocrx_word' id='word_1_242' title='bbox 1437 1618 1595 1651; x_wconf 86' lang='lat' dir='ltr'>mentem</span> 
     </span>
     <span class='ocr_line' id='line_1_67' title="bbox 1053 1670 1456 1717; baseline 0.002 -11"><span class='ocrx_word' id='word_1_243' title='bbox 1053 1670 1165 1707; x_wconf 85' lang='lat' dir='ltr'>Tanti</span> <span class='ocrx_word' id='word_1_244' title='bbox 1196 1670 1292 1707; x_wconf 89' lang='lat' dir='ltr'>roris</span> <span class='ocrx_word' id='word_1_245' title='bbox 1322 1671 1456 1717; x_wconf 82' lang='lat' dir='ltr'>gratia,</span> 
     </span>
    </p>
   </div>
   <div class='ocr_carea' id='block_1_30' title="bbox 866 1760 1598 1980">
    <p class='ocr_par' dir='ltr' id='par_1_30' title="bbox 866 1760 1598 1980">
     <span class='ocr_line' id='line_1_68' title="bbox 866 1760 1598 1807; baseline -0.004 -7"><span class='ocrx_word' id='word_1_246' title='bbox 866 1762 915 1800; x_wconf 82' lang='grc'>18</span> <span class='ocrx_word' id='word_1_247' title='bbox 930 1761 965 1799; x_wconf 94' lang='lat' dir='ltr'>b.</span> <span class='ocrx_word' id='word_1_248' title='bbox 999 1761 1166 1807; x_wconf 84' lang='lat' dir='ltr'>Regnum</span> <span class='ocrx_word' id='word_1_249' title='bbox 1201 1760 1279 1797; x_wconf 90' lang='lat' dir='ltr'>eius</span> <span class='ocrx_word' id='word_1_250' title='bbox 1312 1760 1398 1797; x_wconf 87' lang='lat' dir='ltr'>dolo</span> <span class='ocrx_word' id='word_1_251' title='bbox 1431 1760 1598 1807; x_wconf 90' lang='lat' dir='ltr'>plenum,</span> 
     </span>
     <span class='ocr_line' id='line_1_69' title="bbox 994 1817 1598 1864; baseline 0.002 -11"><span class='ocrx_word' id='word_1_252' title='bbox 994 1817 1163 1864; x_wconf 86' lang='lat' dir='ltr'>Nequam</span> <span class='ocrx_word' id='word_1_253' title='bbox 1197 1827 1346 1864; x_wconf 90' lang='lat' dir='ltr'>semper</span> <span class='ocrx_word' id='word_1_254' title='bbox 1376 1822 1414 1854; x_wconf 80' lang='lat' dir='ltr'>et</span> <span class='ocrx_word' id='word_1_255' title='bbox 1443 1817 1598 1855; x_wconf 87' lang='lat' dir='ltr'>obscae-</span> 
     </span>
     <span class='ocr_line' id='line_1_70' title="bbox 1326 1885 1448 1920; baseline -0.008 -9"><span class='ocrx_word' id='word_1_256' title='bbox 1326 1885 1448 1920; x_wconf 81' lang='lat' dir='ltr'>num,-</span> 
     </span>
     <span class='ocr_line' id='line_1_71' title="bbox 1051 1931 1508 1980; baseline 0 -12"><span class='ocrx_word' id='word_1_257' title='bbox 1051 1931 1200 1977; x_wconf 86' lang='lat' dir='ltr'>Lutum,</span> <span class='ocrx_word' id='word_1_258' title='bbox 1232 1931 1342 1978; x_wconf 80' lang='lat' dir='ltr'>later,</span> <span class='ocrx_word' id='word_1_259' title='bbox 1375 1931 1508 1980; x_wconf 78' lang='lat' dir='ltr'>palea3</span> 
     </span>
    </p>
   </div>
   <div class='ocr_carea' id='block_1_31' title="bbox 864 2021 1594 2182">
    <p class='ocr_par' dir='ltr' id='par_1_31' title="bbox 864 2021 1594 2182">
     <span class='ocr_line' id='line_1_72' title="bbox 864 2021 1568 2068; baseline -0.001 -9"><span class='ocrx_word' id='word_1_260' title='bbox 864 2022 914 2059; x_wconf 88' lang='lat'>19</span> <span class='ocrx_word' id='word_1_261' title='bbox 929 2021 965 2059; x_wconf 90' lang='lat' dir='ltr'>b.</span> <span class='ocrx_word' id='word_1_262' title='bbox 998 2022 1071 2058; x_wconf 86' lang='lat' dir='ltr'>Per</span> <span class='ocrx_word' id='word_1_263' title='bbox 1101 2032 1212 2068; x_wconf 87' lang='lat' dir='ltr'>quam</span> <span class='ocrx_word' id='word_1_264' title='bbox 1244 2022 1363 2058; x_wconf 88' lang='lat' dir='ltr'>trinos</span> <span class='ocrx_word' id='word_1_265' title='bbox 1393 2021 1568 2059; x_wconf 85' lang='lat' dir='ltr'>interitus</span> 
     </span>
     <span class='ocr_line' id='line_1_73' title="bbox 996 2078 1594 2124; baseline 0 -9"><span class='ocrx_word' id='word_1_266' title='bbox 996 2078 1138 2123; x_wconf 88' lang='lat' dir='ltr'>Hostis,</span> <span class='ocrx_word' id='word_1_267' title='bbox 1170 2078 1313 2124; x_wconf 87' lang='lat' dir='ltr'>mundi⁷</span> <span class='ocrx_word' id='word_1_268' title='bbox 1347 2078 1472 2115; x_wconf 85' lang='lat' dir='ltr'>carnis</span> <span class='ocrx_word' id='word_1_269' title='bbox 1503 2079 1594 2116; x_wconf 90' lang='lat' dir='ltr'>litus</span> 
     </span>
     <span class='ocr_line' id='line_1_74' title="bbox 1008 2135 1501 2182; baseline 0 -11"><span class='ocrx_word' id='word_1_270' title='bbox 1008 2165 1013 2170; x_wconf 89' lang='grc'><em>,</em></span> <span class='ocrx_word' id='word_1_271' title='bbox 1051 2135 1251 2172; x_wconf 82' lang='lat' dir='ltr'>Evadendi</span> <span class='ocrx_word' id='word_1_272' title='bbox 1282 2135 1501 2182; x_wconf 84' lang='lat' dir='ltr'>quaeritur;</span> 
     </span>
    </p>
   </div>
   <div class='ocr_carea' id='block_1_32' title="bbox 861 2225 1494 2320">
    <p class='ocr_par' dir='ltr' id='par_1_32' title="bbox 861 2225 1494 2320">
     <span class='ocr_line' id='line_1_75' title="bbox 861 2225 1494 2273; baseline 0 -10"><span class='ocrx_word' id='word_1_273' title='bbox 861 2227 913 2264; x_wconf 88' lang='lat'>20</span> <span class='ocrx_word' id='word_1_274' title='bbox 926 2225 962 2265; x_wconf 95' lang='lat' dir='ltr'>b.</span> <span class='ocrx_word' id='word_1_275' title='bbox 995 2225 1052 2262; x_wconf 90' lang='lat' dir='ltr'>De</span> <span class='ocrx_word' id='word_1_276' title='bbox 1084 2225 1152 2262; x_wconf 86' lang='lat' dir='ltr'>sub</span> <span class='ocrx_word' id='word_1_277' title='bbox 1184 2226 1269 2273; x_wconf 82' lang='lat' dir='ltr'>iugo</span> <span class='ocrx_word' id='word_1_278' title='bbox 1301 2227 1494 2263; x_wconf 86' lang='lat' dir='ltr'>servitutis</span> 
     </span>
     <span class='ocr_line' id='line_1_76' title="bbox 995 2282 1484 2320; baseline 0.002 -1"><span class='ocrx_word' id='word_1_279' title='bbox 995 2282 1112 2319; x_wconf 79' lang='lat' dir='ltr'>Liber</span> <span class='ocrx_word' id='word_1_280' title='bbox 1142 2283 1220 2319; x_wconf 83' lang='lat' dir='ltr'>exit</span> <span class='ocrx_word' id='word_1_281' title='bbox 1250 2283 1299 2320; x_wconf 84' lang='lat' dir='ltr'>ad</span> <span class='ocrx_word' id='word_1_282' title='bbox 1335 2282 1484 2320; x_wconf 79' lang='lat' dir='ltr'>virtutis</span> 
     </span>
    </p>
   </div>
   <div class='ocr_carea' id='block_1_33' title="bbox 1051 2339 1454 2387">
    <p class='ocr_par' dir='ltr' id='par_1_33' title="bbox 1051 2339 1454 2387">
     <span class='ocr_line' id='line_1_77' title="bbox 1051 2339 1454 2387; baseline 0 -11"><span class='ocrx_word' id='word_1_283' title='bbox 1051 2339 1228 2376; x_wconf 87' lang='lat' dir='ltr'>Tendens</span> <span class='ocrx_word' id='word_1_284' title='bbox 1259 2340 1454 2387; x_wconf 80' lang='lat' dir='ltr'>exercitia,</span> 
     </span>
    </p>
   </div>
   <div class='ocr_carea' id='block_1_34' title="bbox 861 2429 1550 2537">
    <p class='ocr_par' dir='ltr' id='par_1_34' title="bbox 861 2429 1550 2537">
     <span class='ocr_line' id='line_1_78' title="bbox 861 2429 1550 2478; baseline 0.003 -12"><span class='ocrx_word' id='word_1_285' title='bbox 861 2429 964 2470; x_wconf 74' lang='lat' dir='ltr'>21b.</span> <span class='ocrx_word' id='word_1_286' title='bbox 998 2431 1139 2467; x_wconf 84' lang='lat' dir='ltr'>Manna</span> <span class='ocrx_word' id='word_1_287' title='bbox 1171 2431 1264 2468; x_wconf 86' lang='lat' dir='ltr'>caeli</span> <span class='ocrx_word' id='word_1_288' title='bbox 1295 2431 1376 2468; x_wconf 88' lang='lat' dir='ltr'>sine</span> <span class='ocrx_word' id='word_1_289' title='bbox 1408 2441 1550 2478; x_wconf 86' lang='lat' dir='ltr'>verme,</span> 
     </span>
     <span class='ocr_line' id='line_1_79' title="bbox 995 2486 1514 2537; baseline 0.002 -13"><span class='ocrx_word' id='word_1_290' title='bbox 995 2487 1137 2524; x_wconf 85' lang='lat' dir='ltr'>Manna</span> <span class='ocrx_word' id='word_1_291' title='bbox 1167 2487 1239 2524; x_wconf 88' lang='lat' dir='ltr'>Dei</span> <span class='ocrx_word' id='word_1_292' title='bbox 1269 2488 1351 2524; x_wconf 88' lang='lat' dir='ltr'>sine</span> <span class='ocrx_word' id='word_1_293' title='bbox 1382 2486 1514 2537; x_wconf 89' lang='lat' dir='ltr'>ferme,</span> 
     </span>
    </p>
   </div>
   <div class='ocr_carea' id='block_1_35' title="bbox 1052 2544 1461 2591">
    <p class='ocr_par' dir='ltr' id='par_1_35' title="bbox 1052 2544 1461 2591">
     <span class='ocr_line' id='line_1_80' title="bbox 1052 2544 1461 2591; baseline 0.005 -11"><span class='ocrx_word' id='word_1_294' title='bbox 1052 2544 1149 2581; x_wconf 69' lang='lat' dir='ltr'>Vero</span> <span class='ocrx_word' id='word_1_295' title='bbox 1182 2555 1279 2591; x_wconf 87' lang='lat' dir='ltr'>pane</span> <span class='ocrx_word' id='word_1_296' title='bbox 1310 2545 1461 2583; x_wconf 85' lang='lat' dir='ltr'>caelico.</span> 
     </span>
    </p>
   </div>
   <div class='ocr_carea' id='block_1_36' title="bbox 992 2635 1550 2795">
    <p class='ocr_par' dir='ltr' id='par_1_36' title="bbox 992 2635 1550 2795">
     <span class='ocr_line' id='line_1_81' title="bbox 997 2635 1550 2682; baseline 0 -9"><span class='ocrx_word' id='word_1_297' title='bbox 997 2635 1027 2673; x_wconf 94' lang='lat' dir='ltr'>O</span> <span class='ocrx_word' id='word_1_298' title='bbox 1058 2635 1275 2682; x_wconf 80' lang='lat' dir='ltr'>quaerenda</span> <span class='ocrx_word' id='word_1_299' title='bbox 1307 2639 1343 2672; x_wconf 85' lang='lat' dir='ltr'>et</span> <span class='ocrx_word' id='word_1_300' title='bbox 1373 2635 1550 2682; x_wconf 85' lang='lat' dir='ltr'>petenda,</span> 
     </span>
     <span class='ocr_line' id='line_1_82' title="bbox 992 2691 1538 2739; baseline 0.004 -11"><span class='ocrx_word' id='word_1_301' title='bbox 992 2691 1021 2729; x_wconf 94' lang='lat' dir='ltr'>O</span> <span class='ocrx_word' id='word_1_302' title='bbox 1054 2692 1230 2738; x_wconf 85' lang='lat' dir='ltr'>tenenda,</span> <span class='ocrx_word' id='word_1_303' title='bbox 1263 2693 1538 2739; x_wconf 75' lang='lat' dir='ltr'>amplectenda,</span> 
     </span>
     <span class='ocr_line' id='line_1_83' title="bbox 1047 2749 1400 2795; baseline 0 -9"><span class='ocrx_word' id='word_1_304' title='bbox 1047 2749 1076 2786; x_wconf 89' lang='lat' dir='ltr'>O</span> <span class='ocrx_word' id='word_1_305' title='bbox 1108 2749 1400 2795; x_wconf 82' lang='lat' dir='ltr'>gloriosissima!</span> 
     </span>
    </p>
   </div>
   <div class='ocr_carea' id='block_1_37' title="bbox 860 2826 1596 2932">
    <p class='ocr_par' dir='ltr' id='par_1_37' title="bbox 860 2826 1596 2932">
     <span class='ocr_line' id='line_1_84' title="bbox 860 2826 1596 2874; baseline 0.003 -10"><span class='ocrx_word' id='word_1_306' title='bbox 860 2827 911 2865; x_wconf 84' lang='lat'>23</span> <span class='ocrx_word' id='word_1_307' title='bbox 931 2826 966 2864; x_wconf 91' lang='lat' dir='ltr'>b.</span> <span class='ocrx_word' id='word_1_308' title='bbox 1002 2829 1074 2864; x_wconf 84' lang='lat' dir='ltr'>Per</span> <span class='ocrx_word' id='word_1_309' title='bbox 1114 2827 1213 2874; x_wconf 83' lang='lat' dir='ltr'>quod</span> <span class='ocrx_word' id='word_1_310' title='bbox 1253 2827 1329 2865; x_wconf 84' lang='lat' dir='ltr'>vita</span> <span class='ocrx_word' id='word_1_311' title='bbox 1361 2830 1596 2866; x_wconf 86' lang='lat' dir='ltr'>restauratur</span> 
     </span>
     <span class='ocr_line' id='line_1_85' title="bbox 994 2884 1495 2932; baseline 0.002 -11"><span class='ocrx_word' id='word_1_312' title='bbox 994 2884 1044 2921; x_wconf 81' lang='lat' dir='ltr'>Et</span> <span class='ocrx_word' id='word_1_313' title='bbox 1075 2884 1123 2921; x_wconf 86' lang='lat' dir='ltr'>ad</span> <span class='ocrx_word' id='word_1_314' title='bbox 1152 2895 1287 2930; x_wconf 89' lang='lat' dir='ltr'>purum</span> <span class='ocrx_word' id='word_1_315' title='bbox 1320 2885 1495 2932; x_wconf 85' lang='lat' dir='ltr'>expiatur</span> 
     </span>
    </p>
   </div>
   <div class='ocr_carea' id='block_1_38' title="bbox 1048 2941 1496 3042">
    <p class='ocr_par' dir='ltr' id='par_1_38' title="bbox 1048 2941 1496 3042">
     <span class='ocr_line' id='line_1_86' title="bbox 1048 2941 1496 2988; baseline 0.004 -10"><span class='ocrx_word' id='word_1_316' title='bbox 1048 2941 1181 2978; x_wconf 84' lang='lat' dir='ltr'>Mundi</span> <span class='ocrx_word' id='word_1_317' title='bbox 1211 2941 1322 2978; x_wconf 87' lang='lat' dir='ltr'>huius</span> <span class='ocrx_word' id='word_1_318' title='bbox 1355 2941 1496 2988; x_wconf 78' lang='lat' dir='ltr'>glarca.</span> 
     </span>
     <span class='ocr_line' id='line_1_87' title="bbox 1351 3006 1391 3042; baseline 0.05 -2"><span class='ocrx_word' id='word_1_319' title='bbox 1351 3006 1391 3042; x_wconf 89' lang='lat'>19</span> 
     </span>
    </p>
   </div>
  </div>
 </body>
</html>
