<?xml version="1.0" encoding="UTF-8"?>
<!DOCTYPE html PUBLIC "-//W3C//DTD XHTML 1.0 Transitional//EN"
    "http://www.w3.org/TR/xhtml1/DTD/xhtml1-transitional.dtd">
<html xmlns="http://www.w3.org/1999/xhtml" xml:lang="en" lang="en">
 <head>
  <title>
</title>
<meta http-equiv="Content-Type" content="text/html;charset=utf-8" />
  <meta name='ocr-system' content='tesseract 3.04.00' />
  <meta name='ocr-capabilities' content='ocr_page ocr_carea ocr_par ocr_line ocrx_word'/>
</head>
<body>
  <div class='ocr_page' id='page_1' title='image "./hymnographilatin01drevuoft_0383.png"; bbox 0 0 1914 3223; ppageno 0'>
   <div class='ocr_carea' id='block_1_1' title="bbox 148 288 213 327">
    <p class='ocr_par' dir='ltr' id='par_1_1' title="bbox 148 288 213 327">
     <span class='ocr_line' id='line_1_1' title="bbox 148 288 213 327; baseline -0.015 0"><span class='ocrx_word' id='word_1_1' title='bbox 148 288 213 327; x_wconf 84' lang='lat'>19.</span> 
     </span>
    </p>
   </div>
   <div class='ocr_carea' id='block_1_2' title="bbox 139 1062 204 1100">
    <p class='ocr_par' dir='ltr' id='par_1_2' title="bbox 139 1062 204 1100">
     <span class='ocr_line' id='line_1_2' title="bbox 139 1062 204 1100; baseline -0.031 0"><span class='ocrx_word' id='word_1_2' title='bbox 139 1062 204 1100; x_wconf 89' lang='grc'>20.</span> 
     </span>
    </p>
   </div>
   <div class='ocr_carea' id='block_1_3' title="bbox 130 1837 196 1877">
    <p class='ocr_par' dir='ltr' id='par_1_3' title="bbox 130 1837 196 1877">
     <span class='ocr_line' id='line_1_3' title="bbox 130 1837 196 1877; baseline 0.03 -2"><span class='ocrx_word' id='word_1_3' title='bbox 130 1837 196 1877; x_wconf 88' lang='grc'>21.</span> 
     </span>
    </p>
   </div>
   <div class='ocr_carea' id='block_1_4' title="bbox 128 2605 194 2644">
    <p class='ocr_par' dir='ltr' id='par_1_4' title="bbox 128 2605 194 2644">
     <span class='ocr_line' id='line_1_4' title="bbox 128 2605 194 2644; baseline 0.015 -1"><span class='ocrx_word' id='word_1_4' title='bbox 128 2605 194 2644; x_wconf 88' lang='grc'>22.</span> 
     </span>
    </p>
   </div>
   <div class='ocr_carea' id='block_1_5' title="bbox 747 175 1064 217">
    <p class='ocr_par' dir='ltr' id='par_1_5' title="bbox 747 175 1064 217">
     <span class='ocr_line' id='line_1_5' title="bbox 747 175 1064 217; baseline 0.025 -7"><span class='ocrx_word' id='word_1_5' title='bbox 747 179 813 203; x_wconf 85' lang='lat'>·-</span> <span class='ocrx_word' id='word_1_6' title='bbox 871 175 951 217; x_wconf 74' lang='lat'>:377</span> <span class='ocrx_word' id='word_1_7' title='bbox 1015 198 1064 203; x_wconf 89' lang='lat'>—</span> 
     </span>
    </p>
   </div>
   <div class='ocr_carea' id='block_1_6' title="bbox 239 287 876 957">
    <p class='ocr_par' dir='ltr' id='par_1_6' title="bbox 239 287 876 957">
     <span class='ocr_line' id='line_1_6' title="bbox 244 287 828 335; baseline 0 -10"><span class='ocrx_word' id='word_1_8' title='bbox 244 287 348 325; x_wconf 82' lang='lat' dir='ltr'>Dicti</span> <span class='ocrx_word' id='word_1_9' title='bbox 380 289 514 325; x_wconf 87' lang='lat' dir='ltr'>montis</span> <span class='ocrx_word' id='word_1_10' title='bbox 541 299 611 335; x_wconf 79' lang='lat' dir='ltr'>per</span> <span class='ocrx_word' id='word_1_11' title='bbox 641 289 828 326; x_wconf 73' lang='lat' dir='ltr'>desertum</span> 
     </span>
     <span class='ocr_line' id='line_1_7' title="bbox 245 343 764 391; baseline 0.004 -11"><span class='ocrx_word' id='word_1_12' title='bbox 245 343 453 391; x_wconf 78' lang='lat' dir='ltr'><strong>Vestigium</strong></span> <span class='ocrx_word' id='word_1_13' title='bbox 486 345 590 382; x_wconf 81' lang='lat' dir='ltr'>videt</span> <span class='ocrx_word' id='word_1_14' title='bbox 621 351 764 382; x_wconf 86' lang='lat' dir='ltr'>certum</span> 
     </span>
     <span class='ocr_line' id='line_1_8' title="bbox 300 399 728 448; baseline 0.002 -11"><span class='ocrx_word' id='word_1_15' title='bbox 300 399 392 437; x_wconf 87' lang='lat' dir='ltr'>Fusi</span> <span class='ocrx_word' id='word_1_16' title='bbox 423 402 616 448; x_wconf 80' lang='lat' dir='ltr'>sanguinis</span> <span class='ocrx_word' id='word_1_17' title='bbox 646 402 728 448; x_wconf 86' lang='lat' dir='ltr'>filii,</span> 
     </span>
     <span class='ocr_line' id='line_1_9' title="bbox 243 456 876 505; baseline 0.003 -12"><span class='ocrx_word' id='word_1_18' title='bbox 243 456 394 494; x_wconf 86' lang='lat' dir='ltr'>Nudum</span> <span class='ocrx_word' id='word_1_19' title='bbox 427 457 526 494; x_wconf 86' lang='lat' dir='ltr'>hunc</span> <span class='ocrx_word' id='word_1_20' title='bbox 553 463 591 495; x_wconf 86' lang='lat' dir='ltr'>et</span> <span class='ocrx_word' id='word_1_21' title='bbox 619 459 876 505; x_wconf 89' lang='lat' dir='ltr'>discopertum</span> 
     </span>
     <span class='ocr_line' id='line_1_10' title="bbox 243 513 875 558; baseline 0.005 -9"><span class='ocrx_word' id='word_1_22' title='bbox 243 513 403 558; x_wconf 85' lang='lat' dir='ltr'>Plorat,</span> <span class='ocrx_word' id='word_1_23' title='bbox 437 515 570 552; x_wconf 73' lang='lat' dir='ltr'>videns</span> <span class='ocrx_word' id='word_1_24' title='bbox 602 514 703 552; x_wconf 87' lang='lat' dir='ltr'>ferre</span> <span class='ocrx_word' id='word_1_25' title='bbox 733 518 875 552; x_wconf 87' lang='lat' dir='ltr'>sertum</span> 
     </span>
     <span class='ocr_line' id='line_1_11' title="bbox 301 570 822 621; baseline 0.006 -15"><span class='ocrx_word' id='word_1_26' title='bbox 301 570 503 616; x_wconf 82' lang='lat' dir='ltr'>Spinarum</span> <span class='ocrx_word' id='word_1_27' title='bbox 535 576 570 608; x_wconf 89' lang='lat' dir='ltr'>et</span> <span class='ocrx_word' id='word_1_28' title='bbox 602 571 822 621; x_wconf 78' lang='lat' dir='ltr'>opprobrii3</span> 
     </span>
     <span class='ocr_line' id='line_1_12' title="bbox 243 625 774 675; baseline 0.006 -13"><span class='ocrx_word' id='word_1_29' title='bbox 243 625 282 663; x_wconf 92' lang='lat' dir='ltr'>Si</span> <span class='ocrx_word' id='word_1_30' title='bbox 314 631 434 663; x_wconf 83' lang='lat' dir='ltr'>mater</span> <span class='ocrx_word' id='word_1_31' title='bbox 466 632 523 664; x_wconf 85' lang='lat' dir='ltr'>est</span> <span class='ocrx_word' id='word_1_32' title='bbox 553 628 677 665; x_wconf 90' lang='lat' dir='ltr'>cordis</span> <span class='ocrx_word' id='word_1_33' title='bbox 708 629 774 675; x_wconf 89' lang='lat' dir='ltr'>pii,</span> 
     </span>
     <span class='ocr_line' id='line_1_13' title="bbox 242 681 712 733; baseline 0.006 -15"><span class='ocrx_word' id='word_1_34' title='bbox 242 681 336 719; x_wconf 91' lang='lat' dir='ltr'>Eius</span> <span class='ocrx_word' id='word_1_35' title='bbox 367 682 414 719; x_wconf 86' lang='lat' dir='ltr'>ob</span> <span class='ocrx_word' id='word_1_36' title='bbox 446 684 562 721; x_wconf 89' lang='lat' dir='ltr'>ictum</span> <span class='ocrx_word' id='word_1_37' title='bbox 595 685 712 733; x_wconf 83' lang='lat' dir='ltr'>gladii</span> 
     </span>
     <span class='ocr_line' id='line_1_14' title="bbox 296 738 826 788; baseline 0.009 -14"><span class='ocrx_word' id='word_1_38' title='bbox 296 739 398 775; x_wconf 88' lang='lat' dir='ltr'>Iuste</span> <span class='ocrx_word' id='word_1_39' title='bbox 430 738 495 777; x_wconf 80' lang='lat' dir='ltr'>fiet</span> <span class='ocrx_word' id='word_1_40' title='bbox 523 741 622 778; x_wconf 79' lang='lat' dir='ltr'>latus</span> <span class='ocrx_word' id='word_1_41' title='bbox 653 745 826 788; x_wconf 88' lang='lat' dir='ltr'>apertum</span> 
     </span>
     <span class='ocr_line' id='line_1_15' title="bbox 240 795 649 835; baseline 0.01 -4"><span class='ocrx_word' id='word_1_42' title='bbox 240 795 291 832; x_wconf 89' lang='lat' dir='ltr'>Et</span> <span class='ocrx_word' id='word_1_43' title='bbox 322 795 400 832; x_wconf 89' lang='lat' dir='ltr'>eius</span> <span class='ocrx_word' id='word_1_44' title='bbox 432 802 489 833; x_wconf 88' lang='lat' dir='ltr'>est</span> <span class='ocrx_word' id='word_1_45' title='bbox 519 798 649 835; x_wconf 74' lang='lat' dir='ltr'>solacii</span> 
     </span>
     <span class='ocr_line' id='line_1_16' title="bbox 239 851 783 901; baseline 0.004 -13"><span class='ocrx_word' id='word_1_46' title='bbox 239 851 313 889; x_wconf 87' lang='lat' dir='ltr'>Cor</span> <span class='ocrx_word' id='word_1_47' title='bbox 343 862 479 898; x_wconf 74' lang='lat' dir='ltr'>expers</span> <span class='ocrx_word' id='word_1_48' title='bbox 510 859 622 900; x_wconf 86' lang='lat' dir='ltr'>atque</span> <span class='ocrx_word' id='word_1_49' title='bbox 654 854 783 901; x_wconf 86' lang='lat' dir='ltr'>gaudii</span> 
     </span>
     <span class='ocr_line' id='line_1_17' title="bbox 295 908 801 957; baseline 0.01 -13"><span class='ocrx_word' id='word_1_50' title='bbox 295 908 575 957; x_wconf 89' lang='lat' dir='ltr'>Doloribusque</span> <span class='ocrx_word' id='word_1_51' title='bbox 606 910 801 950; x_wconf 86' lang='lat' dir='ltr'>refertum.</span> 
     </span>
    </p>
   </div>
   <div class='ocr_carea' id='block_1_7' title="bbox 229 1061 838 1727">
    <p class='ocr_par' dir='ltr' id='par_1_7' title="bbox 229 1061 838 1727">
     <span class='ocr_line' id='line_1_18' title="bbox 236 1061 740 1112; baseline 0.004 -14"><span class='ocrx_word' id='word_1_52' title='bbox 236 1061 344 1099; x_wconf 73' lang='lat' dir='ltr'>Sicut</span> <span class='ocrx_word' id='word_1_53' title='bbox 373 1062 475 1108; x_wconf 76' lang='lat' dir='ltr'>fumi</span> <span class='ocrx_word' id='word_1_54' title='bbox 504 1061 545 1098; x_wconf 85' lang='lat' dir='ltr'>fit</span> <span class='ocrx_word' id='word_1_55' title='bbox 579 1062 740 1112; x_wconf 69' lang='lat' dir='ltr'>riryula,</span> 
     </span>
     <span class='ocr_line' id='line_1_19' title="bbox 236 1119 828 1166; baseline 0.005 -12"><span class='ocrx_word' id='word_1_56' title='bbox 236 1119 352 1165; x_wconf 86' lang='lat' dir='ltr'>Quam</span> <span class='ocrx_word' id='word_1_57' title='bbox 386 1119 529 1166; x_wconf 82' lang='lat' dir='ltr'>virgam</span> <span class='ocrx_word' id='word_1_58' title='bbox 563 1119 666 1156; x_wconf 90' lang='lat' dir='ltr'>Iesse</span> <span class='ocrx_word' id='word_1_59' title='bbox 696 1120 828 1158; x_wconf 89' lang='lat' dir='ltr'>sedula</span> 
     </span>
     <span class='ocr_line' id='line_1_20' title="bbox 292 1174 804 1224; baseline 0.004 -13"><span class='ocrx_word' id='word_1_60' title='bbox 292 1174 452 1212; x_wconf 78' lang='lat' dir='ltr'>Fatetur</span> <span class='ocrx_word' id='word_1_61' title='bbox 483 1175 590 1222; x_wconf 85' lang='lat' dir='ltr'>plebs</span> <span class='ocrx_word' id='word_1_62' title='bbox 623 1176 804 1224; x_wconf 88' lang='lat' dir='ltr'>fidelium,</span> 
     </span>
     <span class='ocr_line' id='line_1_21' title="bbox 233 1231 632 1278; baseline 0.003 -10"><span class='ocrx_word' id='word_1_63' title='bbox 233 1231 443 1268; x_wconf 85' lang='lat' dir='ltr'>Attenuata</span> <span class='ocrx_word' id='word_1_64' title='bbox 473 1233 632 1278; x_wconf 87' lang='lat' dir='ltr'>parvula</span> 
     </span>
     <span class='ocr_line' id='line_1_22' title="bbox 235 1287 684 1326; baseline 0.004 -2"><span class='ocrx_word' id='word_1_65' title='bbox 235 1287 355 1325; x_wconf 82' lang='lat' dir='ltr'>Facta</span> <span class='ocrx_word' id='word_1_66' title='bbox 387 1289 529 1325; x_wconf 89' lang='lat' dir='ltr'>doloris</span> <span class='ocrx_word' id='word_1_67' title='bbox 561 1288 684 1326; x_wconf 86' lang='lat' dir='ltr'>ferula</span> 
     </span>
     <span class='ocr_line' id='line_1_23' title="bbox 290 1344 760 1391; baseline 0.002 -10"><span class='ocrx_word' id='word_1_68' title='bbox 290 1344 346 1382; x_wconf 93' lang='lat' dir='ltr'>Ob</span> <span class='ocrx_word' id='word_1_69' title='bbox 378 1345 598 1382; x_wconf 87' lang='lat' dir='ltr'>morientem</span> <span class='ocrx_word' id='word_1_70' title='bbox 629 1345 760 1391; x_wconf 88' lang='lat' dir='ltr'>filium,</span> 
     </span>
     <span class='ocr_line' id='line_1_24' title="bbox 233 1401 751 1450; baseline 0 -11"><span class='ocrx_word' id='word_1_71' title='bbox 233 1401 312 1439; x_wconf 89' lang='lat' dir='ltr'>Iam</span> <span class='ocrx_word' id='word_1_72' title='bbox 345 1402 512 1439; x_wconf 84' lang='lat' dir='ltr'>ostendit</span> <span class='ocrx_word' id='word_1_73' title='bbox 543 1401 751 1450; x_wconf 85' lang='lat' dir='ltr'>fumigium‚</span> 
     </span>
     <span class='ocr_line' id='line_1_25' title="bbox 231 1458 758 1504; baseline 0.004 -10"><span class='ocrx_word' id='word_1_74' title='bbox 231 1458 334 1504; x_wconf 88' lang='lat' dir='ltr'>Quae</span> <span class='ocrx_word' id='word_1_75' title='bbox 364 1459 511 1495; x_wconf 85' lang='lat' dir='ltr'>solebat</span> <span class='ocrx_word' id='word_1_76' title='bbox 540 1460 758 1497; x_wconf 83' lang='lat' dir='ltr'>incendium</span> 
     </span>
     <span class='ocr_line' id='line_1_26' title="bbox 287 1514 838 1567; baseline 0.005 -16"><span class='ocrx_word' id='word_1_77' title='bbox 287 1514 390 1552; x_wconf 89' lang='lat' dir='ltr'>Dare</span> <span class='ocrx_word' id='word_1_78' title='bbox 422 1526 503 1552; x_wconf 89' lang='lat' dir='ltr'>cum</span> <span class='ocrx_word' id='word_1_79' title='bbox 535 1527 670 1562; x_wconf 79' lang='lat' dir='ltr'>magna</span> <span class='ocrx_word' id='word_1_80' title='bbox 698 1515 838 1567; x_wconf 84' lang='lat' dir='ltr'>facula,</span> 
     </span>
     <span class='ocr_line' id='line_1_27' title="bbox 232 1572 778 1619; baseline 0.005 -12"><span class='ocrx_word' id='word_1_81' title='bbox 232 1572 346 1616; x_wconf 81' lang='lat' dir='ltr'>Quasi</span> <span class='ocrx_word' id='word_1_82' title='bbox 377 1572 427 1608; x_wconf 88' lang='lat' dir='ltr'>sit</span> <span class='ocrx_word' id='word_1_83' title='bbox 455 1582 525 1619; x_wconf 88' lang='lat' dir='ltr'>per</span> <span class='ocrx_word' id='word_1_84' title='bbox 554 1573 778 1619; x_wconf 69' lang='lat' dir='ltr'>martyrium</span> 
     </span>
     <span class='ocr_line' id='line_1_28' title="bbox 229 1627 759 1677; baseline 0.006 -13"><span class='ocrx_word' id='word_1_85' title='bbox 229 1627 422 1674; x_wconf 81' lang='lat' dir='ltr'>Extincta‚</span> <span class='ocrx_word' id='word_1_86' title='bbox 455 1629 492 1665; x_wconf 90' lang='lat' dir='ltr'>in</span> <span class='ocrx_word' id='word_1_87' title='bbox 524 1629 759 1677; x_wconf 86' lang='lat' dir='ltr'>umbragium</span> 
     </span>
     <span class='ocr_line' id='line_1_29' title="bbox 287 1684 794 1727; baseline 0.008 -6"><span class='ocrx_word' id='word_1_88' title='bbox 287 1684 422 1722; x_wconf 87' lang='lat' dir='ltr'>Mundi</span> <span class='ocrx_word' id='word_1_89' title='bbox 455 1686 543 1722; x_wconf 87' lang='lat' dir='ltr'>data</span> <span class='ocrx_word' id='word_1_90' title='bbox 572 1690 614 1723; x_wconf 84' lang='lat' dir='ltr'>ut</span> <span class='ocrx_word' id='word_1_91' title='bbox 645 1687 794 1727; x_wconf 88' lang='lat' dir='ltr'>nebula.</span> 
     </span>
    </p>
   </div>
   <div class='ocr_carea' id='block_1_8' title="bbox 226 1837 825 2509">
    <p class='ocr_par' dir='ltr' id='par_1_8' title="bbox 227 1837 744 1933">
     <span class='ocr_line' id='line_1_30' title="bbox 227 1837 744 1878; baseline 0.008 -4"><span class='ocrx_word' id='word_1_92' title='bbox 227 1837 290 1875; x_wconf 76' lang='lat' dir='ltr'>Ex</span> <span class='ocrx_word' id='word_1_93' title='bbox 319 1849 476 1876; x_wconf 60' lang='lat' dir='ltr'>”turrae</span> <span class='ocrx_word' id='word_1_94' title='bbox 505 1840 744 1878; x_wconf 77' lang='lat' dir='ltr'>aromatibus</span> 
     </span>
     <span class='ocr_line' id='line_1_31' title="bbox 227 1893 700 1933; baseline 0.004 -2"><span class='ocrx_word' id='word_1_95' title='bbox 227 1893 279 1932; x_wconf 80' lang='lat' dir='ltr'>Et</span> <span class='ocrx_word' id='word_1_96' title='bbox 310 1895 408 1933; x_wconf 76' lang='lat' dir='ltr'>turis</span> <span class='ocrx_word' id='word_1_97' title='bbox 439 1896 700 1933; x_wconf 84' lang='lat' dir='ltr'>redolentibus</span> 
     </span>
    </p>

    <p class='ocr_par' dir='ltr' id='par_1_9' title="bbox 227 1951 756 2113">
     <span class='ocr_line' id='line_1_32' title="bbox 283 1951 729 1999; baseline 0.009 -12"><span class='ocrx_word' id='word_1_98' title='bbox 283 1951 335 1988; x_wconf 76' lang='lat' dir='ltr'>Et</span> <span class='ocrx_word' id='word_1_99' title='bbox 363 1952 533 1990; x_wconf 75' lang='lat' dir='ltr'>universi</span> <span class='ocrx_word' id='word_1_100' title='bbox 556 1953 729 1999; x_wconf 64' lang='lat' dir='ltr'>pulveris</span> 
     </span>
     <span class='ocr_line' id='line_1_33' title="bbox 227 2007 650 2055; baseline 0.005 -11"><span class='ocrx_word' id='word_1_101' title='bbox 227 2007 483 2055; x_wconf 67' lang='lat' dir='ltr'>Piymemarii</span> <span class='ocrx_word' id='word_1_102' title='bbox 512 2009 650 2046; x_wconf 86' lang='lat' dir='ltr'>ictibus</span> 
     </span>
     <span class='ocr_line' id='line_1_34' title="bbox 228 2064 756 2113; baseline 0.004 -11"><span class='ocrx_word' id='word_1_103' title='bbox 228 2064 403 2102; x_wconf 84' lang='lat' dir='ltr'>Contusis</span> <span class='ocrx_word' id='word_1_104' title='bbox 436 2066 547 2103; x_wconf 83' lang='lat' dir='ltr'>valde</span> <span class='ocrx_word' id='word_1_105' title='bbox 577 2066 756 2113; x_wconf 87' lang='lat' dir='ltr'>gravibus</span> 
     </span>
    </p>

    <p class='ocr_par' dir='ltr' id='par_1_10' title="bbox 228 2120 776 2273">
     <span class='ocr_line' id='line_1_35' title="bbox 285 2120 776 2170; baseline 0.004 -12"><span class='ocrx_word' id='word_1_106' title='bbox 285 2120 425 2158; x_wconf 89' lang='lat' dir='ltr'>Fumus</span> <span class='ocrx_word' id='word_1_107' title='bbox 456 2123 528 2159; x_wconf 90' lang='lat' dir='ltr'>iste</span> <span class='ocrx_word' id='word_1_108' title='bbox 559 2123 597 2159; x_wconf 89' lang='lat' dir='ltr'>in</span> <span class='ocrx_word' id='word_1_109' title='bbox 629 2123 776 2170; x_wconf 91' lang='lat' dir='ltr'>superis</span> 
     </span>
     <span class='ocr_line' id='line_1_36' title="bbox 228 2177 737 2226; baseline 0.006 -12"><span class='ocrx_word' id='word_1_110' title='bbox 228 2177 438 2226; x_wconf 84' lang='lat' dir='ltr'>Recipitur‚</span> <span class='ocrx_word' id='word_1_111' title='bbox 471 2179 558 2216; x_wconf 93' lang='lat' dir='ltr'>dum</span> <span class='ocrx_word' id='word_1_112' title='bbox 589 2182 737 2226; x_wconf 84' lang='lat' dir='ltr'>generis</span> 
     </span>
     <span class='ocr_line' id='line_1_37' title="bbox 228 2232 638 2273; baseline 0.002 -1"><span class='ocrx_word' id='word_1_113' title='bbox 228 2232 404 2272; x_wconf 88' lang='lat' dir='ltr'>Universi</span> <span class='ocrx_word' id='word_1_114' title='bbox 435 2235 473 2272; x_wconf 89' lang='lat' dir='ltr'>in</span> <span class='ocrx_word' id='word_1_115' title='bbox 504 2235 638 2273; x_wconf 86' lang='lat' dir='ltr'>inferis</span> 
     </span>
    </p>

    <p class='ocr_par' dir='ltr' id='par_1_11' title="bbox 226 2290 825 2443">
     <span class='ocr_line' id='line_1_38' title="bbox 283 2290 825 2341; baseline 0.006 -14"><span class='ocrx_word' id='word_1_116' title='bbox 283 2290 346 2328; x_wconf 87' lang='lat' dir='ltr'>Sic</span> <span class='ocrx_word' id='word_1_117' title='bbox 377 2292 490 2340; x_wconf 88' lang='lat' dir='ltr'>plena</span> <span class='ocrx_word' id='word_1_118' title='bbox 520 2297 577 2330; x_wconf 89' lang='lat' dir='ltr'>est</span> <span class='ocrx_word' id='word_1_119' title='bbox 607 2293 825 2341; x_wconf 79' lang='lat' dir='ltr'>virtutibus,</span> 
     </span>
     <span class='ocr_line' id='line_1_39' title="bbox 226 2346 712 2396; baseline 0.006 -12"><span class='ocrx_word' id='word_1_120' title='bbox 226 2346 334 2392; x_wconf 89' lang='lat' dir='ltr'>Quod</span> <span class='ocrx_word' id='word_1_121' title='bbox 366 2349 456 2385; x_wconf 90' lang='lat' dir='ltr'>trita</span> <span class='ocrx_word' id='word_1_122' title='bbox 488 2349 712 2396; x_wconf 87' lang='lat' dir='ltr'>dolorigeris</span> 
     </span>
     <span class='ocr_line' id='line_1_40' title="bbox 227 2403 632 2443; baseline 0.007 -3"><span class='ocrx_word' id='word_1_123' title='bbox 227 2403 440 2442; x_wconf 81' lang='lat' dir='ltr'>Geinitibus</span> <span class='ocrx_word' id='word_1_124' title='bbox 471 2405 632 2443; x_wconf 84' lang='lat' dir='ltr'>letiferis</span> 
     </span>
    </p>

    <p class='ocr_par' dir='ltr' id='par_1_12' title="bbox 283 2460 813 2509">
     <span class='ocr_line' id='line_1_41' title="bbox 283 2460 813 2509; baseline 0.004 -11"><span class='ocrx_word' id='word_1_125' title='bbox 283 2460 433 2498; x_wconf 89' lang='lat' dir='ltr'>Caelum</span> <span class='ocrx_word' id='word_1_126' title='bbox 467 2463 590 2509; x_wconf 85' lang='lat' dir='ltr'>replet</span> <span class='ocrx_word' id='word_1_127' title='bbox 619 2463 813 2504; x_wconf 87' lang='lat' dir='ltr'>odoribus.</span> 
     </span>
    </p>
   </div>
   <div class='ocr_carea' id='block_1_9' title="bbox 225 2607 854 2944">
    <p class='ocr_par' dir='ltr' id='par_1_13' title="bbox 225 2607 854 2944">
     <span class='ocr_line' id='line_1_42' title="bbox 227 2607 761 2659; baseline 0.006 -15"><span class='ocrx_word' id='word_1_128' title='bbox 227 2607 324 2653; x_wconf 83' lang='lat' dir='ltr'>Quid</span> <span class='ocrx_word' id='word_1_129' title='bbox 355 2609 479 2646; x_wconf 80' lang='lat' dir='ltr'>credit</span> <span class='ocrx_word' id='word_1_130' title='bbox 508 2609 593 2656; x_wconf 87' lang='lat' dir='ltr'>ipsa</span> <span class='ocrx_word' id='word_1_131' title='bbox 622 2608 761 2659; x_wconf 85' lang='lat' dir='ltr'>facere,</span> 
     </span>
     <span class='ocr_line' id='line_1_43' title="bbox 225 2664 818 2710; baseline 0.005 -9"><span class='ocrx_word' id='word_1_132' title='bbox 225 2664 326 2710; x_wconf 83' lang='lat' dir='ltr'>Quae</span> <span class='ocrx_word' id='word_1_133' title='bbox 355 2676 430 2702; x_wconf 88' lang='lat' dir='ltr'>non</span> <span class='ocrx_word' id='word_1_134' title='bbox 460 2666 566 2702; x_wconf 89' lang='lat' dir='ltr'>novit</span> <span class='ocrx_word' id='word_1_135' title='bbox 594 2666 668 2703; x_wconf 89' lang='lat' dir='ltr'>nisi</span> <span class='ocrx_word' id='word_1_136' title='bbox 697 2666 818 2704; x_wconf 78' lang='lat' dir='ltr'>flere?</span> 
     </span>
     <span class='ocr_line' id='line_1_44' title="bbox 279 2720 832 2772; baseline 0.009 -16"><span class='ocrx_word' id='word_1_137' title='bbox 279 2720 356 2770; x_wconf 84' lang='lat' dir='ltr'>En,</span> <span class='ocrx_word' id='word_1_138' title='bbox 388 2721 609 2760; x_wconf 82' lang='lat' dir='ltr'>Salomonis</span> <span class='ocrx_word' id='word_1_139' title='bbox 641 2722 832 2772; x_wconf 77' lang='lat' dir='ltr'>lectulum,</span> 
     </span>
     <span class='ocr_line' id='line_1_45' title="bbox 225 2775 709 2824; baseline 0.008 -12"><span class='ocrx_word' id='word_1_140' title='bbox 225 2775 282 2813; x_wconf 81' lang='lat' dir='ltr'>Ne</span> <span class='ocrx_word' id='word_1_141' title='bbox 312 2778 395 2824; x_wconf 83' lang='lat' dir='ltr'>quis</span> <span class='ocrx_word' id='word_1_142' title='bbox 426 2779 459 2815; x_wconf 91' lang='lat' dir='ltr'>ei</span> <span class='ocrx_word' id='word_1_143' title='bbox 488 2789 709 2816; x_wconf 83' lang='lat' dir='ltr'>succurrere</span> 
     </span>
     <span class='ocr_line' id='line_1_46' title="bbox 225 2833 677 2872; baseline 0.007 -3"><span class='ocrx_word' id='word_1_144' title='bbox 225 2833 376 2870; x_wconf 78' lang='lat' dir='ltr'>Audeat</span> <span class='ocrx_word' id='word_1_145' title='bbox 407 2835 464 2872; x_wconf 88' lang='lat' dir='ltr'>vel</span> <span class='ocrx_word' id='word_1_146' title='bbox 495 2835 677 2872; x_wconf 85' lang='lat' dir='ltr'>accedere</span> 
     </span>
     <span class='ocr_line' id='line_1_47' title="bbox 283 2889 854 2944; baseline 0.007 -18"><span class='ocrx_word' id='word_1_147' title='bbox 283 2889 366 2927; x_wconf 88' lang='lat' dir='ltr'>Nisi</span> <span class='ocrx_word' id='word_1_148' title='bbox 394 2896 553 2938; x_wconf 87' lang='lat' dir='ltr'>propter</span> <span class='ocrx_word' id='word_1_149' title='bbox 582 2892 854 2944; x_wconf 80' lang='lat' dir='ltr'>spectaculum,</span> 
     </span>
    </p>
   </div>
   <div class='ocr_carea' id='block_1_10' title="bbox 961 721 1026 758">
    <p class='ocr_par' dir='ltr' id='par_1_14' title="bbox 961 721 1026 758">
     <span class='ocr_line' id='line_1_48' title="bbox 961 721 1026 758; baseline -0.015 0"><span class='ocrx_word' id='word_1_150' title='bbox 961 721 1026 758; x_wconf 84' lang='lat'>23.</span> 
     </span>
    </p>
   </div>
   <div class='ocr_carea' id='block_1_11' title="bbox 950 1497 1016 1536">
    <p class='ocr_par' dir='ltr' id='par_1_15' title="bbox 950 1497 1016 1536">
     <span class='ocr_line' id='line_1_49' title="bbox 950 1497 1016 1536; baseline 0.03 -2"><span class='ocrx_word' id='word_1_151' title='bbox 950 1497 1016 1536; x_wconf 89' lang='grc'>24.</span> 
     </span>
    </p>
   </div>
   <div class='ocr_carea' id='block_1_12' title="bbox 945 2274 1011 2313">
    <p class='ocr_par' dir='ltr' id='par_1_16' title="bbox 945 2274 1011 2313">
     <span class='ocr_line' id='line_1_50' title="bbox 945 2274 1011 2313; baseline 0.03 -2"><span class='ocrx_word' id='word_1_152' title='bbox 945 2274 1011 2313; x_wconf 90' lang='grc'>25.</span> 
     </span>
    </p>
   </div>
   <div class='ocr_carea' id='block_1_13' title="bbox 1058 291 1661 620">
    <p class='ocr_par' dir='ltr' id='par_1_17' title="bbox 1058 291 1661 620">
     <span class='ocr_line' id='line_1_51' title="bbox 1058 291 1583 338; baseline 0 -10"><span class='ocrx_word' id='word_1_153' title='bbox 1058 291 1270 337; x_wconf 69' lang='lat' dir='ltr'>Seoeaqinta</span> <span class='ocrx_word' id='word_1_154' title='bbox 1301 302 1370 338; x_wconf 87' lang='lat' dir='ltr'>per</span> <span class='ocrx_word' id='word_1_155' title='bbox 1401 291 1583 328; x_wconf 87' lang='lat' dir='ltr'>circulum</span> 
     </span>
     <span class='ocr_line' id='line_1_52' title="bbox 1059 347 1638 394; baseline 0.002 -10"><span class='ocrx_word' id='word_1_156' title='bbox 1059 347 1110 384; x_wconf 85' lang='lat' dir='ltr'>Et</span> <span class='ocrx_word' id='word_1_157' title='bbox 1141 347 1302 393; x_wconf 84' lang='lat' dir='ltr'>amplius</span> <span class='ocrx_word' id='word_1_158' title='bbox 1335 358 1406 384; x_wconf 89' lang='lat' dir='ltr'>non</span> <span class='ocrx_word' id='word_1_159' title='bbox 1439 348 1638 394; x_wconf 84' lang='lat' dir='ltr'>paululum</span> 
     </span>
     <span class='ocr_line' id='line_1_53' title="bbox 1116 403 1661 447; baseline 0.006 -8"><span class='ocrx_word' id='word_1_160' title='bbox 1116 403 1251 441; x_wconf 75' lang='lat' dir='ltr'>Fortes</span> <span class='ocrx_word' id='word_1_161' title='bbox 1282 404 1471 447; x_wconf 72' lang='lat' dir='ltr'>ambiunt,</span> <span class='ocrx_word' id='word_1_162' title='bbox 1505 409 1542 440; x_wconf 86' lang='lat' dir='ltr'>et</span> <span class='ocrx_word' id='word_1_163' title='bbox 1574 415 1661 442; x_wconf 88' lang='lat' dir='ltr'>vere</span> 
     </span>
     <span class='ocr_line' id='line_1_54' title="bbox 1059 459 1528 497; baseline 0.004 -2"><span class='ocrx_word' id='word_1_164' title='bbox 1059 459 1285 497; x_wconf 78' lang='lat' dir='ltr'>Huiusmodi</span> <span class='ocrx_word' id='word_1_165' title='bbox 1317 460 1528 497; x_wconf 83' lang='lat' dir='ltr'>cubiculum</span> 
     </span>
     <span class='ocr_line' id='line_1_55' title="bbox 1061 517 1577 565; baseline 0.002 -12"><span class='ocrx_word' id='word_1_166' title='bbox 1061 517 1199 553; x_wconf 84' lang='lat' dir='ltr'>Parum</span> <span class='ocrx_word' id='word_1_167' title='bbox 1232 517 1352 553; x_wconf 85' lang='lat' dir='ltr'>allicit</span> <span class='ocrx_word' id='word_1_168' title='bbox 1383 517 1577 565; x_wconf 90' lang='lat' dir='ltr'>populum,</span> 
     </span>
     <span class='ocr_line' id='line_1_56' title="bbox 1119 573 1625 620; baseline 0 -8"><span class='ocrx_word' id='word_1_169' title='bbox 1119 573 1170 612; x_wconf 86' lang='lat' dir='ltr'>Ut</span> <span class='ocrx_word' id='word_1_170' title='bbox 1204 573 1295 610; x_wconf 89' lang='lat' dir='ltr'>velit</span> <span class='ocrx_word' id='word_1_171' title='bbox 1326 573 1386 610; x_wconf 88' lang='lat' dir='ltr'>hic</span> <span class='ocrx_word' id='word_1_172' title='bbox 1418 574 1625 620; x_wconf 87' lang='lat' dir='ltr'>quiescere.</span> 
     </span>
    </p>
   </div>
   <div class='ocr_carea' id='block_1_14' title="bbox 1052 719 1690 1389">
    <p class='ocr_par' dir='ltr' id='par_1_18' title="bbox 1052 719 1690 1389">
     <span class='ocr_line' id='line_1_57' title="bbox 1057 719 1530 767; baseline 0.002 -11"><span class='ocrx_word' id='word_1_173' title='bbox 1057 719 1121 757; x_wconf 76' lang='lat' dir='ltr'>Ex</span> <span class='ocrx_word' id='word_1_174' title='bbox 1150 719 1276 756; x_wconf 82' lang='lat' dir='ltr'>Israel</span> <span class='ocrx_word' id='word_1_175' title='bbox 1306 720 1530 767; x_wconf 70' lang='lat' dir='ltr'>fortissimis</span> 
     </span>
     <span class='ocr_line' id='line_1_58' title="bbox 1057 776 1690 824; baseline 0.005 -12"><span class='ocrx_word' id='word_1_176' title='bbox 1057 776 1107 813; x_wconf 88' lang='lat' dir='ltr'>Et</span> <span class='ocrx_word' id='word_1_177' title='bbox 1147 777 1194 813; x_wconf 89' lang='lat' dir='ltr'>ad</span> <span class='ocrx_word' id='word_1_178' title='bbox 1228 777 1364 813; x_wconf 90' lang='lat' dir='ltr'>malum</span> <span class='ocrx_word' id='word_1_179' title='bbox 1398 778 1690 824; x_wconf 82' lang='lat' dir='ltr'>promptissimis</span> 
     </span>
     <span class='ocr_line' id='line_1_59' title="bbox 1116 832 1675 881; baseline 0.005 -12"><span class='ocrx_word' id='word_1_180' title='bbox 1116 832 1211 870; x_wconf 84' lang='lat' dir='ltr'>Sunt</span> <span class='ocrx_word' id='word_1_181' title='bbox 1241 833 1311 881; x_wconf 82' lang='lat' dir='ltr'>illi,</span> <span class='ocrx_word' id='word_1_182' title='bbox 1345 834 1408 879; x_wconf 92' lang='lat' dir='ltr'>qui</span> <span class='ocrx_word' id='word_1_183' title='bbox 1440 833 1675 872; x_wconf 88' lang='lat' dir='ltr'>Salomonem</span> 
     </span>
     <span class='ocr_line' id='line_1_60' title="bbox 1058 889 1665 936; baseline 0.003 -10"><span class='ocrx_word' id='word_1_184' title='bbox 1058 889 1238 926; x_wconf 87' lang='lat' dir='ltr'>Nostrum</span> <span class='ocrx_word' id='word_1_185' title='bbox 1269 891 1401 936; x_wconf 80' lang='lat' dir='ltr'>poenis</span> <span class='ocrx_word' id='word_1_186' title='bbox 1432 891 1665 936; x_wconf 86' lang='lat' dir='ltr'>gravissimis</span> 
     </span>
     <span class='ocr_line' id='line_1_61' title="bbox 1056 946 1524 993; baseline 0 -10"><span class='ocrx_word' id='word_1_187' title='bbox 1056 946 1250 983; x_wconf 84' lang='lat' dir='ltr'>Vexarunt</span> <span class='ocrx_word' id='word_1_188' title='bbox 1281 946 1524 993; x_wconf 65' lang='lat' dir='ltr'>lei-osolymis</span> 
     </span>
     <span class='ocr_line' id='line_1_62' title="bbox 1112 1003 1688 1050; baseline 0.002 -10"><span class='ocrx_word' id='word_1_189' title='bbox 1112 1003 1240 1050; x_wconf 89' lang='lat' dir='ltr'>Usque</span> <span class='ocrx_word' id='word_1_190' title='bbox 1257 1003 1304 1040; x_wconf 86' lang='lat' dir='ltr'>ad</span> <span class='ocrx_word' id='word_1_191' title='bbox 1324 1014 1389 1039; x_wconf 87' lang='lat' dir='ltr'>cor</span> <span class='ocrx_word' id='word_1_192' title='bbox 1405 1008 1442 1040; x_wconf 84' lang='lat' dir='ltr'>et</span> <span class='ocrx_word' id='word_1_193' title='bbox 1459 1004 1688 1050; x_wconf 86' lang='lat' dir='ltr'>pulmonem,</span> 
     </span>
     <span class='ocr_line' id='line_1_63' title="bbox 1053 1058 1557 1106; baseline 0 -9"><span class='ocrx_word' id='word_1_194' title='bbox 1053 1058 1191 1097; x_wconf 77' lang='lat' dir='ltr'>Omnes</span> <span class='ocrx_word' id='word_1_195' title='bbox 1222 1059 1329 1106; x_wconf 88' lang='lat' dir='ltr'>quasi</span> <span class='ocrx_word' id='word_1_196' title='bbox 1359 1061 1557 1106; x_wconf 83' lang='lat' dir='ltr'>pugionem</span> 
     </span>
     <span class='ocr_line' id='line_1_64' title="bbox 1052 1117 1592 1154; baseline 0 -1"><span class='ocrx_word' id='word_1_197' title='bbox 1052 1117 1237 1154; x_wconf 66' lang='lat' dir='ltr'>Ten-entes</span> <span class='ocrx_word' id='word_1_198' title='bbox 1269 1117 1347 1153; x_wconf 90' lang='lat' dir='ltr'>sive</span> <span class='ocrx_word' id='word_1_199' title='bbox 1379 1128 1592 1154; x_wconf 88' lang='lat' dir='ltr'>mucronem</span> 
     </span>
     <span class='ocr_line' id='line_1_65' title="bbox 1111 1172 1654 1220; baseline 0.002 -10"><span class='ocrx_word' id='word_1_200' title='bbox 1111 1173 1277 1220; x_wconf 84' lang='lat' dir='ltr'>Linguas</span> <span class='ocrx_word' id='word_1_201' title='bbox 1309 1172 1511 1220; x_wconf 79' lang='lat' dir='ltr'>pestiferas</span> <span class='ocrx_word' id='word_1_202' title='bbox 1543 1175 1654 1211; x_wconf 87' lang='lat' dir='ltr'>nimis</span> 
     </span>
     <span class='ocr_line' id='line_1_66' title="bbox 1053 1230 1528 1267; baseline -0.002 0"><span class='ocrx_word' id='word_1_203' title='bbox 1053 1230 1192 1267; x_wconf 74' lang='lat' dir='ltr'>Facias</span> <span class='ocrx_word' id='word_1_204' title='bbox 1224 1230 1272 1266; x_wconf 87' lang='lat' dir='ltr'>ad</span> <span class='ocrx_word' id='word_1_205' title='bbox 1305 1230 1528 1267; x_wconf 87' lang='lat' dir='ltr'>occisionem</span> 
     </span>
     <span class='ocr_line' id='line_1_67' title="bbox 1052 1286 1619 1333; baseline -0.004 -8"><span class='ocrx_word' id='word_1_206' title='bbox 1052 1287 1103 1325; x_wconf 86' lang='lat' dir='ltr'>Ut</span> <span class='ocrx_word' id='word_1_207' title='bbox 1131 1286 1280 1333; x_wconf 60' lang='lat' dir='ltr'>gladios</span> <span class='ocrx_word' id='word_1_208' title='bbox 1312 1298 1380 1333; x_wconf 90' lang='lat' dir='ltr'>per</span> <span class='ocrx_word' id='word_1_209' title='bbox 1411 1297 1619 1326; x_wconf 86' lang='lat' dir='ltr'>sermonem</span> 
     </span>
     <span class='ocr_line' id='line_1_68' title="bbox 1108 1343 1686 1389; baseline 0.003 -10"><span class='ocrx_word' id='word_1_210' title='bbox 1108 1343 1278 1389; x_wconf 87' lang='lat' dir='ltr'>Nequam</span> <span class='ocrx_word' id='word_1_211' title='bbox 1291 1344 1464 1380; x_wconf 88' lang='lat' dir='ltr'>haustum</span> <span class='ocrx_word' id='word_1_212' title='bbox 1475 1354 1521 1380; x_wconf 81' lang='lat' dir='ltr'>ex</span> <span class='ocrx_word' id='word_1_213' title='bbox 1531 1344 1686 1382; x_wconf 85' lang='lat' dir='ltr'>intimis.</span> 
     </span>
    </p>
   </div>
   <div class='ocr_carea' id='block_1_15' title="bbox 1042 1495 1643 2169">
    <p class='ocr_par' dir='ltr' id='par_1_19' title="bbox 1042 1495 1643 2169">
     <span class='ocr_line' id='line_1_69' title="bbox 1049 1495 1601 1534; baseline 0 -1"><span class='ocrx_word' id='word_1_214' title='bbox 1049 1496 1115 1533; x_wconf 80' lang='lat' dir='ltr'>Ad</span> <span class='ocrx_word' id='word_1_215' title='bbox 1144 1495 1241 1533; x_wconf 70' lang='lat' dir='ltr'>bella</span> <span class='ocrx_word' id='word_1_216' title='bbox 1274 1502 1360 1534; x_wconf 87' lang='lat' dir='ltr'>sunt</span> <span class='ocrx_word' id='word_1_217' title='bbox 1391 1496 1601 1534; x_wconf 71' lang='lat' dir='ltr'>doctissimi</span> 
     </span>
     <span class='ocr_line' id='line_1_70' title="bbox 1047 1553 1496 1601; baseline -0.002 -10"><span class='ocrx_word' id='word_1_218' title='bbox 1047 1553 1203 1591; x_wconf 89' lang='lat' dir='ltr'>Alumni</span> <span class='ocrx_word' id='word_1_219' title='bbox 1235 1554 1496 1601; x_wconf 85' lang='lat' dir='ltr'>malignissimi</span> 
     </span>
     <span class='ocr_line' id='line_1_71' title="bbox 1105 1609 1515 1659; baseline 0.007 -14"><span class='ocrx_word' id='word_1_220' title='bbox 1105 1609 1306 1647; x_wconf 86' lang='lat' dir='ltr'>Furientes</span> <span class='ocrx_word' id='word_1_221' title='bbox 1336 1610 1515 1659; x_wconf 85' lang='lat' dir='ltr'>invidiae,</span> 
     </span>
     <span class='ocr_line' id='line_1_72' title="bbox 1047 1667 1534 1716; baseline -0.004 -10"><span class='ocrx_word' id='word_1_222' title='bbox 1047 1667 1169 1706; x_wconf 85' lang='lat' dir='ltr'>Canes</span> <span class='ocrx_word' id='word_1_223' title='bbox 1200 1667 1534 1716; x_wconf 87' lang='lat' dir='ltr'>impudentissimi,</span> 
     </span>
     <span class='ocr_line' id='line_1_73' title="bbox 1049 1723 1481 1773; baseline 0.002 -14"><span class='ocrx_word' id='word_1_224' title='bbox 1049 1723 1219 1760; x_wconf 86' lang='lat' dir='ltr'>Venatici</span> <span class='ocrx_word' id='word_1_225' title='bbox 1251 1724 1481 1773; x_wconf 86' lang='lat' dir='ltr'>nequissimi,</span> 
     </span>
     <span class='ocr_line' id='line_1_74' title="bbox 1102 1780 1534 1818; baseline 0.005 -2"><span class='ocrx_word' id='word_1_226' title='bbox 1102 1780 1197 1817; x_wconf 92' lang='lat' dir='ltr'>Boni</span> <span class='ocrx_word' id='word_1_227' title='bbox 1229 1785 1267 1817; x_wconf 81' lang='lat' dir='ltr'>et</span> <span class='ocrx_word' id='word_1_228' title='bbox 1297 1781 1534 1818; x_wconf 86' lang='lat' dir='ltr'>innocentiae</span> 
     </span>
     <span class='ocr_line' id='line_1_75' title="bbox 1043 1837 1463 1875; baseline 0.002 -2"><span class='ocrx_word' id='word_1_229' title='bbox 1043 1837 1112 1874; x_wconf 88' lang='lat' dir='ltr'>Eis</span> <span class='ocrx_word' id='word_1_230' title='bbox 1143 1837 1269 1873; x_wconf 91' lang='lat' dir='ltr'>insunt</span> <span class='ocrx_word' id='word_1_231' title='bbox 1299 1837 1463 1875; x_wconf 87' lang='lat' dir='ltr'>insidiae</span> 
     </span>
     <span class='ocr_line' id='line_1_76' title="bbox 1045 1894 1501 1932; baseline 0.002 -1"><span class='ocrx_word' id='word_1_232' title='bbox 1045 1894 1097 1931; x_wconf 85' lang='lat' dir='ltr'>Et</span> <span class='ocrx_word' id='word_1_233' title='bbox 1128 1894 1288 1930; x_wconf 86' lang='lat' dir='ltr'>latentes</span> <span class='ocrx_word' id='word_1_234' title='bbox 1320 1895 1501 1932; x_wconf 79' lang='lat' dir='ltr'>excubiae</span> 
     </span>
     <span class='ocr_line' id='line_1_77' title="bbox 1102 1946 1643 1997; baseline 0.002 -10"><span class='ocrx_word' id='word_1_235' title='bbox 1102 1951 1172 1996; x_wconf 81' lang='lat' dir='ltr'>Ita,</span> <span class='ocrx_word' id='word_1_236' title='bbox 1206 1946 1306 1997; x_wconf 79' lang='lat' dir='ltr'>quod</span> <span class='ocrx_word' id='word_1_237' title='bbox 1336 1962 1406 1988; x_wconf 86' lang='lat' dir='ltr'>nec</span> <span class='ocrx_word' id='word_1_238' title='bbox 1437 1951 1643 1988; x_wconf 83' lang='lat' dir='ltr'>cautissimi</span> 
     </span>
     <span class='ocr_line' id='line_1_78' title="bbox 1042 2007 1470 2054; baseline 0 -9"><span class='ocrx_word' id='word_1_239' title='bbox 1042 2008 1079 2045; x_wconf 89' lang='lat' dir='ltr'>A</span> <span class='ocrx_word' id='word_1_240' title='bbox 1110 2007 1254 2053; x_wconf 88' lang='lat' dir='ltr'>laqueis</span> <span class='ocrx_word' id='word_1_241' title='bbox 1285 2007 1470 2054; x_wconf 86' lang='lat' dir='ltr'>perfidiae</span> 
     </span>
     <span class='ocr_line' id='line_1_79' title="bbox 1043 2064 1475 2111; baseline 0.005 -11"><span class='ocrx_word' id='word_1_242' title='bbox 1043 2064 1186 2101; x_wconf 89' lang='lat' dir='ltr'>Eorum</span> <span class='ocrx_word' id='word_1_243' title='bbox 1218 2068 1256 2100; x_wconf 85' lang='lat' dir='ltr'>et</span> <span class='ocrx_word' id='word_1_244' title='bbox 1284 2065 1475 2111; x_wconf 83' lang='lat' dir='ltr'>nequitiae</span> 
     </span>
     <span class='ocr_line' id='line_1_80' title="bbox 1100 2121 1614 2169; baseline 0.006 -12"><span class='ocrx_word' id='word_1_245' title='bbox 1100 2121 1278 2158; x_wconf 88' lang='lat' dir='ltr'>Evadant</span> <span class='ocrx_word' id='word_1_246' title='bbox 1308 2122 1458 2168; x_wconf 84' lang='lat' dir='ltr'>decepti</span> <span class='ocrx_word' id='word_1_247' title='bbox 1487 2123 1614 2169; x_wconf 87' lang='lat' dir='ltr'>primi.</span> 
     </span>
    </p>
   </div>
   <div class='ocr_carea' id='block_1_16' title="bbox 1039 2272 1677 2944">
    <p class='ocr_par' dir='ltr' id='par_1_20' title="bbox 1039 2272 1677 2944">
     <span class='ocr_line' id='line_1_81' title="bbox 1047 2272 1491 2320; baseline 0.002 -9"><span class='ocrx_word' id='word_1_248' title='bbox 1047 2272 1361 2320; x_wconf 65' lang='lat' dir='ltr'>Uniuscutusque</span> <span class='ocrx_word' id='word_1_249' title='bbox 1390 2274 1491 2312; x_wconf 69' lang='lat' dir='ltr'>ensis</span> 
     </span>
     <span class='ocr_line' id='line_1_82' title="bbox 1042 2329 1549 2368; baseline 0.002 -2"><span class='ocrx_word' id='word_1_250' title='bbox 1042 2329 1191 2367; x_wconf 87' lang='lat' dir='ltr'>Talium</span> <span class='ocrx_word' id='word_1_251' title='bbox 1224 2331 1350 2367; x_wconf 90' lang='lat' dir='ltr'>verbis</span> <span class='ocrx_word' id='word_1_252' title='bbox 1380 2331 1549 2368; x_wconf 86' lang='lat' dir='ltr'>accensis</span> 
     </span>
     <span class='ocr_line' id='line_1_83' title="bbox 1100 2386 1548 2437; baseline 0 -13"><span class='ocrx_word' id='word_1_253' title='bbox 1100 2386 1267 2433; x_wconf 81' lang='lat' dir='ltr'>opponit</span> <span class='ocrx_word' id='word_1_254' title='bbox 1297 2398 1337 2424; x_wconf 88' lang='lat' dir='ltr'>se</span> <span class='ocrx_word' id='word_1_255' title='bbox 1366 2388 1548 2437; x_wconf 86' lang='lat' dir='ltr'>iustitiae,</span> 
     </span>
     <span class='ocr_line' id='line_1_84' title="bbox 1042 2442 1596 2490; baseline 0.005 -11"><span class='ocrx_word' id='word_1_256' title='bbox 1042 2442 1139 2480; x_wconf 85' lang='lat' dir='ltr'>Nam</span> <span class='ocrx_word' id='word_1_257' title='bbox 1171 2444 1413 2490; x_wconf 85' lang='lat' dir='ltr'>pertransitis</span> <span class='ocrx_word' id='word_1_258' title='bbox 1445 2444 1596 2482; x_wconf 88' lang='lat' dir='ltr'>offensis</span> 
     </span>
     <span class='ocr_line' id='line_1_85' title="bbox 1041 2499 1496 2538; baseline 0.004 -2"><span class='ocrx_word' id='word_1_259' title='bbox 1041 2499 1295 2537; x_wconf 81' lang='lat' dir='ltr'>Pertinaciter</span> <span class='ocrx_word' id='word_1_260' title='bbox 1330 2499 1496 2538; x_wconf 90' lang='lat' dir='ltr'>defensis</span> 
     </span>
     <span class='ocr_line' id='line_1_86' title="bbox 1098 2557 1643 2607; baseline 0.007 -15"><span class='ocrx_word' id='word_1_261' title='bbox 1098 2557 1262 2603; x_wconf 89' lang='lat' dir='ltr'>Quisque</span> <span class='ocrx_word' id='word_1_262' title='bbox 1293 2567 1426 2604; x_wconf 87' lang='lat' dir='ltr'>gerens</span> <span class='ocrx_word' id='word_1_263' title='bbox 1457 2568 1497 2594; x_wconf 90' lang='lat' dir='ltr'>se</span> <span class='ocrx_word' id='word_1_264' title='bbox 1527 2558 1643 2607; x_wconf 88' lang='lat' dir='ltr'>impie</span> 
     </span>
     <span class='ocr_line' id='line_1_87' title="bbox 1039 2613 1450 2650; baseline 0.002 -1"><span class='ocrx_word' id='word_1_265' title='bbox 1039 2613 1280 2650; x_wconf 82' lang='lat' dir='ltr'>Adversatur</span> <span class='ocrx_word' id='word_1_266' title='bbox 1311 2615 1450 2650; x_wconf 91' lang='lat' dir='ltr'>cotidie</span> 
     </span>
     <span class='ocr_line' id='line_1_88' title="bbox 1039 2669 1507 2707; baseline 0.002 -1"><span class='ocrx_word' id='word_1_267' title='bbox 1039 2669 1279 2706; x_wconf 85' lang='lat' dir='ltr'>Habentibus</span> <span class='ocrx_word' id='word_1_268' title='bbox 1310 2681 1350 2706; x_wconf 91' lang='lat' dir='ltr'>se</span> <span class='ocrx_word' id='word_1_269' title='bbox 1381 2670 1507 2707; x_wconf 88' lang='lat' dir='ltr'>sobrie</span> 
     </span>
     <span class='ocr_line' id='line_1_89' title="bbox 1096 2726 1675 2775; baseline 0.005 -13"><span class='ocrx_word' id='word_1_270' title='bbox 1096 2726 1147 2763; x_wconf 88' lang='lat' dir='ltr'>Et</span> <span class='ocrx_word' id='word_1_271' title='bbox 1169 2736 1253 2763; x_wconf 90' lang='lat' dir='ltr'>cum</span> <span class='ocrx_word' id='word_1_272' title='bbox 1274 2726 1451 2763; x_wconf 87' lang='lat' dir='ltr'>laudibus</span> <span class='ocrx_word' id='word_1_273' title='bbox 1467 2728 1675 2775; x_wconf 82' lang='lat' dir='ltr'>immensis,</span> 
     </span>
     <span class='ocr_line' id='line_1_90' title="bbox 1040 2781 1677 2832; baseline 0.006 -13"><span class='ocrx_word' id='word_1_274' title='bbox 1040 2782 1190 2831; x_wconf 86' lang='lat' dir='ltr'>Volens,</span> <span class='ocrx_word' id='word_1_275' title='bbox 1223 2783 1324 2831; x_wconf 93' lang='lat' dir='ltr'>quod</span> <span class='ocrx_word' id='word_1_276' title='bbox 1351 2781 1476 2820; x_wconf 85' lang='lat' dir='ltr'>faeces</span> <span class='ocrx_word' id='word_1_277' title='bbox 1498 2785 1677 2832; x_wconf 87' lang='lat' dir='ltr'>propriae</span> 
     </span>
     <span class='ocr_line' id='line_1_91' title="bbox 1039 2839 1505 2886; baseline 0.004 -11"><span class='ocrx_word' id='word_1_278' title='bbox 1039 2839 1223 2876; x_wconf 89' lang='lat' dir='ltr'>Velentur</span> <span class='ocrx_word' id='word_1_279' title='bbox 1253 2840 1376 2886; x_wconf 85' lang='lat' dir='ltr'>prima</span> <span class='ocrx_word' id='word_1_280' title='bbox 1407 2839 1505 2878; x_wconf 86' lang='lat' dir='ltr'>facie</span> 
     </span>
     <span class='ocr_line' id='line_1_92' title="bbox 1093 2895 1560 2944; baseline 0.009 -12"><span class='ocrx_word' id='word_1_281' title='bbox 1093 2895 1152 2933; x_wconf 87' lang='lat' dir='ltr'>Ex</span> <span class='ocrx_word' id='word_1_282' title='bbox 1185 2896 1343 2933; x_wconf 87' lang='lat' dir='ltr'>aliorum</span> <span class='ocrx_word' id='word_1_283' title='bbox 1375 2898 1560 2944; x_wconf 73' lang='lat' dir='ltr'>expensis</span> 
     </span>
    </p>
   </div>
  </div>
 </body>
</html>
