1914 3223
336 1872 399 1909 10.

339 2419 401 2458 11.

147 2945 171 2987 ¹)
194 2947 292 2987 Quod
318 2949 379 2979 Hs.

657 245 708 251 ——
769 222 846 263 :311
907 243 963 250 —

418 339 511 386 Quia
529 336 560 388 ¹)
592 337 716 375 verbis
746 336 881 374 fallunt
914 334 1156 373 mendacibus
1191 375 1195 380 ,
1239 345 1243 349 ·

480 395 689 433 Abutentes
720 394 883 431 obtentis
914 393 1064 442 litteris,

477 452 522 489 Et
556 456 637 499 post
670 461 799 498 parum
831 449 986 487 obtentu
1018 448 1180 485 muneris

421 509 497 545 llos
527 508 675 545 admitti
706 507 805 544 iubet
838 507 885 543 ab
916 505 1100 553 omnibus,

422 566 489 610 Qui
522 570 690 610 pastores
721 567 880 610 pascunt
912 561 1130 609 caponibuS‚

476 621 573 658 Oves
605 631 692 658 vero
724 620 831 667 nugis
859 618 1078 656 mortiferis,

383 803 392 813 .
425 774 508 812 Una
539 773 599 810 die
630 773 702 810 tria
734 771 911 809 coenobia

479 829 748 877 Archipraesul
781 827 997 875 frequenter
1028 827 1167 876 visitat,

423 887 504 924 Duo
535 886 667 923 transit
698 890 847 932 sumpta
876 884 1047 931 pecunia,

482 945 522 980 ln
553 943 665 980 tertio
696 946 919 988 pernoctans
948 940 1117 988 habitat;

480 1000 593 1036 Mane
624 1010 711 1036 vero
743 1002 946 1036 conventus
977 997 1146 1034 clamitat

428 1057 482 1093 De
512 1056 659 1093 abbatis
691 1054 828 1092 docens
857 1053 1024 1102 iufamia,

425 1113 498 1149 Sed
532 1113 567 1149 in
597 1123 745 1156 vanum,
778 1123 860 1148 nam
893 1115 1028 1158 purgat
1059 1110 1150 1148 vitia

484 1168 708 1218 palefridus,
741 1179 848 1215 quem
880 1167 998 1205 abbas
1031 1167 1186 1214 equitat,

355 1326 393 1360 ·..
425 1322 645 1361 cardinales
675 1331 832 1369 quoque,
863 1321 926 1368 qui
958 1320 1111 1358 cardine

482 1379 597 1415 Recto
628 1377 727 1415 ferre
758 1382 931 1414 tenentur
959 1377 1108 1424 ostium,

428 1435 617 1472 Incurvati
647 1435 742 1471 lucri
776 1433 951 1480 cupidine
1158 1427 1163 1433 ’

481 1491 659 1528 Reddunt
689 1491 782 1527 illud
815 1489 1030 1537 frequenter
1062 1490 1223 1536 devium,

481 1547 628 1584 Rostris
661 1551 819 1594 carpunt
851 1551 886 1583 et
917 1557 988 1593 ope
1018 1547 1208 1593 unguium,

427 1604 615 1650 Quidquid
650 1604 748 1641 redit
778 1614 800 1640 a
829 1614 971 1640 summo
1003 1603 1165 1640 culmine

427 1660 488 1703 Et,
520 1661 551 1696 si
582 1671 651 1707 pro
681 1671 752 1707 quo
782 1664 987 1707 precantur
1017 1659 1176 1709 homine,

432 1730 434 1732 ’
484 1716 577 1754 Suas
610 1716 749 1754 librant
782 1727 912 1764 preces
942 1716 992 1754 ad
1022 1716 1196 1763 pretium.

430 1870 511 1907 Nec
542 1870 588 1907 de
619 1880 760 1907 summo
791 1870 913 1907 minus
944 1868 1122 1917 pontifice

483 1926 551 1964 Est
582 1926 825 1973 querendum,
858 1927 921 1974 qui
951 1926 1039 1964 Sion
1070 1926 1227 1965 liberam

431 1983 610 2020 Servituti
640 1983 859 2030 pessumdat
892 1983 1078 2031 publicae,

485 2040 606 2077 Gazas
633 2040 712 2076 eius
745 2038 938 2077 defalcans
966 2051 1177 2088 perperam,

485 2097 583 2143 Quas
618 2097 778 2144 largitur
806 2097 898 2145 regi,
930 2097 993 2143 qui
1025 2107 1211 2134 cameram

434 2154 545 2191 Suam
577 2158 703 2190 servat.
735 2153 895 2191 vivendo
926 2153 1056 2200 stoice,

431 2209 564 2247 Pacem
595 2210 697 2256 genti
727 2208 851 2247 ferens
879 2209 1080 2259 Arabicae,

486 2266 543 2303 Ne
573 2276 726 2303 uxorem
757 2266 922 2304 offendat
952 2271 1132 2305 teneram.

436 2419 496 2456 Sic
527 2420 736 2466 exemplum
768 2419 871 2467 plebi
900 2420 1067 2458 malitiae

440 2490 444 2493 ·
490 2476 522 2513 A
555 2476 735 2522 praelatis
765 2477 884 2524 surgit
915 2477 1151 2526 sublimibus,

433 2533 504 2578 Qui
534 2533 591 2569 vel
623 2543 757 2570 nervos
790 2538 967 2580 rumpunt
997 2535 1178 2572 ecclesiae

490 2589 629 2626 Contra
659 2589 779 2626 Deum
810 2590 968 2638 sumptis
999 2591 1229 2642 muneribus,

494 2645 560 2682 Vel
592 2646 753 2683 terrenis
785 2645 911 2684 favent
939 2648 1202 2695 principibus]

436 2701 689 2739 Distrabendo
721 2703 874 2740 caelesti
904 2703 1015 2742 filiae.

437 2758 560 2807 Placa,
595 2758 706 2806 Deus,
738 2760 857 2807 pestis
888 2763 964 2798 tam
996 2762 1132 2798 noxiae

490 2814 697 2853 Flammam
728 2827 880 2864 gravem
912 2818 1050 2855 roratis
1082 2819 1272 2859 cordibus,
