1914 3223
685 201 741 206 —
802 178 879 220 177

66 294 116 333 ,3.
147 292 283 330 Exstet
314 292 500 330 adventus
531 292 665 330 beatae

204 359 303 385 nunc
333 353 420 386 tuae
451 350 689 395 praesentiae

146 404 294 443 Gaudio
325 405 459 452 plenus
490 416 624 443 sereno

201 465 239 498 et
270 460 401 499 favore
431 462 609 510 simplici.

80 565 118 602 4.
149 564 264 604 Iuste.
300 562 391 601 felix
423 568 461 601 et
491 564 664 614 benigue,

206 620 308 657 mitis
340 625 375 657 et
406 620 590 667 piissime,

151 676 279 714 Pande
307 677 442 714 mentis
475 677 535 714 hic
566 678 726 714 nitorem

205 739 335 770 nostra
367 734 559 781 complens
592 734 744 782 gaudia.

81 837 121 874 5.
154 836 260 881 Quod
293 836 415 873 minus
445 836 558 883 digne
589 837 757 874 valemus

206 893 388 929 servitute
420 893 562 931 debita.

150 949 235 986 Hoc
266 950 319 986 tui
353 950 466 986 donet
498 948 640 987 favoris

206 1006 306 1043 laeta
337 1006 445 1043 nobis
479 1007 613 1054 gratia.

81 1110 117 1148 6.
151 1107 304 1157 Sancta,
339 1109 511 1155 Lotliari‚
544 1109 670 1147 Maria

207 1165 314 1212 virgo
345 1169 384 1202 te
416 1176 498 1202 cum
532 1165 717 1203 fratribus

149 1221 200 1259 Et
231 1222 344 1259 simul
377 1233 461 1259 cum
493 1227 603 1269 patre
635 1233 769 1270 magno

209 1284 347 1328 servet,
380 1284 512 1329 armet,
547 1284 733 1327 protegat.

926 288 1043 333 7.'Et
1076 294 1214 331 Valens
1246 294 1393 331 iunctus
1425 293 1546 330 beatis

1051 350 1122 387 hoc
1152 355 1330 398 precetur
1361 350 1547 395 omnibus,

998 407 1136 448 Vestra
1167 419 1242 455 pax
1275 413 1314 444 ut
1347 417 1442 454 pace
1474 411 1629 444 cunctos

1052 463 1178 500 firmet
1209 468 1298 510 apta
1328 464 1513 502 subditos

927 566 965 604 8.
999 566 1119 609 Intus,
1153 569 1273 613 extra,
1305 565 1427 612 longe,
1461 565 1566 601 iuxta

1056 619 1199 668 fulgeat
1231 622 1446 669 concordia,

998 678 1106 716 Brito
1138 678 1250 715 cedat
1283 684 1395 725 atque
1427 678 1582 726 Bulgar,

1054 735 1175 771 omnis
1209 735 1326 772 ardor
1357 735 1532 774 hostium.

927 838 966 875 9.
1000 837 1101 883 Vita,
1135 837 1256 874 virtus
1289 842 1325 873 et
1356 841 1525 883 potestas

1053 893 1170 930 robur
1200 898 1235 930 et
1268 894 1439 939 victoria,

996 949 1115 988 Fama
1147 949 1240 987 felix
1273 955 1310 986 te
1341 954 1547 997 sequantur

1053 1011 1167 1054 atque
1200 1007 1300 1045 vitae
1332 1007 1515 1053 praemia.

901 1109 966 1148 10.
1000 1108 1153 1146 Summa
1185 1120 1352 1146 summae
1382 1109 1547 1146 trinitati

1055 1166 1103 1203 sit
1135 1177 1205 1212 per
1235 1177 1368 1203 aevum
1400 1166 1533 1215 gloria,

998 1223 1102 1268 Quae
1133 1223 1317 1270 gubernet
1349 1227 1386 1259 et
1415 1226 1571 1260 coronet

1055 1290 1125 1326 per
1157 1286 1194 1317 te
1225 1291 1334 1316 omne
1363 1280 1566 1321 saeculum,

161 1367 242 1399 Cod.
271 1369 428 1400 Vatican.
454 1370 540 1412 Reg.
565 1367 642 1400 469.
668 1369 726 1408 (ol.
744 1368 960 1410 Sangallen.)
982 1379 1072 1400 saec.
1090 1366 1124 1400 9.
1142 1379 1194 1401 ex.
1214 1369 1253 1400 A.
1272 1386 1317 1390 —
1334 1369 1417 1401 Cod.
1432 1369 1634 1411 Sangallen.

68 1410 145 1446 899.
172 1424 260 1445 Saea.
287 1411 357 1446 9110.
387 1416 422 1446 B.
449 1431 492 1436 —
517 1414 548 1452 7,
577 1414 592 1446 1
619 1415 751 1446 Valens
768 1414 824 1446 fiir
848 1415 1068 1451 Valentinus,
1091 1414 1215 1446 desseu
1241 1414 1428 1456 Reliquien
1453 1412 1519 1446 830
1545 1414 1635 1446 nach

66 1459 268 1491 Reicheuau
301 1459 437 1491 kamen.
464 1479 506 1483 -—
533 1459 563 1498 7,
589 1457 610 1491 3
635 1463 758 1492 cuntos
784 1461 822 1492 B.
848 1477 892 1482 -—-
916 1458 948 1498 8,
977 1459 992 1491 1
1020 1460 1089 1492 late
1114 1461 1212 1491 iuxta
1237 1461 1277 1491 A.
1302 1477 1347 1482 --
1372 1459 1402 1500 9,
1428 1458 1449 1491 3
1471 1463 1638 1502 sequatur

67 1505 136 1539 AB.
164 1523 205 1527 —
234 1502 284 1542 10,
313 1503 328 1536 l
356 1506 500 1538 Summa
523 1505 627 1537 laude
652 1506 803 1537 trinitati
828 1506 868 1537 A.

317 1651 398 1687 130.
435 1650 517 1694 (10.)
552 1651 597 1685 In
622 1651 804 1687 Adventu
829 1650 984 1696 Caroli,
1010 1651 1087 1686 filii
1113 1651 1399 1694 Augustorum.

487 1758 533 1796 R.
567 1757 692 1804 Salve,
724 1768 853 1805 regum
885 1761 1016 1795 sancta
1046 1758 1185 1804 proles,

628 1825 715 1851 care
747 1814 897 1852 Christo
930 1814 1078 1855 Carole.

89 1917 124 1955 1.
157 1916 270 1965 Ecce,
305 1916 400 1953 votis
431 1920 521 1962 apta
553 1916 689 1952 vestris

215 1973 319 2011 venit
350 1972 454 2022 hora,
486 1972 652 2019 psallite,

158 2029 347 2067 Gaudium
381 2029 506 2066 cordis
538 2033 710 2075 patescat

214 2087 389 2123 claritate
421 2086 642 2124 carminum.

87 2190 124 2227 2.
157 2189 294 2226 Nullus
325 2188 432 2235 ordo,
464 2189 570 2226 nulla
602 2199 727 2226 rerum

212 2256 311 2282 nunc
339 2246 495 2283 silescat
525 2246 684 2284 vastitas

156 2302 266 2340 Mens
297 2307 334 2338 et
354 2303 496 2351 lingua.
530 2313 607 2350 cor,
640 2303 816 2341 voluntas

213 2359 364 2396 laudem
399 2359 526 2412 dando
556 2364 757 2406 personet:

87 2461 124 2499 3.
159 2460 358 2498 Credimus
389 2471 556 2508 superna
583 2462 682 2499 votis

211 2518 428 2563 angelorum
461 2518 566 2556 milia

155 2573 307 2611 Nostris
339 2574 576 2621 congaudere
608 2575 734 2622 digne,

211 2636 253 2667 ut
285 2631 452 2668 dicamus
483 2631 633 2668 cernui:

87 2733 124 2770 4.
155 2733 267 2770 Anna
298 2737 434 2780 vatem,
468 2732 562 2770 Sara
594 2733 710 2770 risum

213 2800 287 2826 non
318 2788 418 2826 fudit
446 2789 639 2837 libentius⁷

158 2845 274 2890 Quam
317 2846 364 2883 de
399 2851 478 2883 toto
509 2857 608 2883 nunc
640 2847 818 2884 tenellum

216 2902 330 2939 corde
361 2903 501 2939 mulcet
530 2904 668 2950 Augia.

934 1919 971 1956 5.
1003 1917 1050 1954 In
1080 1920 1118 1952 te
1149 1922 1253 1953 terra
1282 1919 1414 1953 nostra
1443 1919 1592 1962 patrem

1059 1973 1220 2019 suscipit
1251 1983 1334 2009 cum
1366 1971 1564 2017 fratribuS,

1003 2029 1097 2067 Cum
1128 2029 1263 2076 quibus
1294 2029 1365 2066 tibi
1397 2029 1536 2066 decora

1059 2097 1149 2133 pars
1181 2086 1334 2123 honoris
1367 2090 1577 2133 permanet.

932 2191 970 2228 6.
1003 2188 1121 2227 Ferte
1150 2189 1265 2226 nabla
1294 2188 1494 2234 tibiasque,

1059 2257 1241 2293 organum
1274 2255 1355 2281 cum
1389 2244 1586 2293 cymbalis,

1001 2302 1118 2340 Flatu
1148 2302 1345 2351 quidquid,
1380 2312 1457 2348 ore,
1490 2301 1603 2347 pulsu

1062 2364 1145 2396 arte
1178 2363 1327 2396 constat
1357 2358 1512 2395 musica.

933 2462 968 2500 7.
1001 2461 1114 2498 Dicat
1147 2472 1257 2498 omne
1288 2459 1410 2507 plebis
1442 2470 1588 2507 agmen,

1061 2518 1184 2554 clerus
1216 2518 1299 2563 ipse
1332 2516 1521 2563 primitus,

1003 2575 1132 2619 Dives⁷
1167 2584 1325 2620 pauper,
1358 2583 1501 2620 sospes,
1523 2583 1637 2620 aeger

1061 2635 1268 2668 consonent
1300 2630 1335 2666 iu
1369 2630 1569 2668 laudibus:

938 2733 975 2771 8.
1008 2733 1062 2770 Te
1093 2733 1230 2778 Maria,
1263 2736 1396 2769 sancta
1427 2731 1545 2779 virgo,

1063 2800 1145 2825 cum
1175 2789 1355 2826 subiectis
1387 2788 1559 2825 omuibus

1006 2847 1050 2883 In
1082 2846 1241 2883 salutem
1274 2845 1519 2882 christianam

1061 2907 1235 2950 protegat
1269 2901 1434 2938 feliciter

93 2974 98 2976 ·
140 2969 303 3002 Dreves,
330 2971 536 2999 Lateinische
556 2971 845 3006 Hymnendichter.
885 2971 929 2998 ΙΙ.
1397 2967 1438 3000 12
