<?xml version="1.0" encoding="UTF-8"?>
<!DOCTYPE html PUBLIC "-//W3C//DTD XHTML 1.0 Transitional//EN"
    "http://www.w3.org/TR/xhtml1/DTD/xhtml1-transitional.dtd">
<html xmlns="http://www.w3.org/1999/xhtml" xml:lang="en" lang="en">
 <head>
  <title>
</title>
<meta http-equiv="Content-Type" content="text/html;charset=utf-8" />
  <meta name='ocr-system' content='tesseract 3.04.00' />
  <meta name='ocr-capabilities' content='ocr_page ocr_carea ocr_par ocr_line ocrx_word'/>
</head>
<body>
  <div class='ocr_page' id='page_1' title='image "./hymnographilatin01drevuoft_0978.png"; bbox 0 0 2031 3289; ppageno 0'>
   <div class='ocr_carea' id='block_1_1' title="bbox 846 193 1148 234">
    <p class='ocr_par' dir='ltr' id='par_1_1' title="bbox 846 193 1148 234">
     <span class='ocr_line' id='line_1_1' title="bbox 846 193 1148 234; baseline 0.01 -2"><span class='ocrx_word' id='word_1_1' title='bbox 846 193 1148 234; x_wconf 75' lang='lat'>-420-</span> 
     </span>
    </p>
   </div>
   <div class='ocr_carea' id='block_1_2' title="bbox 393 305 1549 748">
    <p class='ocr_par' dir='ltr' id='par_1_2' title="bbox 393 305 1549 748">
     <span class='ocr_line' id='line_1_2' title="bbox 393 305 1466 355; baseline -0.006 -7"><span class='ocrx_word' id='word_1_2' title='bbox 393 311 445 349; x_wconf 88' lang='lat'><strong>15</strong></span> <span class='ocrx_word' id='word_1_3' title='bbox 478 309 539 347; x_wconf 80' lang='lat' dir='ltr'><strong>Sic</strong></span> <span class='ocrx_word' id='word_1_4' title='bbox 568 308 703 346; x_wconf 88' lang='lat' dir='ltr'><strong>umbra</strong></span> <span class='ocrx_word' id='word_1_5' title='bbox 734 307 884 353; x_wconf 78' lang='lat' dir='ltr'><strong>flamen,</strong></span> <span class='ocrx_word' id='word_1_6' title='bbox 916 307 1089 354; x_wconf 86' lang='lat' dir='ltr'><strong>ingressu</strong></span> <span class='ocrx_word' id='word_1_7' title='bbox 1121 306 1264 343; x_wconf 86' lang='lat' dir='ltr'><strong>caelibe</strong></span> <span class='ocrx_word' id='word_1_8' title='bbox 1295 305 1466 355; x_wconf 87' lang='lat' dir='ltr'><strong>verbum,</strong></span> 
     </span>
     <span class='ocr_line' id='line_1_3' title="bbox 531 362 1416 411; baseline -0.002 -11"><span class='ocrx_word' id='word_1_9' title='bbox 531 365 643 411; x_wconf 70' lang='lat' dir='ltr'><strong>Virgo</strong></span> <span class='ocrx_word' id='word_1_10' title='bbox 674 364 762 408; x_wconf 78' lang='lat' dir='ltr'><strong>fide,</strong></span> <span class='ocrx_word' id='word_1_11' title='bbox 796 363 944 400; x_wconf 83' lang='lat' dir='ltr'>suboles</span> <span class='ocrx_word' id='word_1_12' title='bbox 977 373 1089 400; x_wconf 87' lang='lat' dir='ltr'><strong>carne</strong></span> <span class='ocrx_word' id='word_1_13' title='bbox 1123 362 1274 408; x_wconf 91' lang='lat' dir='ltr'><strong>Deoque</strong></span> <span class='ocrx_word' id='word_1_14' title='bbox 1306 362 1416 398; x_wconf 92' lang='lat' dir='ltr'><strong>simul</strong></span> 
     </span>
     <span class='ocr_line' id='line_1_4' title="bbox 476 418 1533 465; baseline -0.005 -6"><span class='ocrx_word' id='word_1_15' title='bbox 476 420 684 459; x_wconf 83' lang='lat' dir='ltr'><strong>Conficiunt</strong></span> <span class='ocrx_word' id='word_1_16' title='bbox 719 419 950 465; x_wconf 82' lang='lat' dir='ltr'>cataplasma</span> <span class='ocrx_word' id='word_1_17' title='bbox 981 429 1129 465; x_wconf 90' lang='lat' dir='ltr'><strong>novum,</strong></span> <span class='ocrx_word' id='word_1_18' title='bbox 1162 429 1234 465; x_wconf 91' lang='lat' dir='ltr'><strong>quo</strong></span> <span class='ocrx_word' id='word_1_19' title='bbox 1265 418 1343 456; x_wconf 90' lang='lat' dir='ltr'><strong>vita</strong></span> <span class='ocrx_word' id='word_1_20' title='bbox 1373 418 1533 464; x_wconf 82' lang='lat' dir='ltr'><strong>sepultis</strong></span> 
     </span>
     <span class='ocr_line' id='line_1_5' title="bbox 531 474 1326 521; baseline -0.001 -8"><span class='ocrx_word' id='word_1_21' title='bbox 531 476 672 513; x_wconf 77' lang='lat' dir='ltr'><strong>Virtuti</strong></span> <span class='ocrx_word' id='word_1_22' title='bbox 703 485 859 521; x_wconf 83' lang='lat' dir='ltr'><strong>merces,</strong></span> <span class='ocrx_word' id='word_1_23' title='bbox 891 474 1057 511; x_wconf 87' lang='lat' dir='ltr'><strong>moribus</strong></span> <span class='ocrx_word' id='word_1_24' title='bbox 1089 474 1182 511; x_wconf 92' lang='lat' dir='ltr'><strong>ordo</strong></span> <span class='ocrx_word' id='word_1_25' title='bbox 1214 474 1326 512; x_wconf 81' lang='lat' dir='ltr'><strong>redit.</strong></span> 
     </span>
     <span class='ocr_line' id='line_1_6' title="bbox 475 528 1549 579; baseline -0.004 -9"><span class='ocrx_word' id='word_1_26' title='bbox 475 533 558 570; x_wconf 86' lang='lat' dir='ltr'><strong>Hoc</strong></span> <span class='ocrx_word' id='word_1_27' title='bbox 590 533 715 578; x_wconf 87' lang='lat' dir='ltr'><strong>aperit</strong></span> <span class='ocrx_word' id='word_1_28' title='bbox 745 532 918 576; x_wconf 84' lang='lat' dir='ltr'><strong>tumulos,</strong></span> <span class='ocrx_word' id='word_1_29' title='bbox 952 531 1023 568; x_wconf 84' lang='lat' dir='ltr'><strong>hoe</strong></span> <span class='ocrx_word' id='word_1_30' title='bbox 1053 531 1201 577; x_wconf 83' lang='lat' dir='ltr'>agmina</span> <span class='ocrx_word' id='word_1_31' title='bbox 1232 540 1341 567; x_wconf 87' lang='lat' dir='ltr'><strong>sacra</strong></span> <span class='ocrx_word' id='word_1_32' title='bbox 1371 528 1549 579; x_wconf 85' lang='lat' dir='ltr'><strong>refundit,</strong></span> 
     </span>
     <span class='ocr_line' id='line_1_7' title="bbox 393 587 1477 635; baseline -0.005 -6"><span class='ocrx_word' id='word_1_33' title='bbox 393 591 446 629; x_wconf 77' lang='lat'><strong>20</strong></span> <span class='ocrx_word' id='word_1_34' title='bbox 537 589 620 625; x_wconf 87' lang='lat' dir='ltr'><strong>Hoc</strong></span> <span class='ocrx_word' id='word_1_35' title='bbox 652 589 801 635; x_wconf 85' lang='lat' dir='ltr'><strong>supplet</strong></span> <span class='ocrx_word' id='word_1_36' title='bbox 833 598 960 624; x_wconf 82' lang='lat' dir='ltr'><strong>casum</strong></span> <span class='ocrx_word' id='word_1_37' title='bbox 991 591 1109 632; x_wconf 87' lang='lat' dir='ltr'><strong>terra,</strong></span> <span class='ocrx_word' id='word_1_38' title='bbox 1141 587 1324 634; x_wconf 71' lang='lat' dir='ltr'><strong>gehenna,</strong></span> <span class='ocrx_word' id='word_1_39' title='bbox 1356 587 1477 632; x_wconf 83' lang='lat' dir='ltr'><strong>polus.</strong></span> 
     </span>
     <span class='ocr_line' id='line_1_8' title="bbox 477 642 1527 693; baseline -0.004 -11"><span class='ocrx_word' id='word_1_40' title='bbox 477 645 537 682; x_wconf 84' lang='lat' dir='ltr'><strong>Ad</strong></span> <span class='ocrx_word' id='word_1_41' title='bbox 572 645 695 682; x_wconf 86' lang='lat' dir='ltr'><strong>caelos</strong></span> <span class='ocrx_word' id='word_1_42' title='bbox 728 644 815 680; x_wconf 87' lang='lat' dir='ltr'><strong>hinc</strong></span> <span class='ocrx_word' id='word_1_43' title='bbox 842 643 1040 680; x_wconf 82' lang='lat' dir='ltr'><strong>subsilient</strong></span> <span class='ocrx_word' id='word_1_44' title='bbox 1072 642 1176 693; x_wconf 86' lang='lat' dir='ltr'><strong>einis,</strong></span> <span class='ocrx_word' id='word_1_45' title='bbox 1210 653 1308 690; x_wconf 80' lang='lat' dir='ltr'><strong>ossa,</strong></span> <span class='ocrx_word' id='word_1_46' title='bbox 1340 642 1527 688; x_wconf 79' lang='lat' dir='ltr'><strong>medulla3</strong></span> 
     </span>
     <span class='ocr_line' id='line_1_9' title="bbox 530 699 1465 748; baseline -0.002 -10"><span class='ocrx_word' id='word_1_47' title='bbox 530 703 613 739; x_wconf 83' lang='lat' dir='ltr'><strong>Hoc</strong></span> <span class='ocrx_word' id='word_1_48' title='bbox 645 701 807 738; x_wconf 88' lang='lat' dir='ltr'><strong>animam</strong></span> <span class='ocrx_word' id='word_1_49' title='bbox 840 701 944 737; x_wconf 84' lang='lat' dir='ltr'><strong>carni</strong></span> <span class='ocrx_word' id='word_1_50' title='bbox 974 699 1121 748; x_wconf 79' lang='lat' dir='ltr'>reddet,</span> <span class='ocrx_word' id='word_1_51' title='bbox 1153 699 1303 745; x_wconf 89' lang='lat' dir='ltr'><strong>utrique</strong></span> <span class='ocrx_word' id='word_1_52' title='bbox 1334 699 1465 736; x_wconf 88' lang='lat' dir='ltr'><strong>Deum.</strong></span> 
     </span>
    </p>
   </div>
   <div class='ocr_carea' id='block_1_3' title="bbox 225 805 1792 1037">
    <p class='ocr_par' dir='ltr' id='par_1_3' title="bbox 225 805 1792 1037">
     <span class='ocr_line' id='line_1_10' title="bbox 319 805 1792 846; baseline -0.004 -1"><span class='ocrx_word' id='word_1_53' title='bbox 319 813 463 846; x_wconf 81' lang='lat' dir='ltr'><strong>Collect.</strong></span> <span class='ocrx_word' id='word_1_54' title='bbox 499 823 560 843; x_wconf 78' lang='lat' dir='ltr'><strong>ms.</strong></span> <span class='ocrx_word' id='word_1_55' title='bbox 591 812 625 843; x_wconf 78' lang='lat' dir='ltr'><strong>S.</strong></span> <span class='ocrx_word' id='word_1_56' title='bbox 651 811 790 843; x_wconf 76' lang='lat' dir='ltr'><strong>Nieolai</strong></span> <span class='ocrx_word' id='word_1_57' title='bbox 817 811 996 842; x_wconf 75' lang='lat' dir='ltr'><strong>Patavien.</strong></span> <span class='ocrx_word' id='word_1_58' title='bbox 1023 820 1112 842; x_wconf 81' lang='lat' dir='ltr'><strong>saec.</strong></span> <span class='ocrx_word' id='word_1_59' title='bbox 1141 807 1190 841; x_wconf 84' lang='lat'><strong>12.</strong></span> <span class='ocrx_word' id='word_1_60' title='bbox 1219 810 1305 842; x_wconf 82' lang='lat' dir='ltr'><strong>Clm.</strong></span> <span class='ocrx_word' id='word_1_61' title='bbox 1330 810 1512 841; x_wconf 85' lang='lat' dir='ltr'><strong>Monacen.</strong></span> <span class='ocrx_word' id='word_1_62' title='bbox 1539 805 1654 840; x_wconf 85' lang='lat'>16073</span> <span class='ocrx_word' id='word_1_63' title='bbox 1679 808 1718 840; x_wconf 89' lang='lat' dir='ltr'><strong>A.</strong></span> <span class='ocrx_word' id='word_1_64' title='bbox 1743 827 1792 832; x_wconf 84' lang='lat'><strong>—</strong></span> 
     </span>
     <span class='ocr_line' id='line_1_11' title="bbox 228 851 1791 898; baseline -0.004 -7"><span class='ocrx_word' id='word_1_65' title='bbox 228 857 414 892; x_wconf 76' lang='lat' dir='ltr'><strong>Haureau.</strong></span> <span class='ocrx_word' id='word_1_66' title='bbox 449 859 516 889; x_wconf 89' lang='lat' dir='ltr'><strong>Les</strong></span> <span class='ocrx_word' id='word_1_67' title='bbox 542 855 721 898; x_wconf 78' lang='lat' dir='ltr'><strong>Melanges</strong></span> <span class='ocrx_word' id='word_1_68' title='bbox 747 854 928 898; x_wconf 68' lang='lat' dir='ltr'><strong>poetiques</strong></span> <span class='ocrx_word' id='word_1_69' title='bbox 954 854 984 886; x_wconf 79' lang='lat' dir='ltr'><strong>d‘</strong></span> <span class='ocrx_word' id='word_1_70' title='bbox 1012 855 1194 887; x_wconf 78' lang='lat' dir='ltr'><strong>Hildebert</strong></span> <span class='ocrx_word' id='word_1_71' title='bbox 1219 855 1260 886; x_wconf 89' lang='lat' dir='ltr'><strong>de</strong></span> <span class='ocrx_word' id='word_1_72' title='bbox 1285 855 1462 886; x_wconf 76' lang='lat' dir='ltr'><strong>Lavardin</strong></span> <span class='ocrx_word' id='word_1_73' title='bbox 1496 865 1526 896; x_wconf 93' lang='lat' dir='ltr'><strong>p.</strong></span> <span class='ocrx_word' id='word_1_74' title='bbox 1551 852 1606 886; x_wconf 82' lang='lat'><strong>47.</strong></span> <span class='ocrx_word' id='word_1_75' title='bbox 1634 855 1671 885; x_wconf 88' lang='lat' dir='ltr'><strong>B.</strong></span> <span class='ocrx_word' id='word_1_76' title='bbox 1697 870 1739 874; x_wconf 94' lang='lat'><strong>—-</strong></span> <span class='ocrx_word' id='word_1_77' title='bbox 1768 851 1791 884; x_wconf 87' lang='lat'>2</span> 
     </span>
     <span class='ocr_line' id='line_1_12' title="bbox 226 897 1789 944; baseline -0.004 -8"><span class='ocrx_word' id='word_1_78' title='bbox 226 901 458 944; x_wconf 78' lang='lat' dir='ltr'><strong>erudiuntque</strong></span> <span class='ocrx_word' id='word_1_79' title='bbox 483 902 583 933; x_wconf 86' lang='lat' dir='ltr'><strong>fidem</strong></span> <span class='ocrx_word' id='word_1_80' title='bbox 603 903 640 933; x_wconf 91' lang='lat' dir='ltr'><strong>B.</strong></span> <span class='ocrx_word' id='word_1_81' title='bbox 667 918 711 923; x_wconf 97' lang='lat'><strong>—</strong></span> <span class='ocrx_word' id='word_1_82' title='bbox 737 899 758 932; x_wconf 79' lang='grc'>3</span> <span class='ocrx_word' id='word_1_83' title='bbox 781 902 972 942; x_wconf 86' lang='lat' dir='ltr'><strong>tinguatur.</strong></span> <span class='ocrx_word' id='word_1_84' title='bbox 991 902 1030 932; x_wconf 87' lang='grc' dir='ltr'><strong>Α.</strong></span> <span class='ocrx_word' id='word_1_85' title='bbox 1056 916 1099 922; x_wconf 86' lang='lat'><strong>·-—</strong></span> <span class='ocrx_word' id='word_1_86' title='bbox 1127 899 1146 931; x_wconf 84' lang='lat'>5</span> <span class='ocrx_word' id='word_1_87' title='bbox 1173 910 1222 941; x_wconf 86' lang='lat' dir='ltr'><strong>sq.</strong></span> <span class='ocrx_word' id='word_1_88' title='bbox 1248 899 1362 931; x_wconf 87' lang='lat' dir='ltr'><strong>fehlen</strong></span> <span class='ocrx_word' id='word_1_89' title='bbox 1380 900 1419 930; x_wconf 87' lang='grc' dir='ltr'><strong>Α.</strong></span> <span class='ocrx_word' id='word_1_90' title='bbox 1437 917 1482 920; x_wconf 88' lang='grc'>-</span> <span class='ocrx_word' id='word_1_91' title='bbox 1501 897 1540 930; x_wconf 94' lang='grc'><strong>11</strong></span> <span class='ocrx_word' id='word_1_92' title='bbox 1559 909 1670 941; x_wconf 85' lang='lat' dir='ltr'><strong>aquae</strong></span> <span class='ocrx_word' id='word_1_93' title='bbox 1688 899 1726 930; x_wconf 84' lang='lat' dir='ltr'><strong>A.</strong></span> <span class='ocrx_word' id='word_1_94' title='bbox 1745 915 1789 920; x_wconf 91' lang='lat'>—</span> 
     </span>
     <span class='ocr_line' id='line_1_13' title="bbox 230 943 1792 985; baseline -0.004 -4"><span class='ocrx_word' id='word_1_95' title='bbox 230 948 270 981; x_wconf 88' lang='lat'><strong>16</strong></span> <span class='ocrx_word' id='word_1_96' title='bbox 289 949 389 980; x_wconf 87' lang='lat' dir='ltr'><strong>simul</strong></span> <span class='ocrx_word' id='word_1_97' title='bbox 409 948 493 980; x_wconf 82' lang='lat' dir='ltr'><strong>fehlt</strong></span> <span class='ocrx_word' id='word_1_98' title='bbox 506 948 545 978; x_wconf 83' lang='lat' dir='ltr'><strong>A.</strong></span> <span class='ocrx_word' id='word_1_99' title='bbox 564 964 607 968; x_wconf 81' lang='lat'><strong>—-</strong></span> <span class='ocrx_word' id='word_1_100' title='bbox 626 945 666 978; x_wconf 78' lang='lat'><strong>21</strong></span> <span class='ocrx_word' id='word_1_101' title='bbox 683 946 736 978; x_wconf 91' lang='lat' dir='ltr'><strong>Ad</strong></span> <span class='ocrx_word' id='word_1_102' title='bbox 753 946 886 977; x_wconf 83' lang='lat' dir='ltr'><strong>eaelum</strong></span> <span class='ocrx_word' id='word_1_103' title='bbox 906 947 955 977; x_wconf 83' lang='lat' dir='ltr'><strong>sic</strong></span> <span class='ocrx_word' id='word_1_104' title='bbox 973 946 1157 977; x_wconf 78' lang='lat' dir='ltr'><strong>subsilient</strong></span> <span class='ocrx_word' id='word_1_105' title='bbox 1172 946 1208 976; x_wconf 88' lang='grc' dir='ltr'><strong>Β.</strong></span> <span class='ocrx_word' id='word_1_106' title='bbox 1225 962 1269 966; x_wconf 88' lang='lat'><em>—</em></span> <span class='ocrx_word' id='word_1_107' title='bbox 1287 943 1328 976; x_wconf 77' lang='lat'><strong>21</strong></span> <span class='ocrx_word' id='word_1_108' title='bbox 1347 944 1519 976; x_wconf 79' lang='lat' dir='ltr'><strong>medullae</strong></span> <span class='ocrx_word' id='word_1_109' title='bbox 1536 945 1574 975; x_wconf 89' lang='lat' dir='ltr'><strong>B.</strong></span> <span class='ocrx_word' id='word_1_110' title='bbox 1594 962 1633 966; x_wconf 92' lang='lat'>-</span> <span class='ocrx_word' id='word_1_111' title='bbox 1655 943 1792 985; x_wconf 90' lang='lat' dir='ltr'><strong>„Idem</strong></span> 
     </span>
     <span class='ocr_line' id='line_1_14' title="bbox 225 989 1573 1037; baseline -0.003 -11"><span class='ocrx_word' id='word_1_112' title='bbox 225 992 301 1037; x_wconf 78' lang='lat' dir='ltr'><strong>[sel.</strong></span> <span class='ocrx_word' id='word_1_113' title='bbox 328 990 565 1034; x_wconf 79' lang='lat' dir='ltr'><strong>Hildebertus]</strong></span> <span class='ocrx_word' id='word_1_114' title='bbox 592 992 633 1023; x_wconf 85' lang='lat' dir='ltr'><strong>de</strong></span> <span class='ocrx_word' id='word_1_115' title='bbox 658 991 934 1033; x_wconf 79' lang='lat' dir='ltr'><strong>aequipollentia</strong></span> <span class='ocrx_word' id='word_1_116' title='bbox 957 991 1171 1031; x_wconf 78' lang='lat' dir='ltr'><strong>virginitatis</strong></span> <span class='ocrx_word' id='word_1_117' title='bbox 1198 991 1263 1022; x_wconf 90' lang='lat' dir='ltr'><strong>Dei</strong></span> <span class='ocrx_word' id='word_1_118' title='bbox 1289 989 1506 1031; x_wconf 62' lang='lat' dir='ltr'><strong>genetricisf‘</strong></span> <span class='ocrx_word' id='word_1_119' title='bbox 1533 989 1573 1022; x_wconf 93' lang='lat' dir='ltr'><strong>A.</strong></span> 
     </span>
    </p>
   </div>
   <div class='ocr_carea' id='block_1_4' title="bbox 1923 0 2011 985">
    <p class='ocr_par' dir='ltr' id='par_1_4' title="bbox 1923 0 2011 985">
     <span class='ocr_line' id='line_1_15' title="bbox 1923 0 2011 985; baseline 0 0"><span class='ocrx_word' id='word_1_120' title='bbox 1923 0 2011 985; x_wconf 95' lang='lat' dir='ltr'><strong> </strong></span> 
     </span>
    </p>
   </div>
   <div class='ocr_carea' id='block_1_5' title="bbox 704 1169 1316 1208">
    <p class='ocr_par' dir='ltr' id='par_1_5' title="bbox 704 1169 1316 1208">
     <span class='ocr_line' id='line_1_16' title="bbox 704 1169 1316 1208; baseline 0.002 -5"><span class='ocrx_word' id='word_1_121' title='bbox 704 1169 786 1205; x_wconf 72' lang='lat'><strong>321.</strong></span> <span class='ocrx_word' id='word_1_122' title='bbox 823 1170 881 1208; x_wconf 75' lang='lat'><strong>(4.)</strong></span> <span class='ocrx_word' id='word_1_123' title='bbox 917 1169 1112 1204; x_wconf 75' lang='lat' dir='ltr'><strong>Planctus</strong></span> <span class='ocrx_word' id='word_1_124' title='bbox 1139 1169 1316 1204; x_wconf 75' lang='lat' dir='ltr'><strong>Animae.</strong></span> 
     </span>
    </p>
   </div>
   <div class='ocr_carea' id='block_1_6' title="bbox 1990 1104 1995 1194">
    <p class='ocr_par' dir='ltr' id='par_1_6' title="bbox 1990 1104 1995 1194">
     <span class='ocr_line' id='line_1_17' title="bbox 1993 1104 1995 1113; baseline 0 0"><span class='ocrx_word' id='word_1_125' title='bbox 1993 1104 1995 1113; x_wconf 91' lang='lat'>.</span> 
     </span>
     <span class='ocr_line' id='line_1_18' title="bbox 1992 1126 1995 1155; baseline 0 0"><span class='ocrx_word' id='word_1_126' title='bbox 1992 1126 1995 1155; x_wconf 67' lang='lat' dir='ltr'><strong>l</strong></span> 
     </span>
     <span class='ocr_line' id='line_1_19' title="bbox 1990 1159 1995 1194; baseline 0 0"><span class='ocrx_word' id='word_1_127' title='bbox 1990 1159 1995 1194; x_wconf 71' lang='lat' dir='ltr'><strong>l</strong></span> 
     </span>
    </p>
   </div>
   <div class='ocr_carea' id='block_1_7' title="bbox 385 1262 1999 2947">
    <p class='ocr_par' dir='ltr' id='par_1_7' title="bbox 385 1262 1999 2947">
     <span class='ocr_line' id='line_1_20' title="bbox 462 1262 1502 1310; baseline -0.002 -10"><span class='ocrx_word' id='word_1_128' title='bbox 462 1266 657 1310; x_wconf 82' lang='lat' dir='ltr'><strong>Augustae</strong></span> <span class='ocrx_word' id='word_1_129' title='bbox 688 1262 910 1310; x_wconf 81' lang='lat' dir='ltr'><strong>fragilisque</strong></span> <span class='ocrx_word' id='word_1_130' title='bbox 943 1263 1073 1299; x_wconf 86' lang='lat' dir='ltr'><strong>domus</strong></span> <span class='ocrx_word' id='word_1_131' title='bbox 1105 1263 1328 1308; x_wconf 84' lang='lat' dir='ltr'><strong>iamiamque</strong></span> <span class='ocrx_word' id='word_1_132' title='bbox 1359 1262 1502 1299; x_wconf 88' lang='lat' dir='ltr'><strong>ruentis</strong></span> 
     </span>
     <span class='ocr_line' id='line_1_21' title="bbox 510 1319 1993 1367; baseline -0.001 -11"><span class='ocrx_word' id='word_1_133' title='bbox 510 1320 672 1366; x_wconf 77' lang='lat' dir='ltr'><strong>Hospita</strong></span> <span class='ocrx_word' id='word_1_134' title='bbox 704 1319 834 1356; x_wconf 81' lang='lat' dir='ltr'><strong>servili</strong></span> <span class='ocrx_word' id='word_1_135' title='bbox 866 1319 1086 1356; x_wconf 87' lang='lat' dir='ltr'><strong>condicione</strong></span> <span class='ocrx_word' id='word_1_136' title='bbox 1117 1330 1268 1365; x_wconf 89' lang='lat' dir='ltr'><strong>premor</strong></span> <span class='ocrx_word' id='word_1_137' title='bbox 1992 1356 1993 1367; x_wconf 14' lang='grc' dir='ltr'><strong>χ</strong></span> 
     </span>
     <span class='ocr_line' id='line_1_22' title="bbox 460 1368 1993 1438; baseline -0.001 -25"><span class='ocrx_word' id='word_1_138' title='bbox 460 1377 509 1414; x_wconf 88' lang='lat' dir='ltr'><strong>Et</strong></span> <span class='ocrx_word' id='word_1_139' title='bbox 542 1382 731 1422; x_wconf 87' lang='lat' dir='ltr'><strong>tamquam</strong></span> <span class='ocrx_word' id='word_1_140' title='bbox 764 1375 941 1423; x_wconf 75' lang='lat' dir='ltr'><strong>gravibus</strong></span> <span class='ocrx_word' id='word_1_141' title='bbox 973 1375 1107 1412; x_wconf 79' lang='lat' dir='ltr'><strong>vinclis</strong></span> <span class='ocrx_word' id='word_1_142' title='bbox 1137 1385 1202 1412; x_wconf 91' lang='lat' dir='ltr'><strong>seu</strong></span> <span class='ocrx_word' id='word_1_143' title='bbox 1237 1385 1387 1412; x_wconf 84' lang='lat' dir='ltr'><strong>earcere</strong></span> <span class='ocrx_word' id='word_1_144' title='bbox 1419 1375 1570 1412; x_wconf 84' lang='lat' dir='ltr'><strong>clausae</strong></span> <span class='ocrx_word' id='word_1_145' title='bbox 1991 1368 1993 1438; x_wconf 59' lang='lat' dir='ltr'>j</span> 
     </span>
     <span class='ocr_line' id='line_1_23' title="bbox 515 1432 1993 1479; baseline -0.002 -9"><span class='ocrx_word' id='word_1_146' title='bbox 515 1433 626 1479; x_wconf 78' lang='lat' dir='ltr'><strong>Spem</strong></span> <span class='ocrx_word' id='word_1_147' title='bbox 657 1432 846 1469; x_wconf 77' lang='lat' dir='ltr'><strong>libertatis</strong></span> <span class='ocrx_word' id='word_1_148' title='bbox 877 1432 940 1468; x_wconf 79' lang='lat' dir='ltr'><strong>vix</strong></span> <span class='ocrx_word' id='word_1_149' title='bbox 972 1442 1170 1477; x_wconf 87' lang='lat' dir='ltr'><strong>superesse</strong></span> <span class='ocrx_word' id='word_1_150' title='bbox 1200 1432 1300 1469; x_wconf 80' lang='lat' dir='ltr'><strong>licet.</strong></span> <span class='ocrx_word' id='word_1_151' title='bbox 1989 1444 1993 1471; x_wconf 67' lang='grc' dir='ltr'><strong><em>ι</em></strong></span> 
     </span>
     <span class='ocr_line' id='line_1_24' title="bbox 407 1487 1993 1536; baseline -0.003 -9"><span class='ocrx_word' id='word_1_152' title='bbox 407 1493 428 1528; x_wconf 90' lang='grc'>5</span> <span class='ocrx_word' id='word_1_153' title='bbox 463 1490 587 1527; x_wconf 88' lang='lat' dir='ltr'><strong>Triste</strong></span> <span class='ocrx_word' id='word_1_154' title='bbox 619 1489 743 1536; x_wconf 87' lang='lat' dir='ltr'><strong>iugum</strong></span> <span class='ocrx_word' id='word_1_155' title='bbox 776 1488 923 1525; x_wconf 86' lang='lat' dir='ltr'><strong>cervice</strong></span> <span class='ocrx_word' id='word_1_156' title='bbox 954 1499 1042 1535; x_wconf 86' lang='lat' dir='ltr'><strong>gero</strong></span> <span class='ocrx_word' id='word_1_157' title='bbox 1073 1487 1325 1535; x_wconf 85' lang='lat' dir='ltr'><strong>gravibusque</strong></span> <span class='ocrx_word' id='word_1_158' title='bbox 1357 1487 1510 1535; x_wconf 81' lang='lat' dir='ltr'><strong>catenis,</strong></span> <span class='ocrx_word' id='word_1_159' title='bbox 1992 1487 1993 1492; x_wconf 78' lang='grc'>’</span> 
     </span>
     <span class='ocr_line' id='line_1_25' title="bbox 514 1544 1525 1592; baseline -0.002 -10"><span class='ocrx_word' id='word_1_160' title='bbox 514 1545 612 1584; x_wconf 86' lang='lat' dir='ltr'><strong>Proh</strong></span> <span class='ocrx_word' id='word_1_161' title='bbox 647 1546 766 1592; x_wconf 83' lang='lat' dir='ltr'><strong>dolor,</strong></span> <span class='ocrx_word' id='word_1_162' title='bbox 798 1545 846 1581; x_wconf 88' lang='lat' dir='ltr'><strong>ad</strong></span> <span class='ocrx_word' id='word_1_163' title='bbox 878 1550 1035 1581; x_wconf 87' lang='lat' dir='ltr'><strong>mortem</strong></span> <span class='ocrx_word' id='word_1_164' title='bbox 1066 1553 1139 1580; x_wconf 89' lang='lat' dir='ltr'><strong>non</strong></span> <span class='ocrx_word' id='word_1_165' title='bbox 1171 1544 1353 1581; x_wconf 84' lang='lat' dir='ltr'><strong>moritura</strong></span> <span class='ocrx_word' id='word_1_166' title='bbox 1384 1544 1525 1580; x_wconf 85' lang='lat' dir='ltr'><strong>trahor.</strong></span> 
     </span>
     <span class='ocr_line' id='line_1_26' title="bbox 462 1600 1527 1649; baseline -0.003 -10"><span class='ocrx_word' id='word_1_167' title='bbox 462 1603 603 1649; x_wconf 85' lang='lat' dir='ltr'><strong>Magna</strong></span> <span class='ocrx_word' id='word_1_168' title='bbox 634 1602 738 1648; x_wconf 78' lang='lat' dir='ltr'><strong>satis,</strong></span> <span class='ocrx_word' id='word_1_169' title='bbox 767 1601 986 1638; x_wconf 81' lang='lat' dir='ltr'><strong>reminiscor</strong></span> <span class='ocrx_word' id='word_1_170' title='bbox 1016 1601 1126 1641; x_wconf 85' lang='lat' dir='ltr'><strong>enim.</strong></span> <span class='ocrx_word' id='word_1_171' title='bbox 1164 1611 1317 1647; x_wconf 87' lang='lat' dir='ltr'><strong>sperare</strong></span> <span class='ocrx_word' id='word_1_172' title='bbox 1349 1600 1527 1648; x_wconf 81' lang='lat' dir='ltr'><strong>solebam,</strong></span> 
     </span>
     <span class='ocr_line' id='line_1_27' title="bbox 514 1655 1999 1708; baseline -0.003 -14"><span class='ocrx_word' id='word_1_173' title='bbox 514 1659 611 1695; x_wconf 87' lang='lat' dir='ltr'><strong>Dum</strong></span> <span class='ocrx_word' id='word_1_174' title='bbox 643 1668 716 1694; x_wconf 87' lang='lat' dir='ltr'><strong>non</strong></span> <span class='ocrx_word' id='word_1_175' title='bbox 748 1658 845 1695; x_wconf 83' lang='lat' dir='ltr'><strong>alter</strong></span> <span class='ocrx_word' id='word_1_176' title='bbox 876 1668 1016 1706; x_wconf 88' lang='lat' dir='ltr'><strong>amans,</strong></span> <span class='ocrx_word' id='word_1_177' title='bbox 1052 1657 1214 1702; x_wconf 77' lang='lat' dir='ltr'><strong>Christe,</strong></span> <span class='ocrx_word' id='word_1_178' title='bbox 1247 1657 1314 1693; x_wconf 87' lang='lat' dir='ltr'><strong>sed</strong></span> <span class='ocrx_word' id='word_1_179' title='bbox 1346 1668 1441 1693; x_wconf 89' lang='lat' dir='ltr'><strong>unus</strong></span> <span class='ocrx_word' id='word_1_180' title='bbox 1474 1667 1570 1693; x_wconf 78' lang='lat' dir='ltr'><strong>eras,</strong></span> <span class='ocrx_word' id='word_1_181' title='bbox 1911 1678 1925 1682; x_wconf 87' lang='lat'><em>-</em></span> <span class='ocrx_word' id='word_1_182' title='bbox 1990 1655 1999 1708; x_wconf 68' lang='lat' dir='ltr'><strong>:t</strong></span> 
     </span>
     <span class='ocr_line' id='line_1_28' title="bbox 467 1711 1444 1763; baseline -0.002 -12"><span class='ocrx_word' id='word_1_183' title='bbox 467 1715 682 1763; x_wconf 82' lang='lat' dir='ltr'><strong>Integritas,</strong></span> <span class='ocrx_word' id='word_1_184' title='bbox 716 1714 874 1761; x_wconf 83' lang='lat' dir='ltr'><strong>species,</strong></span> <span class='ocrx_word' id='word_1_185' title='bbox 908 1714 1021 1750; x_wconf 78' lang='lat' dir='ltr'><strong>vestis</strong></span> <span class='ocrx_word' id='word_1_186' title='bbox 1052 1724 1160 1755; x_wconf 73' lang='lat' dir='ltr'><strong>nova,</strong></span> <span class='ocrx_word' id='word_1_187' title='bbox 1195 1713 1308 1760; x_wconf 85' lang='lat' dir='ltr'><strong>digna</strong></span> <span class='ocrx_word' id='word_1_188' title='bbox 1339 1711 1444 1749; x_wconf 85' lang='lat' dir='ltr'><strong>fuere</strong></span> 
     </span>
     <span class='ocr_line' id='line_1_29' title="bbox 386 1768 1322 1817; baseline -0.004 -6"><span class='ocrx_word' id='word_1_189' title='bbox 386 1773 435 1811; x_wconf 90' lang='grc'><strong>10</strong></span> <span class='ocrx_word' id='word_1_190' title='bbox 526 1771 704 1809; x_wconf 83' lang='lat' dir='ltr'><strong>Sublimis</strong></span> <span class='ocrx_word' id='word_1_191' title='bbox 736 1770 864 1817; x_wconf 89' lang='lat' dir='ltr'><strong>sponsi</strong></span> <span class='ocrx_word' id='word_1_192' title='bbox 896 1771 994 1815; x_wconf 89' lang='lat' dir='ltr'><strong>dote,</strong></span> <span class='ocrx_word' id='word_1_193' title='bbox 1029 1768 1169 1813; x_wconf 74' lang='lat' dir='ltr'><strong>favore,</strong></span> <span class='ocrx_word' id='word_1_194' title='bbox 1203 1770 1322 1808; x_wconf 83' lang='lat' dir='ltr'><strong>thoro,</strong></span> 
     </span>
     <span class='ocr_line' id='line_1_30' title="bbox 472 1825 1991 1875; baseline -0.003 -11"><span class='ocrx_word' id='word_1_195' title='bbox 472 1827 550 1865; x_wconf 92' lang='lat' dir='ltr'><strong>Dos</strong></span> <span class='ocrx_word' id='word_1_196' title='bbox 582 1826 756 1874; x_wconf 83' lang='lat' dir='ltr'><strong>celebris,</strong></span> <span class='ocrx_word' id='word_1_197' title='bbox 789 1825 897 1864; x_wconf 79' lang='lat' dir='ltr'><strong>favor</strong></span> <span class='ocrx_word' id='word_1_198' title='bbox 927 1831 1114 1875; x_wconf 87' lang='lat' dir='ltr'><strong>aeternus,</strong></span> <span class='ocrx_word' id='word_1_199' title='bbox 1146 1826 1303 1862; x_wconf 87' lang='lat' dir='ltr'><strong>thronus</strong></span> <span class='ocrx_word' id='word_1_200' title='bbox 1334 1825 1610 1875; x_wconf 80' lang='lat' dir='ltr'><strong>immaculatus,</strong></span> <span class='ocrx_word' id='word_1_201' title='bbox 1989 1844 1991 1871; x_wconf 46' lang='lat'><strong>,¹</strong></span> 
     </span>
     <span class='ocr_line' id='line_1_31' title="bbox 517 1883 1564 1929; baseline -0.001 -9"><span class='ocrx_word' id='word_1_202' title='bbox 517 1883 679 1920; x_wconf 85' lang='lat' dir='ltr'><strong>Fructus</strong></span> <span class='ocrx_word' id='word_1_203' title='bbox 710 1883 749 1920; x_wconf 89' lang='lat' dir='ltr'><strong>in</strong></span> <span class='ocrx_word' id='word_1_204' title='bbox 779 1883 837 1920; x_wconf 90' lang='lat' dir='ltr'><strong>his</strong></span> <span class='ocrx_word' id='word_1_205' title='bbox 869 1886 906 1919; x_wconf 85' lang='lat' dir='ltr'><strong>et</strong></span> <span class='ocrx_word' id='word_1_206' title='bbox 935 1883 1054 1920; x_wconf 89' lang='lat' dir='ltr'><strong>honor</strong></span> <span class='ocrx_word' id='word_1_207' title='bbox 1085 1893 1233 1929; x_wconf 83' lang='lat' dir='ltr'><strong>paxque</strong></span> <span class='ocrx_word' id='word_1_208' title='bbox 1263 1883 1440 1928; x_wconf 85' lang='lat' dir='ltr'><strong>perennis</strong></span> <span class='ocrx_word' id='word_1_209' title='bbox 1472 1887 1564 1920; x_wconf 86' lang='lat' dir='ltr'><strong>erat.</strong></span> 
     </span>
     <span class='ocr_line' id='line_1_32' title="bbox 466 1938 1607 1988; baseline -0.003 -11"><span class='ocrx_word' id='word_1_210' title='bbox 466 1941 562 1977; x_wconf 84' lang='lat' dir='ltr'><strong>Tota</strong></span> <span class='ocrx_word' id='word_1_211' title='bbox 589 1940 754 1988; x_wconf 87' lang='lat' dir='ltr'><strong>placens,</strong></span> <span class='ocrx_word' id='word_1_212' title='bbox 787 1940 874 1986; x_wconf 85' lang='lat' dir='ltr'><strong>quia</strong></span> <span class='ocrx_word' id='word_1_213' title='bbox 904 1943 984 1976; x_wconf 86' lang='lat' dir='ltr'><strong>tota</strong></span> <span class='ocrx_word' id='word_1_214' title='bbox 1015 1949 1158 1984; x_wconf 73' lang='lat' dir='ltr'><strong>recenS,</strong></span> <span class='ocrx_word' id='word_1_215' title='bbox 1191 1939 1278 1985; x_wconf 81' lang='lat' dir='ltr'><strong>quia</strong></span> <span class='ocrx_word' id='word_1_216' title='bbox 1309 1938 1471 1975; x_wconf 85' lang='lat' dir='ltr'><strong>candida</strong></span> <span class='ocrx_word' id='word_1_217' title='bbox 1503 1938 1607 1975; x_wconf 84' lang='lat' dir='ltr'><strong>cultu</strong></span> 
     </span>
     <span class='ocr_line' id='line_1_33' title="bbox 520 1995 1367 2042; baseline -0.004 -8"><span class='ocrx_word' id='word_1_218' title='bbox 520 1996 727 2042; x_wconf 83' lang='lat' dir='ltr'><strong>Sperabam</strong></span> <span class='ocrx_word' id='word_1_219' title='bbox 761 1996 884 2033; x_wconf 83' lang='lat' dir='ltr'><strong>caelos</strong></span> <span class='ocrx_word' id='word_1_220' title='bbox 915 1999 1024 2042; x_wconf 84' lang='lat' dir='ltr'><strong>pacta</strong></span> <span class='ocrx_word' id='word_1_221' title='bbox 1057 1995 1204 2042; x_wconf 88' lang='lat' dir='ltr'><strong>pudore</strong></span> <span class='ocrx_word' id='word_1_222' title='bbox 1234 1995 1367 2032; x_wconf 87' lang='lat' dir='ltr'><strong>Deum.</strong></span> 
     </span>
     <span class='ocr_line' id='line_1_34' title="bbox 385 2051 1446 2099; baseline -0.005 -8"><span class='ocrx_word' id='word_1_223' title='bbox 385 2055 433 2092; x_wconf 83' lang='lat'><strong>15</strong></span> <span class='ocrx_word' id='word_1_224' title='bbox 468 2054 528 2090; x_wconf 80' lang='lat' dir='ltr'><strong>Ad</strong></span> <span class='ocrx_word' id='word_1_225' title='bbox 559 2063 715 2099; x_wconf 87' lang='lat' dir='ltr'><strong>superos</strong></span> <span class='ocrx_word' id='word_1_226' title='bbox 746 2053 820 2089; x_wconf 91' lang='lat' dir='ltr'><strong>iter</strong></span> <span class='ocrx_word' id='word_1_227' title='bbox 850 2052 1006 2098; x_wconf 78' lang='lat' dir='ltr'><strong>arripui,</strong></span> <span class='ocrx_word' id='word_1_228' title='bbox 1041 2053 1099 2088; x_wconf 77' lang='lat' dir='ltr'><strong>via</strong></span> <span class='ocrx_word' id='word_1_229' title='bbox 1131 2051 1246 2087; x_wconf 86' lang='lat' dir='ltr'><strong>multa</strong></span> <span class='ocrx_word' id='word_1_230' title='bbox 1279 2051 1446 2097; x_wconf 86' lang='lat' dir='ltr'><strong>patebat,</strong></span> 
     </span>
     <span class='ocr_line' id='line_1_35' title="bbox 520 2108 1358 2155; baseline -0.001 -10"><span class='ocrx_word' id='word_1_231' title='bbox 520 2109 591 2155; x_wconf 78' lang='lat' dir='ltr'><strong>Qui</strong></span> <span class='ocrx_word' id='word_1_232' title='bbox 625 2109 867 2145; x_wconf 83' lang='lat' dir='ltr'><strong>comitaretur</strong></span> <span class='ocrx_word' id='word_1_233' title='bbox 898 2109 1034 2155; x_wconf 87' lang='lat' dir='ltr'><strong>quique</strong></span> <span class='ocrx_word' id='word_1_234' title='bbox 1066 2108 1244 2154; x_wconf 86' lang='lat' dir='ltr'><strong>praeiret,</strong></span> <span class='ocrx_word' id='word_1_235' title='bbox 1277 2114 1358 2144; x_wconf 90' lang='lat' dir='ltr'><strong>erat</strong></span> 
     </span>
     <span class='ocr_line' id='line_1_36' title="bbox 469 2163 1635 2214; baseline -0.002 -12"><span class='ocrx_word' id='word_1_236' title='bbox 469 2165 553 2202; x_wconf 89' lang='lat' dir='ltr'><strong>Heu</strong></span> <span class='ocrx_word' id='word_1_237' title='bbox 584 2166 688 2211; x_wconf 81' lang='lat' dir='ltr'><strong>mihi,</strong></span> <span class='ocrx_word' id='word_1_238' title='bbox 721 2176 830 2212; x_wconf 90' lang='lat' dir='ltr'><strong>quam</strong></span> <span class='ocrx_word' id='word_1_239' title='bbox 863 2165 997 2201; x_wconf 87' lang='lat' dir='ltr'><strong>docilis</strong></span> <span class='ocrx_word' id='word_1_240' title='bbox 1029 2163 1122 2214; x_wconf 89' lang='lat' dir='ltr'><strong>falli,</strong></span> <span class='ocrx_word' id='word_1_241' title='bbox 1156 2175 1265 2211; x_wconf 89' lang='lat' dir='ltr'><strong>quam</strong></span> <span class='ocrx_word' id='word_1_242' title='bbox 1298 2168 1474 2210; x_wconf 86' lang='lat' dir='ltr'><strong>prompta</strong></span> <span class='ocrx_word' id='word_1_243' title='bbox 1505 2163 1635 2201; x_wconf 89' lang='lat' dir='ltr'><strong>subire</strong></span> 
     </span>
     <span class='ocr_line' id='line_1_37' title="bbox 523 2219 1431 2270; baseline 0 -12"><span class='ocrx_word' id='word_1_244' title='bbox 523 2222 680 2270; x_wconf 87' lang='lat' dir='ltr'><strong>Turpia,</strong></span> <span class='ocrx_word' id='word_1_245' title='bbox 713 2233 821 2268; x_wconf 87' lang='lat' dir='ltr'><strong>quam</strong></span> <span class='ocrx_word' id='word_1_246' title='bbox 855 2222 964 2258; x_wconf 81' lang='lat' dir='ltr'><strong>velox</strong></span> <span class='ocrx_word' id='word_1_247' title='bbox 995 2221 1042 2258; x_wconf 85' lang='lat' dir='ltr'><strong>ad</strong></span> <span class='ocrx_word' id='word_1_248' title='bbox 1076 2231 1157 2257; x_wconf 76' lang='lat' dir='ltr'><strong>mea</strong></span> <span class='ocrx_word' id='word_1_249' title='bbox 1191 2220 1326 2257; x_wconf 85' lang='lat' dir='ltr'><strong>damna</strong></span> <span class='ocrx_word' id='word_1_250' title='bbox 1358 2219 1431 2258; x_wconf 84' lang='lat' dir='ltr'><strong>fui!</strong></span> 
     </span>
     <span class='ocr_line' id='line_1_38' title="bbox 470 2276 1960 2324; baseline -0.003 -9"><span class='ocrx_word' id='word_1_251' title='bbox 470 2278 686 2324; x_wconf 86' lang='lat' dir='ltr'><strong>Hospitium</strong></span> <span class='ocrx_word' id='word_1_252' title='bbox 719 2289 878 2324; x_wconf 86' lang='lat' dir='ltr'><strong>sponsus</strong></span> <span class='ocrx_word' id='word_1_253' title='bbox 909 2278 1007 2314; x_wconf 86' lang='lat' dir='ltr'><strong>mira</strong></span> <span class='ocrx_word' id='word_1_254' title='bbox 1038 2276 1292 2314; x_wconf 75' lang='lat' dir='ltr'><strong>fabricaverat</strong></span> <span class='ocrx_word' id='word_1_255' title='bbox 1323 2281 1416 2322; x_wconf 76' lang='lat' dir='ltr'><strong>arte⁷</strong></span> <span class='ocrx_word' id='word_1_256' title='bbox 1839 2311 1843 2314; x_wconf 74' lang='grc'>,</span> <span class='ocrx_word' id='word_1_257' title='bbox 1958 2317 1960 2322; x_wconf 45' lang='grc'><strong>,</strong></span> 
     </span>
     <span class='ocr_line' id='line_1_39' title="bbox 390 2331 1989 2381; baseline -0.001 -8"><span class='ocrx_word' id='word_1_258' title='bbox 390 2336 441 2373; x_wconf 81' lang='grc'><strong>20</strong></span> <span class='ocrx_word' id='word_1_259' title='bbox 531 2335 610 2379; x_wconf 74' lang='lat' dir='ltr'><strong>Quo</strong></span> <span class='ocrx_word' id='word_1_260' title='bbox 642 2338 818 2381; x_wconf 83' lang='lat' dir='ltr'><strong>suscepta</strong></span> <span class='ocrx_word' id='word_1_261' title='bbox 850 2334 956 2371; x_wconf 88' lang='lat' dir='ltr'><strong>brevi</strong></span> <span class='ocrx_word' id='word_1_262' title='bbox 987 2338 1157 2380; x_wconf 89' lang='lat' dir='ltr'><strong>tempore</strong></span> <span class='ocrx_word' id='word_1_263' title='bbox 1189 2338 1291 2370; x_wconf 85' lang='lat' dir='ltr'><strong>casta</strong></span> <span class='ocrx_word' id='word_1_264' title='bbox 1324 2331 1390 2370; x_wconf 89' lang='lat' dir='ltr'><strong>fui.</strong></span> <span class='ocrx_word' id='word_1_265' title='bbox 1986 2337 1989 2371; x_wconf 76' lang='lat' dir='ltr'><strong>l</strong></span> 
     </span>
     <span class='ocr_line' id='line_1_40' title="bbox 475 2389 1523 2436; baseline -0.002 -9"><span class='ocrx_word' id='word_1_266' title='bbox 475 2390 570 2427; x_wconf 80' lang='lat' dir='ltr'><strong>Nam</strong></span> <span class='ocrx_word' id='word_1_267' title='bbox 603 2391 692 2427; x_wconf 84' lang='lat' dir='ltr'><strong>mihi</strong></span> <span class='ocrx_word' id='word_1_268' title='bbox 725 2395 909 2435; x_wconf 81' lang='lat' dir='ltr'><strong>versutus,</strong></span> <span class='ocrx_word' id='word_1_269' title='bbox 943 2390 1008 2426; x_wconf 88' lang='lat' dir='ltr'><strong>sed</strong></span> <span class='ocrx_word' id='word_1_270' title='bbox 1041 2390 1186 2436; x_wconf 86' lang='lat' dir='ltr'><strong>origine</strong></span> <span class='ocrx_word' id='word_1_271' title='bbox 1217 2389 1340 2426; x_wconf 85' lang='lat' dir='ltr'><strong>clarus</strong></span> <span class='ocrx_word' id='word_1_272' title='bbox 1372 2389 1523 2426; x_wconf 88' lang='lat' dir='ltr'><strong>adulter</strong></span> 
     </span>
     <span class='ocr_line' id='line_1_41' title="bbox 524 2444 1259 2484; baseline 0 -1"><span class='ocrx_word' id='word_1_273' title='bbox 524 2447 647 2483; x_wconf 90' lang='lat' dir='ltr'><strong>Illusit</strong></span> <span class='ocrx_word' id='word_1_274' title='bbox 680 2446 821 2484; x_wconf 81' lang='lat' dir='ltr'><strong>famula</strong></span> <span class='ocrx_word' id='word_1_275' title='bbox 851 2447 1115 2483; x_wconf 86' lang='lat' dir='ltr'><strong>subreserante</strong></span> <span class='ocrx_word' id='word_1_276' title='bbox 1146 2444 1259 2483; x_wconf 82' lang='lat' dir='ltr'><strong>fores.</strong></span> 
     </span>
     <span class='ocr_line' id='line_1_42' title="bbox 475 2503 1201 2551; baseline -0.003 -11"><span class='ocrx_word' id='word_1_277' title='bbox 475 2503 584 2541; x_wconf 89' lang='lat' dir='ltr'><strong>Illius</strong></span> <span class='ocrx_word' id='word_1_278' title='bbox 615 2503 800 2539; x_wconf 72' lang='lat' dir='ltr'><strong>lenocinio</strong></span> <span class='ocrx_word' id='word_1_279' title='bbox 832 2503 990 2549; x_wconf 88' lang='lat' dir='ltr'><strong>periisse</strong></span> <span class='ocrx_word' id='word_1_280' title='bbox 1021 2503 1201 2551; x_wconf 83' lang='lat' dir='ltr'><strong>pudorem</strong></span> 
     </span>
     <span class='ocr_line' id='line_1_43' title="bbox 527 2557 1294 2606; baseline 0.001 -10"><span class='ocrx_word' id='word_1_281' title='bbox 527 2559 776 2606; x_wconf 85' lang='lat' dir='ltr'><strong>Flagitiisque</strong></span> <span class='ocrx_word' id='word_1_282' title='bbox 807 2571 906 2596; x_wconf 68' lang='lat' dir='ltr'><strong>ream</strong></span> <span class='ocrx_word' id='word_1_283' title='bbox 922 2598 924 2601; x_wconf 59' lang='grc'>,</span> <span class='ocrx_word' id='word_1_284' title='bbox 939 2558 1181 2596; x_wconf 85' lang='lat' dir='ltr'><strong>succubuisse</strong></span> <span class='ocrx_word' id='word_1_285' title='bbox 1211 2557 1294 2597; x_wconf 83' lang='lat' dir='ltr'><strong>fleo.</strong></span> 
     </span>
     <span class='ocr_line' id='line_1_44' title="bbox 391 2613 1489 2662; baseline -0.004 -8"><span class='ocrx_word' id='word_1_286' title='bbox 391 2617 441 2654; x_wconf 76' lang='lat'><strong>25</strong></span> <span class='ocrx_word' id='word_1_287' title='bbox 475 2615 536 2652; x_wconf 77' lang='lat' dir='ltr'><strong>Sic</strong></span> <span class='ocrx_word' id='word_1_288' title='bbox 568 2616 664 2652; x_wconf 90' lang='lat' dir='ltr'><strong>male</strong></span> <span class='ocrx_word' id='word_1_289' title='bbox 696 2620 949 2662; x_wconf 89' lang='lat' dir='ltr'><strong>contemptum</strong></span> <span class='ocrx_word' id='word_1_290' title='bbox 981 2615 1110 2662; x_wconf 86' lang='lat' dir='ltr'><strong>sponsi</strong></span> <span class='ocrx_word' id='word_1_291' title='bbox 1142 2615 1289 2661; x_wconf 87' lang='lat' dir='ltr'><strong>suspiro</strong></span> <span class='ocrx_word' id='word_1_292' title='bbox 1322 2613 1489 2651; x_wconf 85' lang='lat' dir='ltr'><strong>favorem</strong></span> 
     </span>
     <span class='ocr_line' id='line_1_45' title="bbox 526 2671 1997 2728; baseline -0.002 -19"><span class='ocrx_word' id='word_1_293' title='bbox 526 2672 588 2709; x_wconf 82' lang='lat' dir='ltr'><strong>Ad</strong></span> <span class='ocrx_word' id='word_1_294' title='bbox 619 2673 854 2719; x_wconf 84' lang='lat' dir='ltr'><strong>primumque</strong></span> <span class='ocrx_word' id='word_1_295' title='bbox 885 2682 1035 2719; x_wconf 85' lang='lat' dir='ltr'><strong>gemens</strong></span> <span class='ocrx_word' id='word_1_296' title='bbox 1066 2676 1190 2708; x_wconf 88' lang='lat' dir='ltr'><strong>mente</strong></span> <span class='ocrx_word' id='word_1_297' title='bbox 1221 2681 1373 2708; x_wconf 85' lang='lat' dir='ltr'><strong>recurro</strong></span> <span class='ocrx_word' id='word_1_298' title='bbox 1405 2671 1538 2707; x_wconf 72' lang='lat' dir='ltr'><strong>virum.</strong></span> <span class='ocrx_word' id='word_1_299' title='bbox 1984 2699 1997 2728; x_wconf 11' lang='grc' dir='ltr'><strong>,Ἰ</strong></span> 
     </span>
     <span class='ocr_line' id='line_1_46' title="bbox 482 2726 1998 2776; baseline -0.003 -11"><span class='ocrx_word' id='word_1_300' title='bbox 482 2728 672 2776; x_wconf 80' lang='lat' dir='ltr'><strong>Mussitat,</strong></span> <span class='ocrx_word' id='word_1_301' title='bbox 704 2728 932 2775; x_wconf 89' lang='lat' dir='ltr'><strong>obloquitur,</strong></span> <span class='ocrx_word' id='word_1_302' title='bbox 966 2727 1228 2775; x_wconf 87' lang='lat' dir='ltr'><strong>praesentibus</strong></span> <span class='ocrx_word' id='word_1_303' title='bbox 1259 2727 1419 2773; x_wconf 88' lang='lat' dir='ltr'><strong>imperat</strong></span> <span class='ocrx_word' id='word_1_304' title='bbox 1453 2726 1507 2763; x_wconf 89' lang='lat' dir='ltr'><strong>uti</strong></span> <span class='ocrx_word' id='word_1_305' title='bbox 1994 2732 1998 2775; x_wconf 73' lang='grc' dir='ltr'>ι</span> 
     </span>
     <span class='ocr_line' id='line_1_47' title="bbox 531 2784 1351 2833; baseline 0 -12"><span class='ocrx_word' id='word_1_306' title='bbox 531 2785 699 2833; x_wconf 59' lang='lat' dir='ltr'><strong>Deliciis,</strong></span> <span class='ocrx_word' id='word_1_307' title='bbox 732 2785 879 2832; x_wconf 84' lang='lat' dir='ltr'><strong>opibus,</strong></span> <span class='ocrx_word' id='word_1_308' title='bbox 911 2785 1059 2821; x_wconf 88' lang='lat' dir='ltr'><strong>nomine</strong></span> <span class='ocrx_word' id='word_1_309' title='bbox 1091 2784 1208 2821; x_wconf 83' lang='lat' dir='ltr'><strong>lactat</strong></span> <span class='ocrx_word' id='word_1_310' title='bbox 1238 2794 1351 2821; x_wconf 83' lang='lat' dir='ltr'><strong>eram.</strong></span> 
     </span>
     <span class='ocr_line' id='line_1_48' title="bbox 482 2839 1565 2888; baseline -0.003 -11"><span class='ocrx_word' id='word_1_311' title='bbox 482 2841 552 2879; x_wconf 88' lang='lat' dir='ltr'><strong>His</strong></span> <span class='ocrx_word' id='word_1_312' title='bbox 583 2851 764 2888; x_wconf 86' lang='lat' dir='ltr'><strong>perversa</strong></span> <span class='ocrx_word' id='word_1_313' title='bbox 795 2841 915 2878; x_wconf 84' lang='lat' dir='ltr'><strong>modis</strong></span> <span class='ocrx_word' id='word_1_314' title='bbox 948 2844 1119 2887; x_wconf 85' lang='lat' dir='ltr'><strong>coeptum</strong></span> <span class='ocrx_word' id='word_1_315' title='bbox 1152 2839 1333 2887; x_wconf 75' lang='lat' dir='ltr'><strong>pervertit</strong></span> <span class='ocrx_word' id='word_1_316' title='bbox 1368 2839 1565 2876; x_wconf 76' lang='lat' dir='ltr'><strong>honestum</strong></span> 
     </span>
     <span class='ocr_line' id='line_1_49' title="bbox 397 2895 1424 2947; baseline -0.001 -15"><span class='ocrx_word' id='word_1_317' title='bbox 397 2898 448 2935; x_wconf 69' lang='lat' dir='ltr'><strong>ao</strong></span> <span class='ocrx_word' id='word_1_318' title='bbox 537 2898 583 2934; x_wconf 89' lang='lat' dir='ltr'><strong>Et</strong></span> <span class='ocrx_word' id='word_1_319' title='bbox 617 2899 804 2947; x_wconf 86' lang='lat' dir='ltr'><strong>miseram,</strong></span> <span class='ocrx_word' id='word_1_320' title='bbox 837 2909 908 2944; x_wconf 87' lang='lat' dir='ltr'><strong>quo</strong></span> <span class='ocrx_word' id='word_1_321' title='bbox 936 2898 1027 2944; x_wconf 81' lang='lat' dir='ltr'><strong>vult,</strong></span> <span class='ocrx_word' id='word_1_322' title='bbox 1061 2897 1264 2943; x_wconf 86' lang='lat' dir='ltr'><strong>imperiosa</strong></span> <span class='ocrx_word' id='word_1_323' title='bbox 1295 2895 1424 2935; x_wconf 86' lang='lat' dir='ltr'><strong>trahit.</strong></span> 
     </span>
    </p>
   </div>
   <div class='ocr_carea' id='block_1_8' title="bbox 1984 2138 1991 2886">
    <p class='ocr_par' dir='ltr' id='par_1_8' title="bbox 1984 2138 1991 2886">
     <span class='ocr_line' id='line_1_50' title="bbox 1984 2138 1991 2886; baseline 0 0"><span class='ocrx_word' id='word_1_324' title='bbox 1984 2138 1991 2886; x_wconf 95' lang='lat' dir='ltr'><strong> </strong></span> 
     </span>
    </p>
   </div>
  </div>
 </body>
</html>
