2031 3289
563 379 618 414 20.

562 605 614 639 25.

561 829 615 863 30.

563 1054 617 1089 35.

562 1280 618 1315 40.

563 1507 617 1540 45.

565 1867 618 1903 50.

476 2141 575 2175 Ohne
593 2142 801 2174 einleitende
816 2142 1014 2180 Aufsehrift,
1032 2141 1122 2173 bloss
1141 2142 1203 2172 mit
1217 2141 1293 2172 dem
1308 2142 1428 2172 VVorte
1446 2138 1646 2181 ‚.Hymnus“
1661 2137 1941 2172 iiberschrieben.

534 2933 597 2973 10.

1025 222 1304 262 „14—

653 332 784 369 Kastra
808 336 887 377 polo
914 336 1024 366 sociat
1048 334 1244 376 spoliatque
1270 335 1410 365 Biriuus
1435 333 1620 372 Avernum⁷

720 381 865 422 Gurgite
890 383 1041 422 quotque
1066 379 1169 417 levat,
1195 383 1308 410 castra
1333 379 1412 420 polo
1438 380 1559 410 sociat.

653 423 755 459 Liber
779 426 877 458 adest
902 425 1049 467 populus
1075 425 1138 456 sub
1164 424 1267 465 longo
1292 428 1445 465 tempore
1471 434 1602 461 servus,

721 472 822 503 Nunc
846 470 984 502 Christo
1009 469 1181 500 famulans
1210 469 1298 500 liber
1323 468 1421 499 adest
1445 469 1603 510 populus.

653 513 798 559 Magnus
823 517 860 547 in
885 515 967 546 orbe
992 518 1072 545 tuus
1098 514 1226 551 rutilat,
1258 514 1381 546 ssirine.
1408 514 1613 554 triumphus.

722 561 892 603 Splendor
915 560 1092 600 honorque
1117 560 1221 589 micat
1248 569 1391 599 magnus
1416 559 1451 589 in
1477 559 1559 590 orbe
1584 563 1674 590 tuus.

652 603 777 639 Nostra
801 615 943 636 camena
968 604 1031 635 tibi
1058 604 1187 641 reboat,
1214 605 1271 645 pia
1296 605 1449 634 carmina
1474 605 1563 644 patri

719 650 861 682 Plaudit
886 653 919 681 et
942 649 1092 680 exsultat
1117 652 1237 680 nostra
1260 659 1403 680 camena
1427 649 1504 679 tibi.

653 692 791 738 Organa
815 695 998 726 clarisonis
1022 694 1174 726 iubilant
1198 694 1261 725 tibi
1287 693 1403 725 dulcia
1426 693 1572 730 bombis,

719 741 767 772 Et
791 741 962 781 crepitant
986 739 1136 770 modulis
1163 749 1293 780 organa
1318 739 1513 770 clarisonis.

653 783 779 818 Pervia
802 789 903 826 porta
927 784 998 826 poli
1023 793 1084 823 per
1107 788 1140 816 te
1166 785 1338 825 patefacta
1362 785 1520 824 patescit,

720 832 768 862 Te
793 834 980 866 reserante,
1009 834 1116 871 pater,
1143 831 1263 870 pervia
1289 834 1387 869 porta
1412 829 1495 870 poli.

655 872 736 915 Quis
761 885 942 907 numerare
968 878 1080 916 queat,
1107 879 1168 906 tua
1191 875 1305 916 gloria
1329 878 1459 914 quanta
1483 878 1652 911 coruscat,

720 921 882 952 Praemia
907 922 1024 952 iuncta
1048 920 1114 952 tibi
1138 921 1216 961 quis
1242 929 1424 951 numerare
1448 920 1576 961 queat?

654 963 778 999 Rector
803 966 1018 1007 apostolicus
1044 965 1172 1006 populo
1197 966 1361 996 vocitaris
1387 966 1423 996 in
1449 966 1527 1002 isto,

723 1012 849 1043 Noster
873 1011 955 1043 ades
979 1020 1082 1042 verus
1108 1014 1219 1041 rector
1243 1010 1468 1052 apostolicus.

655 1053 708 1089 Sit
732 1056 914 1088 benedicta
939 1056 1022 1094 dies,
1048 1056 1085 1086 in
1112 1065 1181 1097 qua
1206 1057 1310 1087 maris
1336 1055 1408 1087 alta
1433 1056 1561 1096 petisti,

723 1102 802 1133 Huc
827 1111 915 1142 quae
934 1104 969 1132 te
993 1101 1102 1139 duxit,
1127 1102 1173 1132 sit
1198 1100 1378 1132 benedicta
1402 1100 1487 1132 dies.

655 1142 701 1179 Te
726 1147 874 1188 petimus
899 1146 1040 1188 fragiles
1066 1146 1226 1187 precibus
1250 1146 1473 1187 lacrimisque
1498 1149 1684 1187 gementes,

723 1193 779 1224 Sis
804 1202 934 1223 memor
958 1195 995 1222 ut
1020 1192 1142 1230 nostri,
1166 1194 1199 1222 te
1224 1192 1373 1232 petimus
1397 1190 1548 1233 fragiles.

653 1233 747 1270 Voce
770 1238 831 1278 pia
854 1237 1042 1268 Dominum
1068 1247 1129 1278 pro
1155 1237 1256 1268 nobis
1282 1246 1384 1277 posce
1408 1236 1606 1278 benignum,

721 1282 900 1314 Intercede
924 1283 1018 1322 pium
1044 1291 1129 1314 voce
1154 1283 1212 1322 pia
1237 1281 1434 1312 Dominum.

654 1324 796 1360 Xristus
823 1338 940 1359 amore.
965 1328 1016 1359 tui
1041 1328 1180 1358 veniam
1205 1337 1273 1358 von
1298 1326 1446 1367 denegat
1468 1325 1544 1362 ulli,

722 1372 790 1404 Sed
817 1373 972 1404 lacrimis
998 1373 1110 1414 parcit
1133 1372 1293 1404 Christus
1319 1381 1434 1403 amore
1459 1373 1521 1402 tui.

656 1414 749 1450 Ydra
772 1418 928 1460 maligna
951 1418 1050 1459 fugit,
1077 1418 1160 1459 quia
1183 1428 1246 1448 nos
1269 1421 1330 1448 tua
1355 1417 1494 1448 dextera
1520 1417 1641 1454 munit,

723 1463 801 1494 Lux
825 1463 1007 1495 benedicta
1032 1464 1136 1500 venit,
1162 1462 1271 1503 hydra
1296 1462 1452 1503 maligna
1475 1462 1574 1503 fugit.

654 1505 758 1541 Zelus
784 1509 906 1540 obesse
930 1509 1051 1549 nequit
1076 1508 1214 1540 Christo
1240 1509 1377 1538 vicente
1402 1507 1597 1542 draconem,

723 1554 797 1585 Pax
822 1554 882 1585 ubi
908 1564 1030 1595 perpes
1055 1555 1129 1591 erit„
1155 1553 1249 1584 zelus
1275 1553 1396 1585 obesse
1420 1554 1550 1594 nequit.

995 1645 1012 1659 ῆ-
1313 1641 1332 1661 >Ῑ<

1154 1667 1171 1685 *

654 1731 780 1776 Aspice
806 1745 868 1766 nos
894 1734 1052 1773 famulos,
1079 1745 1098 1765 0
1125 1737 1241 1765 sancte
1267 1734 1395 1771 Birine,
1421 1733 1575 1764 misellos

725 1781 779 1812 De
803 1780 969 1820 caeloque
995 1783 1074 1811 tuos
1099 1780 1216 1821 aspice
1240 1789 1303 1810 nos
1329 1778 1488 1810 famulos.

656 1822 836 1858 Moenibus
862 1826 900 1856 in
925 1826 1058 1866 superis
1086 1825 1215 1856 resides
1241 1828 1406 1865 patronus
1431 1823 1564 1861 herilis,

724 1870 809 1902 Esto
836 1881 965 1902 memor
989 1871 1097 1901 nostri
1125 1870 1304 1901 moenibus
1330 1870 1365 1900 in
1391 1869 1536 1910 superis.

656 1912 750 1949 Erue
775 1926 838 1947 nos
861 1916 967 1947 Erebi
992 1915 1033 1947 de
1058 1926 1162 1947 caeca
1186 1915 1284 1946 fauce
1307 1914 1467 1956 porfundi

724 1961 754 1993 E
781 1962 983 2003 cunctisque
1008 1961 1109 1991 malis
1134 1971 1215 1992 erue
1239 1970 1302 1991 nos
1327 1959 1444 1991 Erebi.

654 2003 800 2040 Nomina
824 2010 942 2038 nostra
968 2010 1051 2037 nota
1074 2007 1168 2037 vitae
1192 2005 1352 2037 caelestis
1378 2007 1413 2036 in
1439 2004 1518 2036 albo

723 2052 809 2083 Cum
836 2053 1009 2092 sociisque
1034 2052 1104 2082 tuis
1129 2052 1273 2082 nomina
1298 2054 1415 2081 nostra
1440 2054 1532 2081 nota.

857 2320 889 2354 3.
924 2320 982 2362 (3.)
1017 2318 1066 2354 De
1092 2320 1217 2354 sancto
1243 2317 1448 2354 Swithuno.

645 2422 777 2464 Aurea
808 2426 872 2462 lux
902 2424 1049 2472 patriae
1079 2424 1266 2460 Wentana
1298 2424 1472 2470 splendet
1502 2425 1540 2460 in
1571 2423 1675 2473 urbe,

731 2482 897 2519 Swithun
930 2486 1080 2517 sanctus
1110 2481 1228 2520 adest,
1263 2491 1374 2516 aurea
1406 2480 1469 2516 lux
1501 2480 1659 2527 patriae.

645 2535 793 2577 Blande
823 2543 994 2585 patrone,
1027 2537 1100 2574 tuis
1132 2548 1308 2573 succurre
1339 2536 1520 2583 benignus
1551 2536 1710 2573 alumnis

731 2595 781 2632 Et
812 2594 871 2631 fer
901 2605 1007 2641 open]
1039 2592 1201 2636 famulis,
1236 2593 1374 2629 blande
1406 2598 1576 2641 patrone,
1609 2593 1695 2631 tuis.

645 2648 816 2691 Culmina
847 2651 948 2688 celsa
978 2651 1056 2697 poli
1087 2649 1187 2687 felici
1220 2650 1314 2686 calle
1343 2649 1484 2696 petisti,

729 2708 780 2745 Et
810 2707 918 2745 nobis
949 2707 1054 2754 aperi
1086 2706 1247 2743 culmina
1279 2706 1380 2743 celsa
1409 2705 1498 2752 poli.

646 2761 816 2803 Dextera
845 2769 976 2801 sancta
1007 2763 1077 2800 Dei
1108 2768 1145 2799 te
1175 2774 1214 2799 re
1246 2763 1437 2799 benedixit
1471 2763 1509 2798 in
1540 2762 1652 2808 omni,

729 2820 808 2857 Nos
841 2826 877 2857 et
907 2820 1044 2866 ubique
1075 2825 1179 2865 regat
1211 2819 1364 2855 dexteru
1398 2823 1527 2856 sancta
1559 2819 1640 2858 Dei.

644 2872 766 2926 Euge,
799 2877 907 2914 beate
939 2881 1060 2923 pater,
1094 2876 1252 2912 rutilans
1283 2886 1396 2921 super
1427 2876 1557 2912 aethra
1591 2877 1765 2922 potenter

730 2934 846 2980 Inque
876 2934 955 2971 solo
986 2932 1150 2978 radians,
1184 2942 1287 2979 euge,
1322 2932 1429 2969 beate
1457 2937 1576 2978 pater.
