1914 3223
757 184 802 188 --
868 162 947 203 487
1010 185 1066 190 —

83 314 86 317 ,
240 276 277 312 5.
332 274 474 310 Venter
519 273 618 309 enim
670 279 754 311 tuus
798 276 978 322 gaudium·
1019 273 1301 323 bubum-cum
1351 278 1470 315 omnis
1517 277 1691 314 caelestis

126 329 352 378 symphonia
384 329 430 366 de
463 332 499 366 te
529 330 667 375 sonuit,
700 331 789 378 quia
821 332 926 379 virgo
958 332 1074 370 tilium
1109 334 1179 371 Dei
1214 334 1397 383 portasti3
1439 333 1503 371 ubi
1535 334 1691 372 castitas

122 392 189 424 tua
218 386 257 423 in
289 386 370 423 Deo
402 385 551 424 claruit.

241 444 279 481 6.
326 442 484 480 Viscera
524 447 587 480 tua
629 443 805 490 gaudium
850 444 1061 482 habuerunt
1098 446 1195 482 sicut
1224 457 1401 494 gramen,
1443 457 1559 494 super
1589 446 1690 494 quod

127 509 188 536 ros
221 499 336 546 cadit,
370 509 454 536 cum
488 498 521 536 ei
553 499 787 537 viriditatem
819 500 972 547 infudit,
1006 506 1047 539 ut
1077 507 1113 538 et
1145 503 1241 540 inte
1264 502 1403 541 factum
1425 507 1494 552 est,
1526 514 1547 540 o
1569 508 1691 541 mater

122 556 242 593 omnis
273 555 414 602 gaudii.

240 613 275 649 7.
323 612 434 649 Nunc
466 611 587 649 omnis
619 612 781 650 ecclesia
811 613 849 649 in
881 613 1019 660 gaudio
1052 614 1181 651 rutilet
1206 615 1308 652 acin
1330 616 1559 663 symphonia
1580 619 1689 653 sonet

125 672 286 716 propter
317 668 574 706 dulcissimam
606 668 789 716 virginem
822 673 859 706 et
881 670 1111 707 laudabilem
1137 671 1313 719 Mariam,
1346 672 1418 709 Dei
1445 673 1687 720 genetricem.

121 726 256 764 Amen.

473 867 555 903 πεῖν.
591 867 649 910 (6.)
686 868 860 912 Hymnus
886 868 934 903 de
961 868 1111 905 Sancto
1139 869 1331 905 Matthia.

242 973 278 1011 1.
325 972 522 1021 Matthias,
551 978 703 1010 sanctus
725 984 795 1020 per
817 974 1051 1021 electionem,
1076 974 1134 1011 vir
1155 975 1364 1021 praeliator
1383 986 1452 1022 per
1474 977 1687 1022 victoriam,

122 1033 209 1067 ante
250 1030 468 1076 sanguinem
509 1030 596 1076 agni
638 1030 859 1067 electionem
892 1041 965 1067 non
997 1030 1151 1081 habuit,
1196 1032 1262 1068 sed
1295 1032 1427 1069 tardus
1459 1033 1497 1070 in
1528 1033 1689 1071 scientia

122 1084 193 1123 fuit
225 1086 332 1132 quasi
364 1086 487 1131 homo,
520 1086 584 1133 qui
616 1085 786 1133 perfecte
818 1098 890 1124 non
923 1087 1066 1134 vigilat.

233 1144 271 1180 2.
318 1142 468 1179 Donum
508 1140 581 1181 Dei
624 1143 730 1180 illum
772 1144 976 1193 excitavit,
1021 1144 1123 1181 unde
1163 1144 1246 1191 ipse
1277 1155 1369 1191 prae
1411 1146 1549 1193 gaudio
1590 1147 1689 1183 sicut

117 1199 223 1247 gigas
244 1199 282 1235 in
305 1198 448 1236 viribus
470 1199 548 1236 suis
569 1200 749 1245 surrexit,
780 1200 868 1247 quia
889 1200 992 1238 Deus
1014 1200 1118 1237 illum
1143 1201 1334 1248 praevidit
1360 1202 1459 1239 siout
1482 1202 1682 1253 hominem,

118 1265 228 1303 quem
271 1255 317 1292 de
358 1256 448 1300 limo
492 1255 694 1303 formavit,
736 1267 820 1294 cum
855 1258 1001 1303 primus
1042 1258 1198 1304 angelus
1240 1258 1402 1307 cecidit,
1451 1260 1514 1306 qui
1556 1259 1678 1297 Deum

118 1312 283 1359 negavit.

234 1370 271 1406 3.
320 1369 463 1416 Homo,
503 1370 566 1416 qui
608 1369 831 1406 electionem
863 1370 980 1419 vidit,
1024 1380 1114 1419 vae,
1159 1381 1248 1419 vae,
1293 1371 1454 1418 cecidit;
1498 1371 1613 1409 boves
1645 1376 1683 1409 et

118 1425 256 1462 arietes
298 1425 451 1472 habuit,
494 1426 562 1463 sed
604 1424 740 1463 faciem
782 1437 887 1463 suam
927 1426 975 1463 ab
1019 1426 1072 1463 eis
1113 1431 1320 1464 retrorsum
1364 1428 1472 1465 duxit
1513 1434 1551 1465 et
1594 1429 1684 1466 illos

120 1481 276 1520 dimisit.

232 1543 271 1578 4.
318 1538 430 1576 Unde
472 1536 621 1576 foveam
663 1538 867 1575 carbonum
905 1539 1047 1576 invasit
1087 1543 1123 1576 et
1166 1539 1358 1577 desideria
1396 1552 1464 1578 sua
1491 1541 1683 1579 osculatus

119 1595 156 1632 in
189 1595 315 1632 studio
346 1606 413 1632 suo
443 1595 548 1632 illam
580 1596 679 1632 sicut
709 1595 912 1643 Olympum
944 1596 1079 1634 erexit.

233 1654 269 1690 5.
318 1651 424 1688 Tunc
445 1651 631 1689 Matthias
663 1662 733 1698 per
764 1652 986 1689 electionem
1020 1652 1231 1689 divinitatis
1253 1653 1351 1690 sicut
1373 1653 1478 1701 gigas
1501 1655 1680 1704 surrexit,

119 1709 204 1756 quia
237 1708 340 1746 Deus
380 1709 487 1745 illum
528 1708 654 1755 posuit
693 1708 732 1745 in
773 1708 920 1755 locum,
963 1719 1071 1755 quem
1109 1709 1283 1755 perditus
1315 1710 1425 1747 homo
1457 1711 1589 1749 noluit.
1652 1711 1682 1749 Ο

116 1764 294 1802 mirabile
326 1765 564 1814 miraculum,
599 1765 700 1811 quod
732 1765 787 1801 sic
817 1765 856 1802 in
887 1765 954 1802 illo
987 1765 1245 1812 resplenduit!

232 1825 269 1861 o'.
319 1822 421 1859 Deus
466 1821 564 1858 enim
597 1821 720 1868 ipsum
752 1822 943 1868 praevidit
973 1822 1010 1858 in
1042 1822 1234 1859 miraculis
1266 1817 1368 1871 s'uiS,
1402 1833 1485 1859 cum
1518 1824 1685 1862 nondum

117 1877 279 1916 haberet
323 1878 498 1915 meritum
540 1878 795 1924 operationis,
839 1878 907 1915 sed
948 1879 1171 1926 mysterium
1213 1879 1286 1916 Dei
1326 1880 1365 1915 in
1407 1879 1473 1916 illo
1505 1881 1685 1927 gaudium

116 1934 262 1982 habuit,
295 1935 396 1982 quod
428 1935 528 1972 idem
561 1945 631 1982 per
660 1934 938 1972 institutionem
970 1946 1073 1972 suam
1106 1946 1180 1972 non
1213 1935 1389 1975 habebat.

233 1993 268 2030 7.
315 1992 344 2030 Ο
367 1992 545 2038 gaudium
567 1991 805 2038 gaudiorum,
840 1991 940 2038 quod
961 1991 1064 2028 Deus
1086 1992 1141 2028 sic
1162 1997 1354 2042 operatur,
1388 2003 1471 2029 cum
1499 1993 1685 2030 nescienti

116 2048 260 2086 homini
291 2048 449 2095 gratiam
480 2059 585 2085 suam
615 2047 802 2094 impendit
836 2048 902 2094 ita,
935 2048 1036 2094 quod
1066 2049 1248 2095 parvulus
1272 2049 1404 2098 nescit,
1439 2049 1505 2086 ubi
1526 2061 1684 2097 magnus

114 2105 235 2154 volat,
269 2105 374 2142 cuius
405 2105 486 2142 alas
515 2105 618 2141 Deus
650 2100 811 2151 parvulo
843 2104 990 2145 tribuit.

233 2162 270 2200 8.
318 2161 421 2198 Deus
463 2161 560 2198 enim
603 2165 752 2208 gustum
790 2161 828 2198 in
858 2161 926 2198 illo
957 2161 1086 2208 habet,
1118 2162 1182 2211 qui
1215 2161 1378 2208 seipsum
1412 2163 1553 2211 nescit,
1596 2163 1685 2210 quia

116 2229 190 2256 vox
225 2218 305 2255 eius
336 2218 385 2256 ad
416 2218 540 2255 Deum
572 2218 732 2265 clamat,
771 2217 869 2254 sicut-
899 2217 1067 2255 Mathias
1099 2216 1212 2267 feeit,
1257 2218 1319 2265 qui
1353 2218 1472 2256 dixit:
1503 2219 1533 2257 O
1565 2219 1682 2266 Deus,

116 2274 223 2312 Deus
254 2285 372 2321 meus,
405 2274 469 2321 qui
499 2285 559 2311 me
591 2274 743 2321 creasti,
775 2274 901 2312 omnia
932 2285 1049 2321 opera
1079 2286 1163 2312 mea
1196 2279 1259 2311 tua
1290 2280 1388 2311 sunt.

239 2333 276 2370 9.
294 2331 434 2374 ..Nunc
472 2342 561 2378 ergo
602 2331 765 2379 gaudeat
796 2331 916 2368 omnis
948 2331 1110 2369 ecclesia
1140 2331 1177 2368 in
1209 2331 1396 2382 Matthia,
1440 2342 1548 2378 quem
1579 2331 1683 2369 Deus

115 2387 155 2424 in
190 2386 604 2426 foramine‘columbae
635 2387 690 2424 sic
721 2387 846 2435 elegit.
907 2389 1043 2426 Amen.

439 2587 522 2623 330.
559 2587 618 2629 (7.)
653 2586 874 2631 Sequentia
902 2587 949 2622 de
975 2586 1124 2623 Sancto
1151 2587 1362 2623 Disibodo.

234 2704 269 2743 1.
317 2704 346 2742 Ο
389 2704 541 2750 praesul
584 2713 696 2741 verae
738 2703 926 2750 civitatis,
970 2704 1034 2750 qui
1075 2705 1112 2740 in
1145 2704 1286 2752 templo
1317 2704 1508 2751 angularis
1540 2705 1680 2752 lapidis

116 2760 325 2798 ascendens
356 2761 395 2797 in
427 2760 572 2797 caelum
603 2760 641 2797 in
673 2765 775 2798 terra
806 2764 1021 2807 prostratus
1054 2759 1159 2796 fuisti
1190 2764 1350 2807 propter
1380 2760 1516 2800 Deum.

230 2818 267 2855 2.
315 2817 373 2854 Tu
404 2818 625 2864 peregrinus
656 2828 678 2854 a
710 2817 852 2854 semine
882 2817 1012 2854 mundi
1038 2816 1265 2854 desiderasti
1288 2817 1393 2854 exsul
1415 2816 1498 2855 fieri
1519 2822 1680 2866 propter

114 2883 279 2911 amorem
312 2873 469 2912 Christi.
