2031 3289
991 203 1046 207 —
1105 180 1158 218 9⁴»
1217 203 1271 208 —

841 347 894 382 85).
932 347 988 389 (5.)
1024 346 1073 381 De
1099 347 1228 382 sancta
1255 344 1418 392 Brigida.

369 453 403 490 1.
437 453 598 489 Sanctae
629 454 785 489 virtutes
817 451 995 498 Brigidae

440 509 751 547 Commendemus
783 508 934 552 cotidie,

1181 454 1218 491 13.
1251 451 1406 489 Gemma
1437 452 1545 499 digiti
1577 453 1739 503 Domini,

1250 507 1331 545 Deo
1362 509 1515 554 placens
1545 514 1583 546 et
1612 509 1765 557 homini,

439 566 514 602 Sua
545 566 724 602 virtutum
755 564 875 610 gloria

440 622 497 659 Sit
528 623 564 658 in
596 622 720 658 laudis
751 620 940 657 memoria.

397 764 406 772 .
439 734 503 771 Sol
534 734 637 770 velut
668 733 768 770 inter
799 733 927 771 sidera

439 790 501 827 Sic
532 790 673 827 Christi
704 801 842 836 sponsa
874 790 1030 837 Brigida

440 847 618 883 Praelata
649 846 870 883 mulieribus

437 904 480 941 In
508 902 661 940 famosis
691 903 882 950 operibus.

1251 565 1325 602 Per
1355 576 1421 602 sua
1451 565 1640 603 mirabilia

1252 621 1344 658 Tela
1376 619 1526 669 frangat
1557 622 1722 659 hostilia.

1212 763 1220 771 .
1253 732 1360 771 Infra
1390 735 1529 771 natalis
1561 734 1716 771 biduum

1253 790 1447 828 Suscitans
1480 791 1579 838 regis
1610 790 1740 836 filium,

1251 847 1461 894 Extinguat
1491 846 1661 884 flammas
1693 848 1828 884 iecoris

1253 903 1451 941 Scotorum
1482 908 1607 941 custos
1638 904 1797 951 peeoris,

816 1019 852 1056 5.
885 1017 959 1054 Per
990 1016 1141 1053 virtutis
1172 1016 1382 1065 exordium,

883 1073 958 1110 Per
986 1072 1119 1110 salutis
1149 1070 1410 1122 primordium,

883 1128 1066 1176 Utrisque
1096 1139 1165 1176 per
1195 1128 1401 1176 optabilem

882 1186 1012 1224 Vitam
1042 1196 1252 1223 mercemur
1282 1185 1466 1223 stabilem.

446 1299 476 1339 4,
502 1299 523 1332 4
552 1301 733 1333 Scotorum
758 1299 979 1332 unleserlieh.
1005 1317 1047 1321 —-
1070 1297 1100 1336 5,
1126 1297 1148 1330 4
1173 1310 1363 1331 mercemur
1387 1299 1607 1332 unleserlieh.

739 1468 797 1504 90.
833 1468 890 1511 (6.)
925 1466 974 1504 De
999 1477 1044 1503 ss.
1075 1466 1242 1503 Cornelio
1269 1469 1306 1503 et
1331 1465 1522 1513 Cypriane.

404 1608 411 1615 .
446 1576 574 1614 Sancti
606 1573 742 1611 festum
775 1574 939 1612 Cornelii

443 1632 499 1669 Sit
530 1632 649 1668 nostri
678 1632 804 1678 palma
834 1631 982 1681 proelii,

438 1689 490 1725 Et
521 1688 702 1736 Cypriani
733 1688 894 1725 iaculum

441 1745 497 1782 Sit
531 1749 697 1782 nostrum
730 1744 1066 1792 propugnaculum.

403 1892 411 1900 ,
447 1859 524 1895 Sub
553 1859 647 1905 ipsis
678 1858 999 1905 triumphantibus

436 1915 611 1953 Aecincti
642 1915 749 1952 bonis
780 1915 946 1952 moribus

440 1972 471 2008 F
474 1983 627 2019 ugemus
659 1972 777 2009 hostis
808 1971 956 2020 faciem,

443 2028 641 2066 Calcantes
672 2033 831 2066 stratam
862 2029 993 2068 aciem,

1186 1576 1222 1612 3.
1254 1574 1368 1623 Ergo,
1403 1573 1583 1610 caelestes
1615 1573 1822 1619 praesides,

1252 1631 1401 1668 Mentes
1431 1630 1554 1667 levate
1586 1630 1748 1674 desides,

1253 1687 1304 1724 Et
1334 1687 1450 1725 vestri
1482 1686 1590 1723 labor
1620 1686 1781 1723 vomeris

1255 1743 1311 1781 Sit
1341 1744 1460 1781 nostri
1491 1754 1635 1780 merces
1666 1743 1805 1790 operis.

1183 1860 1220 1896 4.
1253 1858 1557 1904 Omnipotentem
1588 1857 1789 1895 Dominum

1252 1915 1303 1951 Et
1333 1918 1471 1961 natum,
1506 1924 1631 1961 regem
1662 1913 1838 1959 omnium⁷

1253 1972 1486 2008 Veneremur
1516 1970 1754 2017 paraclitum,

1255 2027 1451 2065 Sincerum
1483 2031 1595 2074 caput
1627 2027 1803 2073 capitum.

850 2206 898 2241 91.
934 2208 991 2249 (7.)
1027 2206 1077 2242 De
1103 2207 1230 2242 sancto
1257 2203 1418 2241 Kiliano.

401 2341 407 2348 .
443 2309 703 2349 Confessorcm
738 2311 930 2348 Kilianum

438 2369 664 2413 Adoremus,
697 2378 769 2404 non
802 2368 852 2404 sit>
882 2379 1030 2413 vanum,

440 2425 551 2461 Hunc
581 2424 770 2461 collaudet
797 2424 916 2461 omnis
938 2425 1098 2462 mundus

442 2482 515 2518 Suo
549 2482 722 2527 dogmate
754 2480 947 2518 fecundus.

400 2610 409 2618 .
443 2583 672 2630 Colligamus
704 2586 874 2619 sanctum
907 2582 1026 2619 virum

439 2639 603 2676 Nostrae
635 2640 769 2676 mentis
801 2639 839 2676 in
870 2639 1059 2686 butyrum,

439 2696 490 2733 Ut
523 2707 590 2742 per
622 2707 741 2733 rorem
775 2696 832 2733 sui
863 2696 985 2732 mellis

440 2753 695 2797 Extinguatur
725 2752 874 2790 flamma
905 2751 1019 2789 fellis.

445 2854 602 2894 llynmus
629 2854 739 2884 saneti
767 2853 899 2885 Kiliani
927 2853 1144 2883 confessuris.
1173 2870 1210 2873 —
1242 2851 1274 2886 1,
1312 2850 1325 2883 1
1355 2853 1586 2884 Confesorem.
1614 2869 1648 2873 --·

355 2909 477 2936 remur,
504 2899 630 2940 korrig.
657 2901 691 2929 in
716 2898 918 2930 Adoremus.
943 2916 985 2921 —
1011 2896 1041 2937 3,
1067 2896 1087 2928 3
1114 2899 1262 2937 Precior,
1289 2897 1416 2939 korrig.
1444 2899 1479 2930 in
1504 2898 1702 2929 Pretiosior.

1185 2314 1221 2349 3.
1251 2312 1326 2348 Per
1356 2310 1591 2357 psalterium,
1624 2320 1692 2357 per
1719 2309 1904 2356 plectrum

1253 2367 1563 2405 Commendemus
1593 2370 1633 2403 ut
1665 2366 1857 2414 electrum,
1906 2390 1908 2393 -

1254 2424 1461 2461 Pretiosior
1492 2427 1549 2460 est
1579 2433 1670 2460 auro

1257 2480 1397 2518 Christi
1429 2484 1581 2517 sanctus
1611 2479 1649 2516 in
1681 2479 1870 2517 thesauro,

1214 2615 1221 2622 .
1256 2582 1373 2630 Patri,
1406 2586 1494 2618 nato
1526 2585 1612 2618 voto
1643 2581 1727 2627 pari

1254 2639 1407 2676 Constet
1436 2637 1545 2675 nobis
1577 2637 1764 2683 famulari,

1254 2696 1488 2732 Veneremur
1518 2699 1687 2731 sanctum
1718 2692 1864 2743 flamen,

1254 2752 1314 2789 Ab
1345 2757 1504 2798 utroque
1535 2752 1788 2789 moderamen.

1684 2850 1720 2890 1,
1752 2849 1774 2882 ‘2
1799 2851 1907 2883 Vene-
