2031 3289
1030 178 1074 183 —
1136 155 1220 195 420
1282 177 1330 181 —

965 322 1046 357 388.
1082 322 1163 365 (27.)
1198 321 1392 357 sabbato.

979 404 1046 441 Ad
1076 403 1379 451 Completorium

417 519 454 557 1.
485 518 603 555 Trina
633 517 728 555 caeli
755 517 957 564 ierarchia,
1229 518 1267 555 3.
1299 516 1388 561 Nix,
1421 515 1597 553 imbrium
1626 515 1842 570 stillamina,
2024 551 2031 577 ⁴

488 574 565 618 Sol,
597 574 743 619 stellae,
774 573 875 622 luna,
906 573 1034 610 sidera
1299 573 1446 619 Flores,
1478 570 1623 609 fructus
1655 576 1693 608 et
1721 571 1890 619 gramina
2022 584 2031 629 5⁴

483 631 606 667 Deum
637 629 803 678 laudent,
836 641 857 666 o
886 630 1025 673 Maria,
1298 629 1379 666 Deo
1410 640 1479 675 pro
1509 634 1574 665 tua
1603 628 1724 674 gloria

485 688 560 725 Pro
590 691 640 733 te,
671 686 778 732 virgo
807 696 1009 732 puerpera.
1298 685 1401 721 Dent
1430 685 1585 722 laudum
1616 685 1714 722 dona
1744 683 1862 722 varia.

414 790 451 827 2.
483 788 563 825 Aer
593 797 676 824 cum
708 786 937 834 volatilibus,
1230 789 1266 825 4.
1299 786 1417 824 Omne
1447 796 1544 832 genu
1575 785 1805 833 caelestium,

483 843 640 880 Fretum
673 854 755 880 cum
783 843 1005 880 natatilibus
1298 842 1551 890 Infernorum‚
1581 843 1817 879 terrestrium

483 900 535 937 Et
564 905 668 938 terra
699 911 781 936 cum
813 899 1013 945 reptilibus
1297 899 1494 936 Flectatur
1524 898 1618 935 caeli
1649 898 1822 947 Domino,

485 957 712 1004 Cunctisque
743 956 1008 1004 animantibus,
1298 956 1457 992 Locanti
1488 960 1525 991 te
1555 955 1594 991 in
1624 955 1775 1001 gaudio.

821 1059 858 1095 5.
890 1057 1008 1094 Omne
1039 1059 1266 1093 momentum
1298 1056 1486 1093 transiens

890 1113 1000 1150 Mille
1030 1113 1193 1149 millenis
1224 1113 1406 1160 gradibus

892 1169 1047 1206 Trinum
1079 1169 1198 1206 Deum
1230 1168 1417 1216 glorificet

892 1226 966 1263 Pro
996 1231 1046 1270 te,
1077 1232 1152 1262 tam
1187 1226 1302 1272 digna
1332 1225 1520 1262 laudibus.

497 1324 526 1363 1,
554 1323 570 1356 1
590 1325 705 1356 Prima
730 1325 818 1357 caeli
836 1326 877 1357 D.
904 1341 948 1347 —
971 1323 1002 1364 4,
1029 1322 1050 1357 3
1074 1326 1255 1357 Frectatur
1271 1326 1308 1357 C.
1333 1342 1378 1346 --
1405 1323 1438 1363 4,
1464 1323 1485 1356 4
1503 1325 1652 1357 Intranti
1678 1329 1710 1357 te
1735 1336 1812 1359 eum
1828 1326 1956 1369 gaudio

399 1371 472 1403 BD.
501 1388 543 1392 —
567 1371 767 1413 Klemming
791 1371 836 1409 ΙΙ,
866 1369 927 1402 147
953 1382 985 1402 u.
1011 1371 1032 1402 f.

2005 1518 2031 1660 ἓ

1996 1978 2013 2058 g
