1914 3223
346 226 385 262 f».

342 713 363 746 <J

316 868 380 906 10.

311 1026 376 1063 11.

314 1185 376 1224 12.

312 2137 377 2178 18.

312 2297 377 2335 19.

312 2455 378 2495 20.

310 2614 377 2653 21.

314 2774 380 2811 22.

776 112 1055 149 —.'›.0——

416 222 563 260 Damna
585 224 662 270 poli
686 224 866 261 Dominus
890 229 1106 261 restaurans
1129 229 1248 262 morte
1271 231 1480 271 perempta,

497 279 683 327 Sanguine
716 281 884 317 restituit
915 281 1052 318 damna
1084 282 1160 328 poli
1194 281 1387 319 Dominus.

373 416 381 426 .
414 384 496 425 Rex
529 386 613 433 pius
645 386 726 433 ipse
758 387 840 433 pios
872 389 1064 434 praecepit
1099 370 1268 435 mergere
1299 388 1477 435 lymphis,

497 443 607 479 Vexit
635 443 683 480 ad
715 443 793 480 alta
824 445 900 490 poli
934 455 999 481 rex
1031 445 1114 491 pins
1146 445 1226 491 ipse
1258 445 1352 491 pios.

375 581 382 587 .
417 549 566 587 Semina
597 561 715 597 parva
745 556 849 588 sator
879 552 1084 588 cumulavit
1114 551 1299 589 fructibus
1331 553 1481 599 amplis,

494 607 761 653 Centuplicare
795 607 901 644 dedit
931 609 1074 645 semina
1107 620 1225 655 parva
1257 612 1373 646 sator.

372 739 379 746 .
415 707 542 746 Effera
574 709 690 746 corda
721 709 841 747 nitent
873 710 1028 746 istorum
1061 708 1211 746 flamine
1241 715 1384 755 sancto,

491 766 564 820 Per
596 766 720 803 varios
750 765 860 802 flores
892 766 1006 803 effera
1037 767 1155 804 eorda
1185 767 1318 805 nitent.

414 866 511 904 Lilia
550 867 667 904 mixta
700 867 794 903 rosis
829 867 1021 914 violaeque
1050 879 1118 915 per
1148 879 1312 915 aequora
1343 868 1528 917 fragrant,

491 923 630 961 Sancta
663 922 757 961 fides
791 924 940 972 renitet,
976 925 1058 961 lilia
1089 925 1207 962 mixta
1237 926 1346 964 rosis.

409 1026 537 1063 Aurea
568 1037 683 1072 regna
714 1026 791 1072 poli
825 1026 1020 1072 dispensat
1053 1026 1226 1063 Christus
1256 1027 1406 1075 ubique,

495 1081 705 1129 Discipulis
737 1082 870 1120 tribuit
902 1094 1018 1120 aurea
1048 1094 1164 1130 regna
1196 1083 1285 1130 poli.

411 1184 591 1222 Prilnitus
623 1185 722 1222 alma
753 1184 848 1222 fides
879 1196 949 1231 per
980 1187 1134 1223 Petrum
1167 1185 1305 1223 clarior
1335 1189 1476 1233 exstat,

494 1241 589 1278 Eius
619 1242 737 1278 odore
766 1242 862 1278 nitet
892 1242 1070 1288 primitus
1100 1243 1199 1279 alma
1229 1242 1336 1280 fides.

342 1361 378 1382 a.
411 1344 532 1381 Roma
559 1343 680 1392 beata,
714 1344 813 1380 nites
845 1344 947 1382 Petri
982 1345 1028 1380 de
1059 1355 1218 1390 corpore
1249 1345 1381 1391 sancti,

494 1401 683 1447 Dogmate
715 1400 836 1447 deque
867 1412 946 1448 suo,
978 1401 1097 1438 Roma
1129 1401 1249 1450 beata,
1283 1401 1392 1439 nites,

367 1530 378 1541 .
406 1502 520 1539 Alma
549 1506 706 1548 tropaea
737 1503 858 1539 crucis
889 1513 959 1549 pro
990 1502 1140 1540 Christo
1171 1503 1328 1550 pertulit
1358 1503 1433 1553 ille,

497 1560 652 1597 Vertice
683 1570 814 1596 versus
845 1559 923 1606 agit
953 1560 1052 1596 alma
1082 1564 1239 1606 tropaea
1271 1560 1403 1597 crucis.

340 1675 372 1699 ·.
407 1661 592 1709 Splendet
621 1661 761 1709 ubique
792 1667 925 1708 potens
959 1662 1109 1709 Paulus,
1141 1662 1325 1699 mirabilis
1356 1666 1504 1710 auctor,

495 1718 698 1756 Abscissus
731 1720 855 1765 capite
886 1719 1062 1766 splendet
1092 1719 1230 1765 ubique
1260 1723 1407 1765 potenS.

366 1851 374 1859 .
408 1820 437 1858 Ο
470 1821 686 1858 veneranda
717 1821 828 1859 nimis
860 1821 964 1859 Petri
996 1821 1178 1868 Paulique
1210 1821 1360 1869 decore,

496 1877 669 1927 Romula,
702 1889 794 1924 quos
826 1878 979 1926 retines,
1012 1889 1033 1914 ο
1064 1878 1283 1915 veneranda
1312 1877 1434 1918 nimis.

369 2011 376 2019 .
409 1980 530 2018 Facta
561 1979 693 2017 salutis
725 1990 840 2027 agens
872 1979 1031 2018 Iacobus
1061 1991 1130 2026 per
1159 1984 1296 2017 cuncta
1325 1984 1497 2028 necatur,

495 2036 665 2074 Galiciae
695 2036 895 2082 recubans,
929 2036 1030 2074 facta
1061 2037 1193 2074 salutis
1226 2047 1352 2084 agens.

409 2138 520 2175 Idola
551 2149 662 2175 caeca
693 2139 820 2175 colens
851 2139 1055 2186 Lycaonia,
1087 2139 1269 2176 Armenia
1297 2148 1367 2175 nec
1396 2149 1471 2175 non

494 2195 668 2232 Vertitur
700 2195 749 2232 ad
781 2196 969 2233 Christum
1003 2195 1108 2233 idola
1139 2206 1251 2232 caeca
1286 2195 1424 2232 colens.

409 2297 627 2346 Excoriate,
660 2298 758 2334 nites
788 2299 826 2334 in
859 2298 1012 2344 mundo,
1045 2297 1347 2343 Bartholomaee,

494 2354 646 2391 Vertice
677 2355 885 2403 praecisus,
919 2355 1125 2404 excoriate,
1158 2353 1271 2392 nites.

410 2455 563 2502 Optima
593 2460 700 2503 gesta
730 2467 869 2493 canens
900 2456 1129 2494 Macedonia
1160 2457 1243 2504 rite,
1276 2454 1495 2493 Matthaeus

496 2513 540 2550 In
572 2513 698 2551 Persis
729 2524 862 2561 passus
893 2513 1035 2560 optima
1066 2518 1171 2560 gesta
1203 2523 1354 2551 canenS.

410 2614 454 2651 In
487 2625 609 2662 cruce,
641 2615 768 2660 Petre,
800 2619 885 2652 tuus
917 2626 1117 2662 germanus
1149 2614 1344 2661 praedicat
1376 2613 1521 2662 orbem,

495 2671 680 2708 Achaiam
712 2672 862 2709 salvans
893 2672 932 2708 in
963 2682 1085 2721 cruce,
1123 2673 1244 2716 Petre‚
1278 2675 1374 2708 tuus.

410 2772 537 2819 Eripit
569 2772 634 2809 ille
668 2772 797 2809 Simon
830 2772 1030 2811 crucifixus
1063 2772 1202 2810 famine
1233 2773 1384 2809 salvans

499 2830 790 2877 Aegyptumque
821 2830 930 2866 simul
964 2830 1077 2876 eripit
1110 2830 1175 2866 ille
1204 2829 1345 2868 Simon.
