2031 3289
1085 185 1166 227 222

821 295 903 331 241.
939 296 1043 340 (131.)
1078 297 1121 331 In
1146 297 1182 332 2.
1210 297 1432 333 Nocturno.

366 391 400 428 1.
434 391 547 427 Porta
578 391 685 437 caeli⁷
718 390 882 427 siderum

490 448 619 493 Ianua,

434 503 527 540 Tam
568 507 727 540 matrum
765 513 874 549 quam
908 503 1093 549 virginum

491 559 633 605 Gloria,

433 616 539 653 Votis
572 620 651 652 esto
681 615 894 661 supplicum

492 673 640 712 Pervia.

395 794 402 802 .
435 762 691 811 Supernorum
722 762 861 798 milites

495 819 710 867 Agminum,

435 876 497 914 Sic
529 876 724 921 depellant
753 875 854 912 acies

493 932 739 976 Daemonum,

435 990 488 1028 Ut
519 989 568 1025 sit
593 988 688 1036 iugis
719 988 866 1035 requies

494 1045 710 1083 Hominum.

1179 393 1216 429 3.
1249 392 1349 437 Quos
1379 394 1532 429 nostrae
1563 392 1754 429 custodiae

1303 447 1486 494 Deputas‚

1247 503 1390 540 Horum
1422 515 1489 540 nos
1520 504 1708 542 iuvamine

1307 561 1498 607 Protegas‚
1629 555 1635 558 ”

1250 616 1302 654 Ut
1331 617 1379 653 ad
1412 621 1448 652 te
1481 628 1559 665 nos,
1592 617 1767 665 Domine,

1306 672 1471 719 Dirigas.

1179 765 1216 800 4.
1249 763 1352 799 Tuae
1381 766 1465 799 sunt
1499 764 1691 809 potentiae

1307 819 1480 867 Subdita,

1249 875 1352 912 Tuae
1381 875 1590 922 sapientiae

1306 932 1454 980 Pervia,

1252 989 1355 1025 Tuae
1387 992 1520 1025 cuncta
1550 989 1693 1036 gratiae

1310 1045 1455 1082 Gloria.

443 1135 469 1167 C
494 1135 552 1166 fol.
581 1132 643 1166 198
654 1135 685 1167 b.
710 1152 755 1156 —
782 1132 818 1172 l⁷
843 1131 863 1165 3
888 1134 975 1166 Tam
1001 1138 1189 1176 martyrum
1216 1145 1329 1176 quam.
1355 1151 1398 1156 —
1423 1131 1454 1172 2,
1479 1132 1500 1165 3
1523 1134 1581 1166 Sic
1606 1138 1639 1167 te
1664 1136 1804 1175 pellant.

823 1266 904 1304 242.
941 1267 1043 1310 (132.)
1078 1268 1124 1303 In
1148 1268 1184 1304 3.
1215 1269 1436 1304 Nocturno.

397 1393 405 1402 .
439 1363 654 1400 Communis
687 1362 888 1399 celebritas

492 1419 662 1458 Omnium

435 1476 621 1514 Iustorum
654 1476 853 1514 memorias

493 1533 670 1570 Veterum

435 1589 635 1627 Natalibus
667 1593 846 1636 aggregat

490 1647 716 1694 Martyrum.

396 1769 402 1775 .
435 1737 580 1773 Horum
611 1741 667 1774 est
698 1738 885 1783 parietum

491 1794 641 1830 Medius

433 1850 525 1887 Tam
555 1855 680 1887 vatum
713 1862 822 1897 quam
854 1855 1060 1897 martyrum

491 1907 694 1950 Maximus,

435 1963 567 2000 Laude
598 1964 739 2001 Christi
767 1963 967 2010 plurimum

494 2021 706 2058 Praeditus.

399 2141 406 2148 .
440 2111 530 2148 Post
559 2111 658 2148 hunc
689 2115 775 2148 sunt
807 2111 988 2148 ecclesiae

490 2167 699 2217 Principes,

438 2225 529 2262 Post
559 2225 626 2262 hos
657 2225 724 2270 tui,
759 2224 930 2270 Domine,

492 2281 650 2330 Milites,

436 2338 525 2374 Post
555 2342 736 2385 utrosque
769 2338 929 2385 denique

492 2395 658 2434 Pedites,

444 2484 470 2516 C
496 2484 554 2516 fol.
587 2482 649 2515 199
660 2494 691 2515 a.

1181 1363 1218 1400 4.
1250 1362 1320 1399 His
1353 1362 1487 1400 chorus
1517 1363 1734 1410 adiungitur

1309 1419 1503 1466 Virginum

1249 1476 1300 1513 Et
1331 1476 1427 1512 rosis
1458 1477 1642 1514 intexitur

1308 1532 1457 1579 Lilium,

1251 1587 1343 1628 Flos
1373 1589 1529 1636 insignit
1560 1600 1712 1627 croceus

1305 1646 1488 1685 Medium.

1183 1741 1197 1774 ἵ
1211 1766 1219 1774 .
1253 1736 1368 1773 Trina
1398 1735 1529 1773 florum
1564 1737 1694 1774 talium

1308 1792 1441 1839 Specie

1251 1849 1399 1886 Sertum
1432 1848 1675 1899 odoriferum,

1308 1906 1479 1954 Domine,

1252 1965 1295 2001 In
1324 1967 1361 1999 te
1391 1964 1487 1999 nitet
1517 1963 1679 1999 omnium

1308 2020 1451 2066 Capite.

1252 2110 1356 2147 Tuae
1387 2114 1473 2147 sunt
1504 2110 1697 2156 potentiae

1308 2167 1480 2213 Subdita,

1252 2224 1354 2261 Tuae
1385 2224 1594 2272 sapientiae

1309 2281 1457 2326 Pervia‚

1252 2338 1355 2374 Tuae
1386 2342 1520 2374 cuncta
1545 2338 1688 2384 gratiae

1309 2393 1452 2433 Gloria.

875 2526 956 2563 243.
993 2527 1097 2569 (133.)
1133 2527 1189 2562 Ad
1214 2527 1383 2562 Laudes.

393 2652 401 2660 .
433 2621 589 2658 Eversis
621 2621 768 2659 altariis

491 2678 725 2716 Daemonum

437 2735 630 2771 Pantheon
664 2740 719 2771 est
750 2734 862 2771 idolis

490 2791 664 2835 Brutum,

432 2847 654 2884 Sanctorum
687 2848 875 2884 memoriis

489 2904 687 2943 Deditum.

1180 2623 1217 2661 2.
1250 2621 1333 2658 Huc
1364 2621 1472 2667 plebs
1504 2621 1612 2659 annis
1646 2621 1805 2668 singulis

1307 2676 1505 2715 Confluens

1250 2734 1299 2771 Et
1331 2745 1412 2770 cum
1446 2735 1546 2771 clero
1577 2732 1750 2783 pontifex

1308 2791 1470 2828 Veniens

1251 2848 1319 2885 Est
1351 2847 1388 2884 in
1420 2848 1572 2886 laudum
1603 2847 1735 2885 hostiis

1306 2904 1525 2943 Vehemens
