1914 3223
848 143 923 182 193
987 168 1026 171 --·

579 259 614 298 7.
651 257 721 296 Uni
753 257 803 293 sit
834 262 870 293 ot
901 257 1000 293 trino

646 316 785 360 Perpes
818 314 936 350 honor
968 313 1060 360 Deo,

641 371 699 408 Ex
732 381 817 417 quo,
849 381 918 416 per
947 380 1055 416 quem
1089 367 1236 416 cuncta,

643 428 685 464 In
716 438 788 474 quo
817 432 902 463 sunt
935 432 1072 467 creata.

200 509 224 539 n
257 508 311 539 fol.
346 505 430 539 921).
458 525 498 529 —-
526 508 552 538 C
583 506 639 537 fol.
678 502 777 537 [3031.
804 522 845 526 ——
875 506 971 535 Brev.
1009 515 1068 535 ins.
1094 505 1283 536 Gorziense
1318 515 1406 536 saec.
1444 503 1527 536 ¹³!u.
1578 505 1662 537 cml.

111 553 299 595 Spina-dien.
326 551 390 585 ‘204
413 551 490 591 (97).
515 554 550 584 S.
576 569 617 573 —
643 550 674 587 2,
705 550 726 580 3
752 550 907 590 Quodvis
933 552 976 585 S}
1004 552 1170 589 Quamvis·
1199 551 1233 581 Β.
1253 568 1292 572 -—
1314 549 1345 588 3,
1375 549 1388 582 l
1417 550 1506 582 Aure
1533 551 1661 592 quippe

111 600 145 631 n.
172 616 215 620 —-
239 597 268 635 5,
294 597 315 628 3
339 609 389 641 sq.
414 598 482 629 und
507 598 537 632 o.
567 595 580 628 l
608 596 719 629 fehlen
747 597 781 627 ὅ.

624 709 723 773 ’190.
747 737 827 776 (80.)
860 737 914 771 Ad
942 736 1108 771 Laudes.

130 833 162 871 1.
195 831 403 880 Singularis
434 836 564 875 mater,

192 889 286 934 Quia
318 889 422 935 virgo
452 898 612 935 semper,

191 945 325 986 Mater,
359 949 393 981 et
426 945 495 981 hoc
526 944 609 989 Dei,

159 1050 162 1052 q
193 1001 253 1038 Ad
285 1007 321 1036 te
353 1001 513 1038 clamant
546 1001 611 1040 rei.

124 1082 159 1119 ΞΟ

193 1080 253 1116 Ad
285 1085 321 1116 te
353 1091 419 1117 nos
451 1081 667 1129 clamantes,

190 1136 252 1173 Ad
284 1141 320 1173 te
350 1138 582 1184 suspirantes

192 1194 233 1229 In
265 1192 437 1231 districta
468 1204 581 1232 causa

191 1249 300 1286 Iuves
330 1250 524 1288 advocata.

124 1330 159 1368 εἶ,
192 1328 308 1375 Opem
341 1328 500 1375 quodam
533 1330 642 1367 modo

192 1385 277 1421 'soti
310 1385 424 1421 debes
455 1386 605 1433 mundo,

193 1444 308 1486 Quam
341 1442 441 1478 velut
474 1453 517 1478 ex
549 1442 629 1480 iure

190 1498 423 1536 postulamus
453 1510 474 1535 a
505 1505 553 1536 te.

933 833 970 869 4.
1003 831 1138 867 Totum
1170 829 1209 867 id
1242 829 1393 867 honeris

1002 887 1125 924 Nacta
1156 897 1194 923 es
1226 898 1294 932 pro
1325 886 1446 935 nobis,

1002 944 1054 982 Ut
1084 944 1135 980 sis
1168 944 1266 980 vitae
1297 947 1408 989 porta

1000 1001 1102 1038 Sicut
1135 1000 1266 1037 mortis
1298 999 1391 1040 Eva.

935 1083 968 1118 f.
1003 1080 1065 1118 Ad
1098 1079 1167 1116 hoc
1198 1089 1237 1116 es
1269 1082 1407 1125 creata,

1001 1136 1063 1174 Ad
1095 1136 1166 1173 hoe
1195 1136 1421 1185 praeelecta,

1002 1193 1162 1231 Causam
1194 1203 1419 1240 recognosce

1002 1250 1051 1287 Et
1084 1249 1255 1287 effectum
1286 1249 1445 1296 comple.

961 1360 970 1369 .
1003 1329 1148 1366 Mundo
1181 1328 1295 1366 debes
1325 1338 1448 1375 opem,

1001 1385 1166 1422 Mundus
1197 1385 1265 1422 tibi
1297 1385 1460 1431 laudem,

1000 1441 1094 1488 Spes
1125 1447 1210 1488 post
1240 1442 1360 1479 Deum
1394 1445 1535 1490 nostra,

999 1497 1119 1535 Nobis
1151 1499 1271 1536 Deum
1303 1499 1424 1546 placa.

578 1579 612 1616 7.
646 1578 722 1617 Uni
753 1578 802 1614 sit
833 1582 867 1614 et
899 1577 998 1615 trino

647 1635 790 1681 Perpes
822 1635 940 1671 honor
970 1634 1063 1681 Deo,

645 1691 703 1728 Ex
733 1701 816 1740 quo,
847 1701 915 1738 per
942 1702 1049 1738 quem
1082 1697 1229 1741 cuncta,

232 2271 353 2310 factor
383 2284 419 2310 et
449 2275 664 2322 dispositor,

176 2329 293 2367 Immo
323 2341 444 2367 rerum
476 2343 779 2380 quarumcunque

231 2391 305 2423 tam
337 2392 458 2425 rector
491 2399 600 2435 quam
632 2390 817 2437 conditor,

176 2441 232 2488 Id,
264 2454 336 2489 quo
367 2444 470 2494 vivit,
503 2445 658 2492 quisque
687 2446 815 2493 perdit-

232 2505 318 2536 tuae
349 2500 471 2537 laudis
503 2502 708 2541 immemor.

104 2578 141 2617 2.
175 2577 235 2615 Ilii
269 2589 427 2626 sursum,
460 2580 495 2617 hi
529 2581 700 2619 deorsum

230 2634 332 2682 iuges
363 2643 474 2683 agant
505 2638 657 2684 gratias,

176 2690 277 2728 Caeli
308 2702 463 2739 summa,
495 2699 619 2731 terrae
649 2695 724 2732 ima

231 2748 360 2785 laudes
393 2751 551 2788 reddant
585 2762 778 2797 consonas,

177 2803 308 2841 Nullas
340 2806 450 2843 laude
482 2805 538 2844 fas
569 2808 617 2844 sit
649 2819 730 2845 esse

230 2865 356 2907 partes
388 2864 515 2901 mundi
546 2875 693 2902 vacuas.

170 2929 330 2964 Droves,
358 2932 603 2968 Hymnographi
624 2934 740 2960 Latini.
780 2935 804 2962 1.

110 2219 145 2254 1.
177 2217 404 2263 Angelorum
439 2218 701 2266 hominumque

644 1749 687 1786 ln
718 1759 791 1794 quo
821 1752 906 1784 sunt
938 1754 1077 1785 creata.

197 1827 223 1857 C
247 1825 304 1856 fol.
333 1823 396 1858 130
407 1826 436 1857 b.
455 1843 498 1847 —
519 1827 616 1857 Brev.
642 1836 702 1857 ms.
722 1826 909 1858 Gorziense
935 1836 1023 1858 saec.
1053 1824 1139 1858 ¹⁸!14.
1181 1826 1264 1859 eod.
1283 1826 1476 1868 Spinalien.
1501 1823 1661 1865 204497).

106 1873 140 1900 S.
167 1888 208 1891 —
236 1870 263 1908 l,
289 1868 309 1901 3
333 1871 379 1902 Et
403 1870 487 1903 haec
511 1872 594 1905 Dei:
620 1873 731 1903 Mater
756 1871 841 1903 fehlt
858 1871 891 1904 S.
916 1889 959 1893 ——-
984 1870 1014 1912 2,
1041 1870 1062 1903 4
1086 1873 1184 1904 vives
1204 1871 1239 1903 C.
1268 1889 1306 1893 --
1334 1868 1365 1910 3,
1390 1869 1412 1903 4
1437 1871 1479 1903 ad
1505 1875 1538 1903 te
1557 1873 1591 1904 S.
1619 1889 1659 1892 —

105 1915 135 1952 4,
162 1914 182 1947 2
208 1916 296 1947 Nata
322 1927 356 1947 es
382 1916 445 1949 CS.
471 1934 513 1938 —
537 1915 568 1956 4,
594 1914 615 1949 3
640 1918 690 1948 sic
716 1919 752 1948 in
777 1921 809 1949 te
835 1920 944 1959 porta.
971 1918 1010 1950 C.

484 2062 562 2097 lul.
601 2062 681 2103 (81.)
717 2062 759 2097 In
787 2063 904 2098 festis
930 2072 984 2099 ss,
1012 2062 1268 2106 Angelorum.

722 2128 762 2159 In
792 2126 819 2160 l.
849 2129 1037 2159 Nocturno.

915 2222 952 2260 3.
985 2220 1139 2257 Nullum
1172 2224 1334 2268 tempus,
1368 2219 1493 2257 nullus
1525 2219 1630 2256 locus

1042 2277 1223 2315 creatoris
1254 2277 1418 2314 omnium

986 2334 1116 2371 Laude
1148 2338 1266 2380 vacet,
1300 2335 1404 2371 cuius
1435 2343 1623 2380 nunquam

1040 2394 1162 2428 cessat
1192 2390 1427 2440 beneficium,

982 2447 1098 2485 Malis
1130 2457 1276 2494 quoque
1307 2447 1601 2495 quibuscumque

1039 2504 1150 2542 finem
1183 2515 1337 2542 servans
1368 2504 1563 2551 optimum.

914 2585 951 2623 4.
984 2584 1042 2621 Ex
1055 2595 1139 2632 quo,
1153 2594 1223 2630 per
1233 2594 1354 2632 quem,
1376 2584 1413 2620 in
1426 2593 1498 2629 quo
1511 2587 1658 2631 cuneta,

1040 2650 1177 2687 perpes
1208 2640 1281 2687 ipsi
1312 2640 1444 2688 gloria,

985 2698 1097 2735 Cuius
1126 2707 1280 2744 regnum
1311 2697 1392 2734 sine
1422 2695 1496 2732 fine

1042 2764 1157 2800 regna
1188 2753 1284 2800 regit
1313 2753 1450 2798 omnia,

984 2810 1045 2848 Ad
1077 2810 1282 2847 adventum
1314 2815 1448 2848 cuncta
1479 2820 1584 2846 suum

1042 2867 1292 2913 disponuntur
1323 2868 1486 2905 saecula.

1408 2931 1448 2966 13
