1914 3223
758 184 807 188 2-
869 161 948 202 497
1010 184 1064 188 —

126 275 193 311 21.
241 273 310 310 Est
340 278 534 311 exstructa
566 274 713 320 civitas,
944 277 1009 314 22.
1058 274 1334 314 lnenarrabilia

241 330 282 366 In
316 341 389 376 qua
419 335 475 367 est
506 330 736 377 iucunditas,
1056 332 1114 370 Ibi
1146 334 1286 372 dantur
1315 332 1467 380 gaudia,

240 387 282 424 In
314 391 390 423 tam
424 387 524 424 dulci
556 388 683 436 patria
1055 390 1157 435 Quae
1187 390 1337 436 paravit
1369 389 1551 426 Dominus

240 442 355 480 Nulla
386 449 496 480 erunt
525 444 665 492 taedia,
1057 445 1148 482 Sese
1180 445 1446 494 diligentibus;

241 499 299 536 lbi
331 500 546 550 exsultatio,
1058 501 1296 539 Festinemus
1328 503 1476 550 ingredi

241 555 297 593 Ibi
330 556 543 595 delectatio.
1060 558 1259 596 Civitatem
1292 559 1456 599 Domini.

526 650 592 688 23.
637 647 854 695 Fungamur
887 648 1032 695 exsilio,

637 705 690 744 Ut
720 714 787 741 nos
821 704 893 741 Dei
924 703 1001 741 filio

639 761 840 809 Iungamus
873 759 1038 798 feliciter

635 818 687 855 Et
717 817 1007 864 perpetualiter.

639 874 721 911 Hoc
753 874 936 912 concedat
966 874 1138 912 omnibus

642 931 885 968 Saeculorum
917 931 1103 979 dominus,

633 988 704 1032 Qui
734 998 804 1034 per
835 992 969 1024 cuncta
1000 992 1173 1035 tempora

633 1044 780 1092 Regnat
811 1055 955 1082 summa
986 1045 1119 1092 gloria.

213 1132 448 1175 Engelhardt,
481 1133 516 1165 S.
552 1131 626 1164 142.
659 1151 702 1155 —
738 1131 813 1171 10,4
847 1134 956 1166 Dolor
990 1138 1042 1166 est
1073 1135 1326 1167 aestuantibus.
1360 1153 1403 1158 ·—
1439 1132 1490 1168 12,
1517 1132 1535 1166 6
1574 1135 1692 1176 Aquas

127 1179 272 1210 intrans.
297 1195 341 1199 —
366 1176 440 1217 ‘23‚1
468 1179 657 1220 Fugiamus
683 1179 820 1211 exsilio.

304 1295 389 1348 340.
423 1312 480 1354 (3.)
514 1312 737 1356 Rhythmus
763 1313 810 1348 (ie
835 1313 1006 1348 nomino
1032 1315 1177 1349 nostro
1204 1314 1293 1349 lesu
1322 1314 1501 1350 Christo.

127 1385 162 1422 1.
210 1384 239 1422 Ο
271 1394 338 1422 rex
369 1384 444 1431 pie,
476 1395 497 1421 o
529 1384 605 1421 dux
632 1385 727 1433 viae,
947 1388 984 1424 5.
1032 1385 1089 1422 Tu
1120 1386 1287 1423 solamen
1319 1395 1354 1423 et
1386 1386 1556 1423 levamen

268 1441 355 1478 Iesu
383 1440 544 1485 Christe,
577 1441 730 1488 optime,
1088 1442 1163 1479 Pro
1195 1447 1232 1479 te
1262 1442 1547 1487 tribulantibus,

211 1496 390 1534 Nostrum
409 1497 713 1535 chorumlaudes
730 1509 874 1536 morum
1031 1499 1133 1537 Onus
1165 1500 1248 1537 leve
1278 1500 1388 1537 huius
1419 1510 1532 1537 suave

267 1553 371 1591 Doce
401 1554 471 1591 tibi
502 1565 689 1602 promere.
1087 1556 1190 1593 Bene
1219 1556 1494 1596 laborantibus,

127 1634 163 1671 2.
214 1634 265 1672 Ut
298 1634 505 1670 concordes
537 1634 672 1671 mentis
703 1634 835 1672 sordes
946 1636 984 1674 6.
1032 1635 1123 1672 Flos
1154 1636 1321 1683 virtutis,
1354 1646 1440 1682 spes
1472 1635 1621 1682 salutis,

267 1690 346 1727 Tua
378 1700 449 1737 ope
481 1691 621 1728 caelica
1086 1692 1220 1729 Honor
1249 1691 1465 1738 ineffabilis,

210 1747 466 1793 Espurgemus
498 1752 535 1784 et.
565 1747 788 1784 mundemus
1032 1749 1294 1798 Pulchritudo,
1328 1749 1544 1786 sanctitudo

268 1803 405 1841 Cordis
437 1803 556 1841 nostri
587 1804 732 1842 intima.
1089 1805 1160 1842 Est
1191 1805 1503 1843 inaestimabilis:

128 1884 165 1921 3.
213 1883 265 1921 Ut
296 1883 503 1929 psallamus
535 1886 572 1918 et
603 1894 781 1920 vovamus
951 1885 987 1922 7.
1033 1884 1087 1921 Te
1116 1884 1223 1921 sitire
1255 1888 1292 1921 et
1323 1889 1360 1921 te
1391 1884 1489 1922 scire

273 1939 369 1976 Vota
399 1943 530 1976 nostra
560 1939 739 1989 pleniter,
1089 1942 1168 1978 Fac
1197 1952 1266 1979 nos
1297 1941 1335 1979 in
1366 1941 1438 1979 hac
1468 1941 1618 1988 nebula,

211 1996 287 2043 Spe
317 1996 478 2045 sincera,
511 1995 591 2033 vita
621 2006 713 2033 vera
1033 1997 1095 2035 Sic
1127 2008 1333 2047 curramus,
1367 2004 1408 2035 ut
1437 2008 1660 2045 spernamus

268 2053 322 2090 Te
354 2053 520 2090 colentes
550 2053 702 2100 iugiter.
1088 2054 1226 2092 Mundi
1256 2055 1365 2092 huius
1396 2054 1560 2097 flamina,

126 2140 166 2178 4.
212 2138 281 2180 Tu,
314 2136 398 2175 fons
430 2137 530 2175 vitae
560 2148 717 2175 manans
749 2138 821 2175 rite
944 2137 983 2177 8.
1030 2139 1081 2177 Ut
1112 2149 1243 2177 secure
1274 2140 1357 2177 viae
1389 2140 1507 2178 durae

269 2195 312 2232 In
343 2198 505 2242 purgata
536 2199 704 2244 pectora,
1088 2196 1319 2242 Linquamus
1351 2197 1522 2243 pericula

212 2251 327 2298 Rigas
359 2255 522 2288 mentem
554 2251 745 2288 sitientem
1032 2252 1082 2289 Et
1114 2263 1199 2289 mox
1231 2253 1329 2290 laete
1360 2265 1404 2291 ac
1435 2254 1559 2301 quiete

270 2307 409 2345 Sancta
439 2319 509 2355 per
540 2308 781 2346 charismata.
1088 2309 1193 2347 Caeli
1226 2309 1342 2347 dones
1374 2311 1557 2357 praemia.

224 2391 453 2434 Engelhardt‚
479 2403 511 2434 p.
540 2390 614 2424 147.
640 2409 684 2413 —
708 2390 739 2430 3,
766 2390 786 2424 2
813 2393 974 2434 plenitus.
1006 2411 1046 2415 —
1073 2390 1105 2431 3,
1130 2391 1152 2424 4
1177 2394 1319 2435 iugitus.
1345 2411 1386 2415 -
1413 2392 1444 2432 5,
1470 2392 1697 2436 3jedeufa11s

135 2438 314 2477 verderbt3
341 2437 405 2469 lies
432 2437 613 2469 vielleicht
638 2437 733 2469 Onus
761 2448 866 2480 grave
891 2438 945 2469 fac
971 2448 1077 2470 suave
1103 2438 1186 2470 oder
1210 2438 1401 2471 iihnliches.

429 2570 511 2607 341.
548 2572 606 2613 (4.)
643 2571 866 2616 Rhythmus
892 2572 939 2607 de
967 2572 1102 2607 Monte
1131 2572 1391 2609 Hohenburc.

780 2628 978 2673 (Appendix
1003 2632 1047 2669 1).

135 2712 170 2750 1.
218 2708 307 2748 Hoc
337 2711 375 2747 in
408 2716 533 2749 monte
564 2712 649 2749 vivo
680 2711 784 2750 fonte
950 2713 987 2750 2.
1034 2710 1179 2750 Nectar
1213 2713 1355 2750 clarum
1387 2713 1641 2761 scriptuarum

274 2769 459 2806 Potantur
489 2769 672 2817 oviculae,
1097 2769 1233 2806 Potant
1262 2769 1487 2819 liberaliter,

215 2822 331 2861 Esum
364 2825 464 2861 vitae
495 2825 575 2862 sine
601 2826 668 2862 lite
1038 2824 1194 2873 Bibant,
1228 2826 1372 2873 bibant,
1406 2827 1547 2874 vivant,
1573 2829 1700 2866 vivant

277 2879 505 2927 Congestant
535 2882 722 2929 apiculae.
1092 2882 1229 2920 Omnes
1260 2884 1517 2922 aeternaliter.

199 2948 346 2975 Dreves
356 2971 362 2982 ,
390 2949 595 2977 Lateinische
615 2949 905 2984 Hymnendichter.
945 2950 988 2977 11.
1450 2948 1494 2982 32
