2031 3289
898 200 1208 240 —612—

274 320 436 351 pressura
460 311 500 342 L.
525 327 568 334 -—
593 309 646 349 24,
673 309 692 342 7
718 312 804 344 Cum
825 311 1004 354 diligentis
1029 314 1134 345 fuerit
1156 313 1232 353 AC,
1257 314 1344 346 Cum
1368 313 1530 356 diligenti
1546 315 1660 346 fuerat
1674 315 1722 355 E,
1750 315 1837 347 Cum

275 355 404 387 dilecta
426 356 531 387 fuerit
547 356 594 396 B,
613 354 676 388 Cui
694 357 843 398 diligens
860 358 966 389 fuerit
981 358 1048 398 DI,
1075 358 1161 391 Cum
1177 359 1220 391 de
1239 359 1317 400 ipsa
1334 358 1438 390 fuerit
1453 360 1494 390 L.
1511 376 1555 381 —
1572 357 1626 398 24,
1643 357 1664 391 8
1680 363 1778 392 tanta
1793 361 1837 393 de

276 410 312 431 se
329 410 413 432 cura
430 402 482 441 H,
508 401 550 432 de
566 404 601 433 te
625 405 723 433 tanta
740 402 784 441 G,
812 402 854 434 de
879 413 932 434 me
956 406 1054 435 tanta
1071 403 1114 442 F,
1140 403 1193 435 illi
1218 406 1318 435 tanta
1333 404 1373 435 L.
1391 420 1434 425 —
1452 403 1519 435 Str.
1538 401 1581 436 25
1598 404 1684 436 fehlt
1699 405 1774 437 AD.
1792 421 1837 428 --

279 443 335 481 25,
365 445 380 477 1
400 445 554 477 diluculo
573 446 610 478 C.
635 465 677 469 —-
706 445 759 484 25,
786 445 806 478 2
831 449 944 490 pergit
967 448 1166 480 meditando
1184 450 1224 480 L.
1249 466 1294 470 —
1318 446 1373 486 25,
1398 446 1420 480 4
1446 449 1614 481 elevando
1631 450 1668 481 F.
1685 467 1729 472 —
1746 448 1801 489 26,
1820 448 1837 482 1

276 491 371 521 Hinc
396 490 560 532 liquescit
584 492 636 525 D,
662 492 721 524 Sic
746 492 909 534 liquescit
932 493 972 524 L.
997 510 1043 514 —
1068 491 1122 532 26,
1146 491 1169 524 4
1193 497 1344 525 actorem
1368 493 1410 524 E.
1435 511 1480 515 —
1504 491 1557 533 26,
1583 493 1603 526 5
1628 495 1835 537 Vagientem

275 535 460 576 parvulum
492 536 754 569 ACDEHILM.
780 554 820 558 —
849 535 903 575 27,
931 538 947 569 1
974 538 1116 570 clamita
1140 540 1180 571 L.
1206 556 1250 560 ——
1275 536 1328 576 27,
1354 536 1375 569 2
1399 539 1534 571 Diffons
1558 541 1700 581 pietatis
1725 540 1766 572 A.
1791 557 1835 562 —

276 579 329 617 27,
364 578 384 612 5
418 582 503 620 Quis
536 581 602 613 tibi
635 581 792 613 ABCEI:
827 583 914 622 Quis
945 587 978 615 te
1010 584 1053 615 D.
1086 602 1129 606 ——
1163 582 1216 621 27,
1243 583 1262 615 7
1288 584 1398 615 Nobis
1423 585 1493 616 nisi
1517 584 1702 617 vehemens
1727 586 1767 617 L.
1792 602 1836 608 —

275 622 328 664 28,
359 623 373 656 1
400 626 537 667 Dignus
563 626 600 658 C.
627 646 669 649 —
694 624 747 663 28,
775 625 795 659 2
819 627 876 658 hic
901 638 998 660 amor
1023 629 1127 660 CDE.
1144 648 1189 652 —
1207 626 1260 665 28,
1278 626 1299 661 3
1316 629 1383 660 Per
1403 639 1507 670 quam
1524 633 1646 670 sponte
1665 631 1836 662 Dominus

274 670 316 701 L.
350 687 395 691 —
423 669 475 707 28,
501 670 523 702 4
556 681 606 713 sq.
633 671 703 703 und
727 670 748 703 5
773 683 824 714 sq.
849 674 1049 715 umgestellt
1073 674 1110 706 C.
1137 692 1168 696 —
1204 672 1258 712 28,
1283 672 1304 705 4
1329 677 1381 705 est
1404 674 1578 706 caelorum
1603 675 1642 707 L.
1668 692 1710 697 ——
1736 673 1790 715 28,
1815 674 1836 708 5

277 716 357 747 Suis
391 717 522 747 sanctis
556 716 591 747 C.
627 734 669 738 -
699 714 752 754 29,
781 716 797 748 1
824 718 886 750 Pie
912 718 1022 750 dulcis
1050 719 1092 750 D.
1119 738 1156 742 —
1185 717 1239 758 29,
1265 716 1286 750 2
1310 720 1389 750 Iesu
1415 720 1490 750 sine
1515 720 1555 751 L.
1580 736 1623 741 —
1652 717 1707 758 29,
1732 719 1754 752 4
1779 722 1836 753 cui

275 771 368 791 nunc
401 761 446 792 D.
477 777 521 782 —-
553 758 607 799 29,
641 759 662 793 5
694 763 832 801 Manus,
866 764 970 805 pedes
1002 765 1048 795 H.
1081 781 1123 786 ——
1159 762 1211 802 29,
1239 763 1259 796 6
1287 765 1424 796 flentem
1449 765 1630 797 consolare
1654 766 1767 798 FHM.
1791 783 1837 787 —

277 803 329 845 29,
358 804 376 836 7
401 806 487 837 Tuis
515 810 547 838 et
572 807 751 849 obsequiis
776 808 816 839 L.
842 826 884 830 —-
910 806 964 846 29,
989 807 1010 840 8
1035 809 1138 850 digne
1164 811 1362 851 mancipare
1387 810 1426 841 L.
1451 827 1497 830 —
1520 807 1575 849 30,
1603 809 1618 841 1
1640 811 1730 848 Heu,
1757 811 1834 849 heu,

272 860 333 881 cur
364 861 433 882 non
469 851 520 889 H,
554 853 631 884 Heu
665 863 725 884 cur
757 863 810 884 ine
844 854 885 885 D.
914 871 952 875 —
988 852 1041 892 30,
1068 853 1089 886 3
1122 865 1264 896 puerum
1290 854 1336 885 H.
1364 873 1407 877 —
1440 852 1493 890 30,
1519 853 1541 886 4
1573 859 1607 886 et
1631 866 1709 887 cum
1732 857 1835 888 flente

272 895 354 926 flere
379 896 533 938 FHKM,
567 897 763 940 blandaque
797 902 914 931 tenere
947 900 987 931 L.
1021 916 1062 921 —
1096 898 1151 938 30,
1176 898 1196 931 5
1228 900 1326 931 Illius
1360 902 1455 930 artus
1481 900 1531 939 D,
1565 904 1700 932 teneres
1724 901 1770 932 E..
1791 919 1835 922 —

272 938 325 979 30,
357 938 377 972 6
409 941 592 974 confovere
625 943 708 974 HM.
744 962 786 966 —
819 941 874 981 31,
902 943 916 975 1
943 945 1033 976 Puto
1059 946 1138 986 pius
1162 945 1339 976 FHKLM.
1366 963 1407 967 ——
1433 942 1488 982 31,
1513 943 1534 976 2
1559 945 1645 977 haec
1669 947 1834 978 FHIKM.

272 1003 314 1007 —-
349 983 404 1024 31,
431 984 452 1018 3
485 997 536 1028 sq.
561 988 632 1019 und
664 986 684 1019 5
714 999 764 1030 sq.
790 990 990 1030 umgestellt
1015 990 1178 1021 FHILM.
1204 1007 1248 1011 --
1272 987 1327 1028 31,
1351 988 1373 1021 4
1398 990 1544 1021 forsitan
1569 991 1696 1022 rideret
1721 991 1765 1023 H.
1789 1009 1835 1014 —

271 1028 326 1069 31,
352 1030 372 1063 7
398 1032 446 1063 Et
469 1033 629 1073 peccanti
655 1035 793 1065 veniam
820 1035 857 1066 F.
882 1052 928 1056 —
950 1032 1004 1073 31,
1030 1033 1051 1067 8
1075 1035 1242 1066 facillime
1267 1035 1400 1066 faveret
1424 1035 1501 1072 BE,
1528 1036 1629 1068 facile
1653 1037 1836 1077 praeberet

272 1077 348 1107 HL.
380 1094 424 1097 —
455 1074 510 1113 32,
544 1077 564 1110 6
598 1079 704 1110 semel
738 1079 930 1120 amplexari
963 1081 1008 1111 H.
1034 1097 1077 1102 -—
1103 1078 1156 1120 32,
1183 1079 1202 1111 7
1230 1080 1334 1121 pedes
1360 1081 1414 1111 sui
1439 1081 1577 1120 parvuli
1601 1082 1642 1113 L.
1666 1098 1711 1102 —
1734 1079 1789 1121 32,
1813 1080 1834 1115 8

271 1121 381 1153 locari
414 1122 455 1153 E.
490 1140 532 1144 ——
568 1120 622 1162 33,
658 1121 673 1154 1
709 1134 758 1166 sq.
793 1125 863 1156 und
893 1122 915 1156 3
945 1135 994 1167 sq.
1020 1126 1219 1168 umgestellt
1245 1125 1318 1156 ΡΗ.
1343 1142 1386 1169 7-
1413 1123 1467 1163 33,
1495 1123 1511 1156 1
1539 1126 1568 1157 O
1593 1136 1696 1167 quam
1721 1127 1833 1160 libens

272 1167 435 1198 balneum
470 1167 597 1207 FGIK,
629 1169 677 1200 Et
709 1180 812 1211 quam
844 1170 958 1202 libens
987 1171 1150 1203 balneum
1174 1172 1220 1202 H.
1245 1189 1290 1193 —-
1315 1167 1368 1210 33,
1395 1168 1415 1201 3
1439 1169 1582 1210 humero
1609 1170 1687 1211 CD,
1720 1172 1834 1205 libens

272 1211 415 1243 humilis
454 1212 507 1251 H,
546 1213 659 1251 Quam
692 1215 806 1246 libens
832 1217 869 1246 in
901 1215 1054 1248 humeris
1086 1217 1133 1248 M.
1166 1233 1211 1236 ——
1243 1212 1304 1254 33,
1336 1213 1357 1247 5
1387 1216 1428 1246 In
1460 1215 1526 1247 hoc
1558 1216 1670 1248 libens
1702 1217 1834 1260 virgini

271 1257 455 1297 FGHKM,
493 1258 521 1289 Ο
555 1269 659 1300 quam
692 1261 795 1292 matri
828 1261 864 1291 L.
890 1277 933 1281 —
958 1259 1012 1298 33,
1040 1260 1059 1292 7
1083 1261 1331 1302 Pannulosque
1357 1261 1495 1302 parvuli
1520 1262 1573 1300 H,
1599 1261 1756 1303 Eiusque
1781 1264 1834 1295 in-

271 1302 397 1334 fantuli
422 1303 471 1341 L,
500 1303 550 1335 Ut
575 1305 625 1335 sic
650 1306 783 1337 tristem
811 1307 965 1338 animum
982 1307 1019 1338 F.
1045 1324 1086 1328 —
1106 1304 1161 1344 33,
1178 1304 1199 1337 8
1216 1305 1387 1347 pannulos
1405 1306 1577 1338 levassem
1592 1307 1643 1346 G,
1669 1309 1833 1349 pauperis

270 1345 434 1379 lavissem
461 1349 512 1388 H,
540 1360 652 1381 meum
678 1360 886 1383 recreassem
913 1353 950 1384 F.
976 1369 1018 1373 -
1044 1349 1099 1390 34,
1124 1348 1145 1383 3
1170 1352 1418 1392 parsimoniam
1443 1352 1484 1383 L.
1509 1368 1553 1372 -—
1577 1349 1632 1391 34,
1658 1350 1677 1383 7
1702 1353 1833 1385 saeculi

271 1393 358 1424 fehlt
381 1394 433 1426 M:
469 1395 608 1426 saeculo
642 1397 687 1427 H.
713 1413 757 1417 —
788 1394 840 1436 35,
875 1394 895 1428 2
927 1397 1112 1429 retexendo
1138 1397 1316 1429 FGHKM.
1343 1413 1384 1417 —
1411 1394 1463 1431 35,
1490 1394 1511 1428 3
1536 1398 1668 1438 primae
1693 1401 1832 1430 strenue

274 1439 313 1468 A.
339 1455 383 1461 ν-
408 1436 462 1476 35,
488 1437 508 1470 6
534 1440 745 1472 revolvendo
771 1443 810 1473 L.
839 1459 878 1463 —
905 1440 959 1480 35,
985 1441 1007 1474 4
1032 1443 1205 1474 canticum
1231 1442 1412 1483 psallendo
1437 1442 1483 1481 A,
1511 1445 1650 1474 strenue
1675 1444 1829 1475 canendo

270 1483 335 1514 IM.
360 1500 404 1504 —
431 1482 485 1519 35,
513 1483 531 1515 7
558 1486 733 1525 Quantum
758 1488 822 1526 FI,
849 1487 1008 1520 Christus
1030 1487 1174 1529 pertulit
1190 1488 1228 1518 L.
1250 1504 1289 1509 —
1313 1485 1366 1524 35,
1384 1485 1405 1518 8
1422 1486 1596 1518 hominem
1616 1487 1658 1527 C,
1685 1489 1833 1530 populos

273 1528 427 1560 docendo
453 1529 493 1560 A.
517 1547 562 1551 —-
586 1528 640 1570 36,
670 1530 685 1562 l
711 1533 836 1564 recitat
862 1533 1067 1572 FGHIKM,
1093 1532 1240 1574 replicat
1264 1533 1304 1564 L.
1329 1549 1373 1553 —
1397 1530 1451 1570 36,
1475 1530 1498 1563 4
1515 1538 1549 1563 et
1572 1532 1710 1564 dolores
1734 1535 1775 1565 L.
1793 1551 1836 1556 -

273 1572 327 1612 36,
359 1572 379 1605 5
413 1574 597 1617 dignanter
627 1586 752 1618 passus
786 1582 838 1609 est
862 1578 901 1609 L.
928 1596 969 1601 -—
995 1576 1050 1615 36,
1077 1575 1097 1610 8
1123 1577 1307 1610 emendare
1331 1578 1370 1609 L.
1396 1594 1441 1598 —
1464 1574 1519 1615 37,
1547 1575 1563 1608 1
1589 1578 1672 1609 Mox
1697 1579 1836 1611 illorum

273 1619 426 1650 fascibus
458 1619 634 1662 ABCDE,
670 1622 809 1654 illorum
842 1623 976 1655 facibus
1006 1624 1033 1655 I.
1058 1640 1103 1644 —
1127 1620 1180 1660 37,
1205 1620 1228 1653 4
1251 1626 1366 1654 mente
1392 1622 1579 1654 sublimata
1605 1624 1642 1654 L.
1667 1640 1712 1644 —
1736 1622 1791 1663 37,
1815 1623 1836 1656 6

273 1665 372 1695 cuius
406 1666 465 1696 via
498 1665 569 1698 lata
601 1668 672 1698 FK.
706 1686 749 1690 —
781 1666 835 1705 37,
862 1667 880 1699 7
914 1669 958 1700 Ei
984 1669 1073 1700 foret
1097 1667 1228 1700 saeculi
1254 1668 1297 1708 C,
1330 1668 1377 1699 Et
1401 1668 1506 1700 foetet
1531 1668 1660 1700 saeculi
1687 1669 1736 1707 D;
1770 1670 1837 1702 Cui

271 1710 379 1741 foetet
404 1710 580 1743 saeculum
606 1713 677 1744 ΕΚ.
703 1731 746 1735 —
774 1711 827 1754 37,
853 1711 873 1745 8
899 1715 949 1745 sic
974 1718 1025 1745 est
1051 1714 1125 1745 Deo
1150 1713 1231 1744 data
1256 1709 1285 1744 I.
1311 1730 1355 1735 —
1379 1711 1433 1751 38,
1460 1711 1476 1744 1
1503 1713 1654 1745 Domino
1676 1715 1836 1756 CDEIL,

215 1760 219 1762 “
270 1755 444 1786 Dominus
477 1756 517 1788 G.
548 1774 593 1778 —
625 1755 678 1795 38,
713 1756 734 1790 3
767 1759 796 1790 O
833 1759 988 1791 exsulum
1023 1759 1065 1790 E.
1099 1776 1144 1780 —
1173 1755 1225 1796 38,
1260 1757 1280 1789 5
1306 1759 1420 1799 Atque
1447 1759 1699 1800 paenitentiuin
1725 1761 1765 1791 L.
1790 1778 1835 1782 —

269 1797 323 1837 39,
359 1798 373 1831 1
410 1801 507 1832 Iusta
541 1802 650 1844 EFG,
684 1804 781 1835 Iusta
814 1814 936 1844 nempe
969 1805 1015 1843 L,
1050 1805 1137 1835 Iusti
1171 1804 1230 1834 HI.
1257 1823 1299 1826 —
1324 1801 1379 1842 39,
1405 1802 1425 1834 2
1449 1805 1544 1835 vitae
1569 1807 1622 1835 est
1645 1805 1691 1844 F,
1716 1806 1774 1836 via
1799 1816 1835 1838 es

266 1845 322 1884 M,
357 1850 393 1877 tu
428 1857 464 1877 es
499 1850 532 1878 et
563 1848 722 1880 doctrina
755 1850 782 1880 Ι.
816 1868 859 1872 —
892 1848 947 1887 39,
971 1848 992 1881 3
1019 1849 1223 1880 Sanctitatis
1250 1849 1428 1890 speculum
1452 1850 1492 1880 L.
1517 1867 1560 1871 —
1585 1846 1648 1888 39,
1679 1848 1701 1880 4
1724 1850 1836 1882 Menti

268 1890 457 1932 disciplina
482 1892 529 1924 F:
555 1894 654 1924 Mitis
680 1893 867 1935 disciplina
891 1895 976 1930 GH,
1012 1895 1090 1926 Miti
1116 1893 1304 1935 disciplina
1328 1895 1381 1928 M:
1407 1896 1501 1926 vitae
1527 1894 1699 1926 medicina
1723 1896 1766 1927 D.
1790 1913 1836 1918 -—

266 1934 320 1975 39,
356 1934 376 1967 5
411 1947 452 1968 ac
482 1938 522 1968 L.
555 1955 597 1960 —
632 1937 685 1977 40,
725 1939 739 1970 1
774 1940 876 1971 Prius
911 1941 946 1971 in
979 1940 1045 1971 hoc
1073 1940 1149 1972 GH.
1175 1956 1221 1960 —-
1252 1937 1306 1978 40,
1333 1937 1354 1970 3
1378 1940 1580 1971 Instaurare
1605 1938 1647 1977 C,
1674 1940 1847 1972 Docuisti

267 1991 434 2022 quaerere
461 1983 501 2014 G.
527 2001 572 2004 —
595 1982 650 2022 40,
676 1982 698 2015 4
724 1986 836 2017 Doces
862 1985 942 2024 BE,
969 1986 1001 2016 ei
1023 1985 1134 2016 solam
1159 1984 1242 2023 GH,
1269 1985 1394 2016 stolam
1419 1986 1459 2017 L.
1486 2003 1530 2007 —
1547 1982 1601 2022 41,
1619 1983 1640 2016 2
1656 1985 1836 2018 deridebat

266 2027 347 2066 GL,
375 2027 586 2060 abhorrebat
610 2029 646 2060 F.
673 2047 717 2051 —
742 2028 795 2067 41,
823 2028 844 2062 3
869 2031 1045 2072 Spernans
1063 2031 1104 2063 G.
1129 2047 1173 2051 ——-
1197 2027 1251 2065 41,
1277 2028 1297 2061 6
1321 2031 1433 2061 vicem
1451 2030 1488 2061 F.
1513 2049 1555 2052 —
1573 2028 1628 2066 41,
1645 2028 1666 2061 8
1685 2033 1834 2064 remitte·

268 2072 329 2103 bat
361 2073 438 2104 GH.
473 2089 517 2094 —
549 2072 603 2112 42,
633 2073 648 2105 1
685 2076 820 2117 Quippe
853 2077 905 2107 tui
930 2075 1009 2115 AB,
1044 2076 1181 2117 Quippe
1206 2076 1270 2107 tibi
1295 2075 1401 2107 CGH.
1426 2092 1471 2096 —
1494 2072 1548 2113 42,
1575 2073 1596 2106 3
1621 2075 1833 2109 Desiderans

267 2117 368 2159 diligi
394 2118 484 2149 ΒΕΙ.
512 2136 554 2141 —
579 2117 632 2159 42,
660 2118 680 2151 5
706 2120 822 2152 Verba
849 2125 882 2152 et
906 2131 976 2152 non
1000 2121 1146 2152 verbera
1172 2120 1209 2152 C.
1234 2136 1278 2142 -
1308 2118 1364 2158 42,
1389 2119 1408 2151 7
1433 2120 1547 2152 voluit
1570 2120 1651 2159 DG,
1686 2131 1834 2154 renuens

266 2162 306 2193 L.
332 2180 376 2183 —
406 2163 504 2195 Nach
531 2164 597 2196 Str.
623 2163 667 2196 42
688 2165 775 2207 folgt
800 2167 834 2197 in
859 2167 890 2197 D
917 2165 984 2197 Str.
1010 2165 1063 2200 59..
1091 2183 1134 2187 —
1159 2162 1213 2204 43,
1243 2164 1257 2197 1
1285 2166 1384 2197 Haec
1408 2167 1444 2196 in
1468 2165 1550 2203 FM,
1578 2166 1636 2198 Sic
1661 2167 1698 2197 in
1721 2166 1763 2199 G.
1794 2184 1832 2189 —-

264 2205 319 2244 43,
347 2206 368 2238 2
393 2210 501 2240 movit
527 2210 563 2241 F.
590 2227 634 2231 —
658 2207 712 2248 43,
739 2209 760 2242 3
787 2213 926 2251 Quanta
955 2213 1000 2243 sit
1024 2213 1057 2243 H
1078 2222 1086 2249 ,
1113 2212 1187 2243 eius
1213 2212 1325 2252 pietas
1350 2211 1421 2242 BE.
1447 2227 1490 2232 —
1514 2208 1569 2249 43,
1587 2207 1608 2242 3
1627 2221 1678 2250 sq.
1700 2212 1848 2251 scilicet>

266 2254 378 2294 pietas
413 2254 452 2285 G.
488 2271 532 2276 —
562 2252 617 2294 43,
651 2254 673 2287 4
707 2256 843 2288 scilicet
876 2258 1045 2288 immensa
1078 2257 1158 2295 ΡΜ,
1196 2257 1336 2288 bonitas
1370 2257 1537 2287 immensa
1570 2257 1616 2287 H.
1648 2273 1692 2277 —
1724 2254 1779 2295 43,
1812 2256 1833 2289 5

268 2300 374 2329 sentit
398 2299 445 2339 E,
479 2301 555 2331 Hoc
589 2302 699 2332 sensit
723 2302 930 2340 Magdalene
963 2302 1002 2333 L.
1027 2319 1072 2323 —-
1103 2299 1158 2338 43,
1187 2300 1207 2333 6
1237 2303 1322 2338 Cum
1348 2302 1379 2333 ei
1405 2302 1444 2333 L.
1470 2318 1515 2322 —
1538 2298 1593 2338 43,
1618 2299 1637 2332 7
1664 2305 1697 2333 et
1720 2304 1834 2344 gratia

267 2344 303 2375 C.
329 2361 373 2364 —
398 2342 452 2382 44,
483 2344 497 2375 1
525 2345 572 2376 Et
597 2346 679 2387 quid
706 2346 1056 2396 13CDEGH1151:«Et
1081 2347 1165 2388 quid
1190 2341 1293 2388 plur&
1316 2347 1559 2404 123QQ111tq111t
1585 2346 1693 2378 multa
1717 2347 1833 2380 dicere

265 2389 302 2419 F.
330 2406 373 2409 —
397 2387 452 2423 44,
478 2388 499 2421 2
525 2395 695 2433 quotquot
720 2393 789 2423 sint
814 2392 858 2430 F,
891 2388 1060 2434 quidq·1ffd
1088 2393 1159 2423 sint
1185 2393 1303 2423 secuti*
1320 2392 1361 2424 G.
1385 2409 1430 2413 —
1461 2390 1516 2429 44,
1547 2389 1569 2423 3
1600 2395 1697 2423 tuum
1723 2394 1832 2435 magi-

265 2435 410 2465 sterium
435 2436 476 2466 L.
503 2452 543 2456 —
565 2435 619 2474 44,
640 2436 661 2468 4
686 2446 705 2468 a
732 2438 805 2468 suis
832 2438 982 2469 absoluti
1002 2438 1047 2475 G,
1075 2447 1095 2468 a
1116 2439 1188 2468 suis
1206 2437 1331 2469 imbuti
1349 2437 1392 2468 D.
1409 2454 1451 2458 —
1470 2434 1526 2475 44,
1543 2435 1564 2468 5
1581 2440 1661 2468 sunt
1677 2439 1832 2470 moribus

264 2479 379 2510 GHM.
414 2497 458 2502 —
490 2479 546 2519 44,
580 2482 600 2513 6
633 2483 789 2513 moribus
823 2483 938 2522 induti
968 2483 1019 2521 D,
1054 2484 1195 2523 optimis
1229 2482 1353 2513 imbuti
1387 2482 1501 2514 GHM.
1529 2480 1645 2520 —45,
1672 2481 1688 2513 1
1719 2483 1831 2522 Quam

265 2524 348 2555 felix
383 2527 438 2556 cui
472 2527 512 2558 L.
547 2543 588 2548 —
622 2525 676 2564 45,
702 2525 723 2558 3
757 2524 966 2560 Conservari
995 2529 1036 2561 G.
1063 2545 1102 2549 —
1131 2526 1185 2566 45,
1210 2526 1230 2559 5
1257 2527 1418 2559 caelestis
1444 2527 1491 2565 E,
1517 2537 1663 2569 suggere
1689 2528 1761 2560 CD.
1786 2545 1830 2550 —

263 2568 316 2607 45,
352 2568 371 2600 7
396 2571 529 2612 Pompa
563 2572 681 2603 mundi
716 2573 798 2603 vilis
833 2577 884 2604 est
923 2575 961 2605 L.
988 2590 1031 2595 —
1056 2571 1112 2610 45,
1137 2575 1157 2604 8
1183 2577 1263 2604 sunt
1287 2572 1478 2611 dolorevG,
1505 2572 1676 2613 plenaque
1701 2573 1830 2606 foetore

268 2615 308 2645 L.
335 2635 376 2638 —
401 2615 455 2655 47,
486 2616 500 2648 1
529 2618 602 2653 Oci,
629 2619 680 2649 oci
707 2618 865 2649 clamitat
890 2619 926 2650 F.
954 2636 996 2639 ——
1021 2617 1074 2653 47,
1101 2616 1122 2649 2
1148 2619 1265 2649 anima
1291 2619 1325 2648 in
1353 2605 1480 2648 hocff‘.
1506 2634 1548 2639 —
1570 2616 1626 2656 47,
1642 2616 1663 2649 3
1682 2617 1830 2651 fundans

265 2660 306 2690 Ε.
335 2678 375 2682 -
401 2659 455 2700 47,
482 2662 502 2694 6
528 2672 605 2694 cum
631 2673 756 2705 magno
784 2663 1007 2695 ABCDEIL:
1035 2663 1128 2694 dulci
1156 2673 1217 2704 pro
1244 2663 1363 2704 palatu
1389 2663 1425 2694 F.
1454 2680 1493 2683 —
1519 2660 1573 2699 47,
1601 2661 1620 2694 7
1646 2663 1748 2695 Illum
1770 2666 1830 2706 qui

265 2710 315 2736 t‹›t
340 2706 379 2737 L.
405 2724 448 2729 --
473 2705 527 2745 47,
554 2705 574 2739 8
600 2718 740 2749 prorsus
766 2709 813 2747 L;
840 2719 900 2750 pro
927 2719 989 2740 suo
1017 2708 1209 2740 ABCDEI:
1236 2719 1296 2749 pro
1322 2712 1440 2739 nostro
1465 2709 1503 2739 F.
1528 2725 1572 2729 -—
1590 2710 1658 2741 Str.
1683 2706 1728 2740 48
1743 2709 1831 2742 fehlt

265 2751 308 2781 H.
334 2768 378 2773 —-
402 2750 456 2789 48,
486 2751 501 2784 1
530 2763 615 2794 pura
642 2764 737 2784 mens
763 2754 809 2785 M.
835 2771 876 2774 ——
903 2752 956 2790 48,
983 2753 1004 2785 4
1029 2764 1105 2785 cum
1131 2754 1227 2784 calor
1252 2753 1436 2785 ABCDEI.
1465 2770 1506 2774 —
1532 2751 1586 2791 48,
1612 2754 1632 2786 6
1658 2756 1731 2786 vita
1754 2765 1829 2796 per-

265 2796 396 2827 furatur
429 2797 469 2828 Ε.
503 2816 547 2820 —
579 2798 633 2835 48,
659 2797 678 2830 7
713 2799 771 2830 Sic
804 2799 847 2830 ab
883 2799 943 2830 illa
970 2800 1002 2832 1:
1037 2799 1080 2830 ab
1115 2799 1175 2829 illo
1212 2800 1251 2831 G.
1286 2816 1330 2820 —
1361 2796 1415 2833 48,
1440 2796 1461 2830 8
1494 2802 1695 2830 remmtetur
1718 2800 1759 2832 G.
1785 2817 1828 2822 —

264 2839 316 2870 420.
353 2839 365 2871 1
397 2843 528 2883 respice
554 2845 592 2875 L.
620 2861 664 2865 --
697 2842 750 2878 45),
777 2842 797 2875 5
823 2845 1026 2875 verberibus
1051 2844 1097 2875 M.
1127 2861 1164 2865 —
1192 2843 1246 2882 49,
1273 2844 1292 2875 6
1319 2844 1529 2885 perforatum
1555 2844 1632 2875 LM.
1657 2861 1700 2865 —
1724 2843 1782 2883 49,
1808 2844 1827 2877 7

264 2885 341 2916 loca
375 2887 518 2918 laterum
553 2889 606 2920 M:
641 2889 793 2921 lacerum
828 2890 903 2929 FG,
937 2891 987 2921 Ac
1012 2900 1072 2930 per
1096 2893 1221 2921 cuncta
1245 2890 1400 2930 corporis
1427 2889 1466 2920 L.
1494 2908 1535 2912 —
1560 2886 1614 2921 49,
1640 2886 1660 2920 8
1685 2889 1827 2928 fossum,

264 2935 480 2963 cruentatum
506 2933 688 2967 FGIIKM,
716 2934 792 2966 loca
817 2938 1033 2966 cruentatum
1059 2935 1097 2965 L.
1124 2952 1165 2955 -—
1192 2936 1259 2967 Str.
1285 2933 1328 2966 50
1354 2933 1437 2966 fehlt
1463 2934 1502 2966 G.
1528 2951 1571 2955 —
1597 2932 1650 2973 50,
1684 2934 1698 2966 l
1727 2935 1828 2968 Nunc
