1914 3223
718 177 995 216 *35-

99 290 137 328 3.
169 288 316 336 Dulcis,
347 292 512 335 sacrata,
544 288 698 334 blanda,
914 292 950 328 6.
983 290 1168 327 Accedite
1200 300 1289 337 ergo
1321 290 1425 338 digni

165 345 312 388 Electa,
344 356 454 394 pura,
486 346 659 393 pulchra,
986 347 1047 385 Ad
1079 347 1239 393 gratiam
1272 347 1428 394 lavacri,

167 401 316 439 Sudans
346 402 488 439 honore
518 403 646 450 mella,
986 404 1066 449 Quo
1097 402 1207 440 fonte
1234 405 1396 441 recreati

164 457 307 506 Rigans
338 459 456 496 odore
487 458 662 509 chrisma,
984 458 1219 508 Refulgeatis
1250 460 1350 508 agni,

92 555 130 593 4.
164 553 207 590 In
239 564 312 600 qua
342 554 564 602 redemptor
593 554 696 592 orbis
914 556 949 595 7.
982 555 1056 592 Hic
1086 566 1222 603 gurges
1254 566 1310 592 est
1340 555 1466 594 fidelis

163 609 221 647 De
252 614 373 647 morte
404 611 512 648 vivus
544 612 622 648 exit
983 611 1153 658 Purgans
1183 612 1332 659 liquore
1359 618 1519 659 mentes,

161 666 225 713 Et,
258 678 350 713 quos
384 672 521 705 catena
552 668 686 713 vinxit,
983 668 1080 705 Dum
1113 679 1200 706 rore
1232 679 1368 716 corpus
1401 670 1507 713 udat,

166 722 346 770 Sepultus
376 724 441 761 ille
472 724 597 762 solvit.
981 725 1143 762 Peccata
1174 725 1287 772 tergit
1317 725 1432 766 unda.

92 821 128 859 5.
161 820 279 866 Quam
311 819 485 858 Christus
515 821 667 867 aperuit
910 821 947 859 8.
981 820 1154 858 Gaudete
1191 821 1399 869 candidati,

160 876 224 914 Ad
254 876 420 923 gentium
449 876 623 923 salutem,
978 878 1115 915 Electa
1146 889 1236 915 vasa
1267 879 1386 925 regni,

162 933 278 971 Cuius
305 932 459 970 salubre
490 943 580 970 cura
979 935 1023 972 In
1055 939 1176 971 morte
1208 935 1433 983 consepulti,

161 989 278 1027 Redit
309 993 448 1027 novata
474 990 637 1038 plasma.
980 991 1123 1029 Christi
1153 990 1230 1028 fide
1261 992 1397 1030 renati.

165 1084 369 1116 Pontificale
403 1095 464 1116 ms.
498 1086 706 1117 Pictavensc
739 1096 827 1117 saec.
862 1084 892 1118 8.
952 1086 1034 1118 Cod.
1059 1087 1207 1118 Parisin.
1238 1088 1359 1118 Arsen.
1393 1085 1469 1119 9⁴27.
1495 1089 1558 1120 mit
1583 1089 1642 1121 der

5 1158 8 1161 .
72 1129 312 1172 Bemerkung;
341 1131 505 1171 „Interim
531 1132 668 1162 canitur
684 1142 804 1163 vorsus
824 1132 1062 1163 Fortunati
1083 1133 1332 1174 presbyteri
1351 1133 1393 1164 ad
1413 1132 1640 1175 baptizatos.“

72 1191 115 1196 —
140 1173 171 1210 ὅ,
199 1171 221 1206 3
246 1175 397 1215 salubri3
424 1176 595 1208 Fortunat
620 1180 707 1208 setzt
731 1176 849 1219 haufig
874 1177 951 1209 dem
977 1178 1085 1209 Verse
1110 1178 1225 1210 zulieb
1251 1177 1306 1210 die
1331 1178 1563 1211 Ablativform
1583 1180 1646 1211 auf

72 1231 100 1257 e,
126 1231 179 1252 wo
205 1221 217 1251 i
241 1221 432 1262 gefordert3
468 1221 538 1263 vgl.
564 1222 636 1254 Leo
662 1233 692 1264 p.
720 1220 785 1254 389
811 1233 836 1253 s.
864 1233 895 1253 v.
922 1223 1178 1254 Ablativus.
1206 1240 1251 1245 —
1275 1222 1305 1262 5,
1331 1221 1353 1254 4
1376 1225 1431 1256 Da
1457 1225 1513 1256 die
1538 1226 1639 1257 Form

71 1266 223 1308 plasma,
261 1266 416 1308 plasmae
454 1267 508 1298 bei
543 1266 770 1299 Commodian
806 1268 879 1300 sich
913 1268 1021 1300 findet
1051 1268 1211 1310 (Apolog.
1247 1266 1345 1307 3lO):
1381 1270 1571 1302 Descendit
1604 1273 1640 1302 in

69 1312 242 1343 tumulum
267 1312 440 1343 Dominus
470 1322 553 1343 suae
588 1313 743 1354 plasmas
770 1312 964 1351 misertus“,
1000 1314 1084 1345 wird
1110 1314 1172 1345 das
1200 1314 1434 1346 Vorkommen
1460 1316 1641 1348 derselhen

71 1357 124 1389 bei
152 1357 324 1389 Fortunat
347 1357 446 1389 nicht
469 1357 708 1390 unerkliirlieh
735 1361 821 1390 sein.
850 1377 890 1381 —
916 1358 947 1397 7,
973 1357 993 1390 3
1020 1359 1132 1391 sudat.

161 1403 227 1434 Die
243 1402 563 1445 Verfasserangabe
580 1403 641 1435 der
656 1405 719 1435 Hs.
734 1404 851 1436 wiirde
870 1405 925 1436 bei
943 1405 1020 1437 dem
1039 1405 1137 1436 Alter
1154 1405 1269 1437 dieser
1287 1405 1357 1436 und
1374 1405 1418 1437 da
1436 1407 1485 1436 sie
1504 1416 1566 1437 aus
1581 1406 1641 1437 der

68 1447 311 1480 Bischofstadt
327 1448 516 1480 Fortunats
546 1448 656 1481 selbst
673 1453 825 1486 stammt,
850 1451 1084 1492 unbedingtes
1101 1450 1298 1482 Vertrauen
1315 1451 1514 1488 verdienen,
1539 1462 1639 1482 wenn

67 1494 166 1525 nicht
199 1494 266 1526 Str.
303 1491 323 1524 5
348 1494 474 1525 Fehler
503 1494 678 1526 aufwiese.
728 1496 819 1526 Zwei
845 1495 1132 1540 derselbenusind
1157 1495 1368 1528 vorstehend
1393 1497 1543 1528 erklart:
1579 1497 1639 1528 der

71 1537 174 1571 dritte
209 1538 393 1580 apernit
423 1537 466 1580 (5,
503 1539 533 1578 1)
565 1540 649 1571 wird
683 1541 746 1572 auf
775 1541 1010 1583 mangelhafte
1034 1541 1305 1583 Uberlieferung
1337 1542 1638 1573 zuriickzufiihren

71 1586 155 1622 sein,
181 1584 225 1616 da
250 1585 311 1616 das
332 1585 434 1616 Wort
458 1586 586 1617 ebenso
613 1585 768 1618 schlecht
792 1587 829 1618 in
863 1587 929 1618 den
948 1588 1036 1620 Sinn
1061 1586 1113 1618 als
1140 1587 1175 1618 in
1193 1587 1255 1618 das
1279 1587 1457 1619 Versmafs
1475 1587 1550 1619 sich
1568 1589 1640 1619 ein-

70 1628 155 1672 fiigt.
203 1631 306 1662 Denn
342 1640 413 1662 was
447 1631 514 1662 soll
547 1641 584 1662 es
617 1631 768 1663 heissen:
802 1632 962 1664 Christus
995 1636 1131 1663 noctem
1162 1632 1324 1674 aperuit?
1371 1633 1455 1664 Man
1481 1637 1641 1665 erwartet

71 1677 127 1707 ein
151 1676 254 1708 Wort
278 1677 325 1707 im
351 1675 459 1708 Sinne
482 1687 551 1707 von
578 1675 786 1718 „geheiligt“
815 1677 898 1709 oder
923 1677 1115 1709 {ihnliches-

452 1834 507 1869 71.
545 1834 602 1875 (6.)
639 1834 814 1878 Hymnus
839 1834 882 1869 in
907 1834 1051 1869 Natale
1077 1834 1254 1870 Domini.

87 1927 124 1966 1.
155 1927 348 1974 Agnoscat
372 1938 482 1964 omne
512 1928 702 1965 saeculum
904 1933 940 1967 5.
975 1929 1188 1976 Praesaepe
1219 1929 1309 1976 poni
1338 1929 1510 1976 pertulit,

156 1983 314 2020 Venisse
348 1984 447 2021 vitae
477 1985 700 2032 praemium,
971 1986 1041 2033 Qui
1074 1986 1170 2022 lucis
1201 1991 1335 2023 auctor
1365 1986 1524 2035 exstitit,

154 2041 246 2078 Post
276 2040 395 2078 hostis
427 2041 554 2089 asperi
584 2042 711 2089 iugum
972 2042 1065 2080 Cum
1096 2048 1206 2090 patre
1238 2043 1363 2080 caelos
1395 2043 1580 2089 condidit,

155 2097 348 2145 Apparuit
377 2098 604 2146 redemptio,
972 2098 1050 2136 Sub
1081 2103 1202 2136 matre
1232 2110 1378 2146 pannos
1408 2099 1545 2138 induit.

83 2193 121 2232 2.
152 2193 287 2231 Esaias
319 2204 414 2240 quae
445 2194 647 2242 praecinit,
904 2197 942 2233 6.
976 2195 1115 2242 Legem
1148 2194 1254 2231 dedit
1285 2195 1348 2242 qui
1378 2195 1542 2243 saeculo,

154 2248 350 2296 Completa
383 2255 471 2287 sunt
500 2251 540 2288 in
574 2251 731 2300 virgine,
975 2252 1088 2289 Cuius
1132 2252 1261 2289 decem
1297 2258 1503 2300 praecepta
1533 2257 1633 2300 sunt,

154 2306 406 2344 Annuntiavit
436 2308 592 2354 angelus
974 2308 1177 2355 Dignando
1209 2307 1332 2345 factus
1363 2312 1421 2345 est
1451 2308 1562 2346 homo

158 2362 318 2400 Sanctus
351 2363 515 2412 replevit
545 2364 715 2412 spiritus.
975 2365 1052 2403 Sub
1085 2365 1178 2412 legis
1210 2375 1291 2402 esse
1322 2365 1485 2403 vinculo.

89 2459 125 2496 3.
156 2459 281 2497 Maria
310 2464 444 2497 ventre
475 2461 641 2508 concipit
906 2463 941 2501 7.
974 2461 1099 2498 Adam
1130 2466 1238 2499 vetus
1271 2460 1372 2508 quod
1403 2461 1552 2508 polluit,

157 2515 275 2553 Verbi
306 2515 431 2554 fidelis
463 2518 617 2563 semine,
973 2518 1097 2555 Adam
1130 2528 1248 2554 novus
1279 2518 1351 2554 hoc
1380 2517 1513 2563 abluit,

158 2572 275 2618 Quem
306 2577 408 2611 totus
440 2574 544 2611 orbis
575 2585 648 2611 non
682 2574 797 2622 capit,
975 2574 1140 2611 Tumens
1172 2575 1271 2621 quod
1303 2574 1369 2610 ille
1401 2574 1526 2623 deicit,

158 2629 319 2667 Portant
349 2631 497 2677 quellae
528 2631 687 2669 viscera.
977 2630 1220 2668 Humillimus
1254 2630 1316 2667 hic
1347 2630 1472 2678 erigit,

80 2725 118 2762 4.
150 2725 275 2762 Radix
307 2726 410 2762 Iesse
440 2724 569 2762 floruit
902 2727 938 2765 8.
972 2727 1051 2763 Iam
1084 2733 1172 2764 nata
1203 2726 1266 2762 lux
1299 2730 1356 2762 est
1387 2730 1422 2762 et
1453 2727 1566 2775 salus,

151 2780 203 2818 Et
232 2781 338 2829 virga
370 2780 534 2819 fructum
567 2782 701 2827 edidit,
971 2783 1117 2830 Fugata
1148 2793 1221 2819 nox
1254 2788 1290 2819 et
1322 2783 1423 2820 victa
1453 2794 1579 2833 1n01·s;

153 2836 333 2876 Fecunda
363 2844 511 2886 partum
543 2838 703 2886 protulit
970 2839 1116 2888 Venite,
1148 2843 1291 2887 gentes,
1325 2839 1482 2890 credite,

148 2893 198 2930 Et
227 2895 332 2942 virgo
362 2899 485 2933 mater
513 2900 724 2943 permanet.
968 2895 1088 2933 Deum
1120 2896 1246 2933 Maria
1276 2896 1455 2943 protulit.
