2031 3289
271 2756 293 2789 (J

861 217 1169 258 -426—

838 387 1118 435 Rhythmus
1160 388 1190 426 Ι.

347 501 399 540 Ut
428 501 611 538 iucundas
644 511 777 538 cervus
807 500 929 538 undas

403 559 593 595 Aestuans
626 556 831 603 desiderat,

347 613 409 651 Sic
440 613 488 650 ad
512 614 646 659 Deum,
680 612 822 650 fontem
855 613 979 650 vivum

403 670 513 706 Mens
545 668 668 706 fidelis
699 675 894 715 properat.

309 811 317 820 .
350 782 454 819 Sicut
486 782 557 819 rivi
588 781 703 819 fontis
735 782 810 818 vivi

410 838 597 876 Praebent
629 836 882 886 refrigerium,

348 892 411 932 Ita
442 895 557 931 menti
589 895 730 931 sitienti

405 951 509 988 Deus
541 955 597 987 est
629 951 849 988 remedium.

305 1092 314 1102 .
345 1063 502 1110 Quantis
534 1063 641 1100 bonis
672 1063 898 1109 superponis

402 1119 539 1156 Servos
570 1123 664 1164 tuos,
698 1119 880 1156 Domine!

345 1175 436 1212 Sese
467 1175 598 1221 laedit,
632 1176 694 1222 qui
727 1176 870 1213 recedit

401 1231 462 1269 Ab
495 1236 650 1269 aeterno
680 1232 834 1270 lumine.

346 1345 470 1382 Vitam
502 1345 640 1382 laetam
673 1349 709 1381 et
740 1345 916 1391 quietam,

403 1402 473 1447 Qui
505 1405 542 1438 te
572 1401 733 1448 quaerit,
766 1401 959 1448 repperit,

346 1457 444 1495 Nam
474 1457 641 1495 laborem
675 1462 711 1494 et
744 1458 912 1495 dolorem

403 1514 528 1560 Metit,
561 1514 624 1560 qui
656 1520 693 1550 te
725 1514 878 1553 deserit.

345 1627 479 1664 Pacem
516 1626 633 1662 donas
665 1630 700 1661 et
733 1635 890 1662 coronas

400 1682 482 1730 His,
517 1681 579 1728 qui
611 1681 679 1717 tibi
712 1681 888 1729 militant,

344 1738 488 1775 Cuncta
520 1739 618 1774 laeta
650 1739 731 1774 sine
762 1743 862 1775 meta

400 1795 481 1839 His,
515 1794 578 1840 qui
609 1798 730 1831 tecum
763 1795 948 1834 habitant.

341 1907 438 1953 Heu,
453 1917 563 1952 quam
579 1917 686 1956 vana,
701 1916 804 1943 mens
817 1907 992 1953 humana,

398 1963 551 1999 Visione
584 1960 728 1999 falleris

340 2019 439 2056 Dum
471 2023 508 2054 te
540 2019 639 2055 curis
670 2019 853 2055 nocituris

399 2075 666 2121 Imprudenter
696 2075 856 2112 inseris!

306 2218 314 2226 .
348 2188 423 2226 Cur
446 2198 518 2224 non
543 2197 652 2224 caves
675 2188 803 2235 lapsus
826 2199 973 2236 graves,

397 2245 496 2290 Quos
528 2244 662 2281 suadet
692 2244 880 2291 proditor,

342 2301 424 2338 Nec
455 2299 608 2337 affectas
640 2301 719 2337 vias
751 2306 887 2350 rectas,

398 2358 497 2404 Quas
528 2357 696 2394 ostendit
727 2356 933 2394 conditor?

340 2469 537 2516 Resipisce
567 2474 679 2516 atque
710 2470 827 2517 disce,

397 2525 510 2564 Cuius
543 2526 593 2562 sis
625 2526 792 2573 originis,

341 2581 415 2620 Ubi
448 2582 565 2629 degis,
598 2582 701 2619 cuius
733 2583 839 2629 legis,

399 2638 514 2676 Cuius
546 2639 597 2675 sis
629 2642 665 2675 et
695 2639 853 2677 ordinis,

301 2783 308 2791 .
342 2751 399 2787 Ne
428 2756 466 2787 te
488 2761 656 2798 spernas,
690 2751 755 2788 sed
782 2751 975 2789 discernas

399 2807 532 2854 Homo,
565 2817 712 2854 gemma
744 2808 858 2856 regia,

343 2863 395 2899 Te
426 2864 620 2910 perpende
651 2869 687 2900 et
719 2864 886 2910 attende,

401 2922 481 2964 Qua
512 2919 562 2956 sis
594 2918 716 2956 factus
749 2920 882 2967 gratia.

1071 501 1118 539 10

1068 783 1132 821 11.

1070 1064 1132 1101 12.

1063 1346 1127 1385 13.

1064 1624 1127 1665 14.

1061 1906 1125 1945 15.

1062 2189 1126 2229 16.

1061 2472 1126 2510 17.

1063 2751 1125 2790 18.

1123 529 1132 538 .
1164 500 1396 548 Recordare,
1429 500 1510 546 quis
1541 506 1578 537 et
1608 511 1724 547 quare

1223 556 1282 595 Sis
1311 567 1333 593 a
1364 556 1446 594 Deo
1476 556 1662 602 conditus,

1167 612 1280 650 Cuius
1311 613 1420 649 heres
1451 623 1549 649 nunc
1579 622 1763 660 maneres,

1222 668 1260 706 Si
1294 667 1428 705 fuisses
1458 669 1643 708 subditus.

1166 782 1195 820 O
1228 781 1410 830 mortalis,
1444 782 1592 828 quantis
1623 782 1732 819 malis

1223 838 1399 875 Meruisti
1431 837 1545 885 affici,

1166 894 1264 931 Dum
1299 894 1437 930 rectori
1469 898 1505 930 et
1537 894 1681 930 auctori

1222 950 1386 987 Noluisti
1419 950 1560 986 subici!

1165 1063 1239 1100 Sed
1272 1063 1433 1101 maiores
1464 1068 1549 1099 sunt
1581 1063 1730 1100 dolores

1220 1117 1421 1156 infernalis
1453 1119 1627 1167 carceris,

1163 1175 1242 1221 Quo
1275 1176 1481 1212 mittendus
1503 1179 1540 1212 et
1560 1175 1794 1222 torquendus

1217 1232 1283 1280 Es,
1317 1232 1348 1268 si
1379 1232 1476 1269 male
1509 1232 1661 1270 vixeris

1162 1345 1232 1384 Cui
1263 1346 1423 1382 mundus
1455 1349 1510 1381 est
1542 1345 1740 1392 iucundus,

1217 1401 1328 1439 Suam
1361 1402 1487 1448 perdit
1518 1402 1694 1449 animam,

1161 1460 1234 1496 Pro
1264 1469 1303 1494 re
1334 1458 1409 1494 levi
1439 1463 1551 1504 atque
1582 1458 1689 1494 brevi

1218 1515 1343 1551 Vitam
1377 1514 1504 1561 perdit
1534 1514 1728 1562 optimam.

1160 1626 1262 1673 Ergo
1295 1636 1396 1673 cave,
1429 1636 1475 1662 ne
1506 1636 1619 1662 suave

1218 1683 1348 1729 Iugum
1377 1692 1534 1728 spernas
1567 1681 1717 1719 Domini

1159 1739 1239 1775 Nec
1271 1738 1419 1775 abiecta
1449 1738 1531 1783 lege
1563 1742 1668 1775 recta

1219 1795 1370 1833 Servias
1402 1793 1565 1834 libidini.

1159 1906 1198 1944 Si
1233 1912 1318 1943 sunt
1349 1907 1498 1954 plagae,
1532 1917 1658 1945 curam
1688 1917 1769 1956 age,

1215 1964 1269 2001 Ut
1301 1968 1479 2000 curentur
1511 1963 1632 2012 citius,

1156 2018 1226 2064 Ne,
1251 2020 1282 2055 si
1307 2024 1477 2056 crescant
1501 2024 1535 2056 et
1558 2022 1789 2069 putrescant,
1843 2026 1846 2027 ⁷

1215 2077 1355 2123 Pergas
1384 2077 1422 2112 in
1455 2076 1636 2115 deterius,

1160 2188 1217 2225 Ne
1250 2189 1440 2235 desperes,
1474 2200 1557 2226 nam
1590 2188 1742 2227 coheres

1219 2245 1359 2282 Christi
1391 2255 1472 2282 esse
1502 2245 1657 2292 poteris,

1163 2301 1202 2339 Si
1234 2302 1417 2345 carnales,
1450 2307 1629 2348 quantum
1660 2300 1772 2343 vales,

1222 2357 1391 2396 Affectus
1423 2358 1640 2397 excluseris.

1157 2470 1197 2508 Si
1230 2469 1424 2516 formidas,
1457 2481 1504 2507 ne
1532 2469 1696 2516 diffidam,

1212 2527 1284 2564 Sed
1319 2527 1503 2564 medelam
1534 2527 1694 2574 postula,

1157 2583 1299 2620 Noxam
1334 2584 1482 2632 plange,
1517 2594 1652 2629 corpus
1671 2590 1786 2629 ange,

1214 2640 1324 2676 Dilue
1356 2640 1516 2686 piacula.

1160 2751 1198 2789 Si
1231 2752 1399 2789 vivorum
1432 2756 1467 2788 et
1500 2750 1711 2788 functorum

1218 2808 1408 2845 Christum
1440 2808 1548 2844 times
1579 2807 1750 2851 iudicem,

1160 2863 1285 2901 Debes
1317 2864 1426 2910 scire,
1460 2863 1559 2911 quod
1591 2863 1715 2910 perire

1216 2919 1330 2957 Suum
1361 2932 1433 2957 non
1462 2920 1539 2957 vult
1563 2918 1782 2966 supplicem.
