2031 3289
409 284 430 319 5

408 554 444 590 6.

405 1368 419 1387 s

407 1394 414 1403 ι

382 1639 445 1677 10.

381 1911 444 1949 11.

378 2182 441 2219 12.

380 2448 444 2485 13.

380 2714 442 2750 14.

480 281 585 326 Auge
615 279 727 317 fidem
759 284 812 328 tu,
845 279 1007 323 trinitas,

478 338 583 384 Auge
614 347 732 383 spem,
765 340 896 372 sancta
926 336 1064 383 unitas,

479 394 529 431 Ut
558 397 595 430 te
627 393 796 441 colendo,
830 392 964 437 deitas,

478 451 541 487 Me
570 449 695 487 firmet
723 453 787 485 tua
818 448 968 486 caritaS.

477 551 547 598 Qui
579 553 680 589 Deus
712 550 822 586 homo
854 549 991 586 diceris

478 610 525 644 Et
558 619 667 643 verus
700 607 807 642 homo
838 606 1016 652 nosceris,

477 664 667 700 Memento
698 663 771 699 mei
803 662 976 709 hominis,

478 722 570 757 (jum
602 719 768 756 iudicare
798 719 959 757 veneris.

435 855 440 860 .
473 823 514 859 In
549 821 629 867 hoc,
663 821 761 867 quod
793 830 920 856 manes
953 819 1086 865 deitas,

476 879 615 915 Reatus
648 877 732 913 dele
763 876 942 925 sarcinas,
1042 921 1044 923 Ι

476 936 519 972 In
551 935 633 983 hoc,
665 934 765 980 quod
796 944 835 970 es
867 933 1091 978 humanitas,

475 991 536 1028 Ad
569 1000 626 1026 me
659 989 836 1027 deflectat
867 990 1001 1036 pietas.

477 1094 644 1140 Regnum
677 1092 811 1128 iurasti
843 1091 1029 1137 patribus,

477 1148 687 1186 Promisisti
718 1147 971 1195 sequentibus,

476 1207 528 1245 Ut
559 1210 731 1242 servetur
762 1204 975 1251 promissio,

478 1264 643 1309 Regnum
676 1262 842 1298 concede
874 1259 1026 1298 famulo.

477 1364 668 1402 Concedat
697 1367 761 1399 tua
792 1363 925 1408 pietas,

477 1422 579 1466 Quae
612 1420 781 1466 deposcit
814 1419 1017 1467 humilitas,

477 1478 539 1524 Ut,
571 1478 669 1523 quod
702 1476 876 1523 promisit
908 1476 1058 1520 caritas,

474 1535 710 1580 Assequatur
742 1532 945 1570 hereditas.

477 1637 613 1683 Maria,
646 1637 752 1682 virgo
783 1634 980 1682 virginum,

476 1692 764 1739 Redemptionis
795 1692 943 1740 ostium,

478 1752 592 1788 Porta
622 1749 754 1787 salutis
786 1749 946 1796 integra,

476 1807 611 1853 Lapsis
644 1806 826 1842 cervicem
860 1805 998 1841 releva.

480 1908 627 1947 Petenti
658 1918 806 1944 manum
838 1907 999 1954 porrige,

475 1966 618 2012 Quietis
649 1975 757 2011 opem
789 1963 913 2000 tribue

476 2023 527 2060 Et
558 2032 626 2069 per
656 2025 760 2057 tuum
791 2020 969 2059 auxilium

479 2080 634 2116 Placare
667 2088 756 2114 cura
786 2076 917 2115 filium.

474 2181 618 2228 Regina
647 2180 753 2228 caeli,
787 2180 949 2228 domina,

475 2238 600 2275 Mater
631 2237 701 2273 Dei
730 2236 952 2283 castissima,

476 2295 525 2332 Ut
557 2304 687 2330 manus
720 2297 889 2340 praestet
919 2292 1001 2340 filii,

472 2351 579 2398 Quod
606 2361 736 2387 servus
767 2350 898 2399 poscit,
932 2349 1099 2386 subveni.

477 2447 534 2484 Tu
563 2446 729 2484 Michacl
761 2446 999 2492 archangele,

475 2503 579 2541 Caeli
611 2503 788 2549 princeps
820 2502 989 2550 militiae,

474 2560 549 2597 Ora
582 2560 756 2596 draconis
789 2563 957 2605 concute,

478 2616 534 2653 Ne
566 2620 699 2653 noceat
729 2627 797 2662 pro
829 2616 995 2652 vulnere.

475 2714 668 2760 Interpres
702 2713 770 2749 Dei
803 2712 957 2749 Gabriel

475 2770 521 2805 Et
556 2770 741 2806 medicina
772 2769 942 2815 Raphael

477 2828 567 2863 Cum
599 2826 799 2863 Cherubim
839 2829 875 2861 et
903 2825 1101 2871 Seraphim

478 2883 607 2918 Hostis
640 2886 769 2919 necate
801 2882 995 2919 haeresim.

1117 165 1280 205 96-

1198 279 1259 319 15.

1193 551 1257 588 16.

1194 821 1256 857 17.

1195 1091 1258 1129 18.

1193 1363 1255 1400 19.

1191 1635 1256 1671 20.

1191 1907 1254 1945 21.

1187 2180 1251 2218 22.

1293 278 1491 316 Caelorum
1521 290 1649 317 omnes
1680 280 1848 329 spiritus,

1293 335 1435 372 Novem
1468 336 1579 373 divisi
1609 336 1804 383 gradibus,

1291 391 1363 428 Dei
1393 396 1611 438 praesentes
1642 392 1807 429 vultibus

1291 448 1389 485 Meis
1420 447 1546 486 favete
1575 449 1743 487 vocibus

1291 550 1406 588 Senes
1437 550 1568 598 viginti
1604 543 1777 598 quatuor,

1288 606 1362 642 Hie
1391 605 1532 655 offerte,
1568 617 1662 653 quae
1694 607 1891 654 deprecor,

1288 663 1359 708 Qui
1389 663 1543 699 citharis
1574 667 1612 699 et
1641 661 1738 699 fialis

1288 718 1486 756 Orationes
1517 717 1687 756 funditis.

1290 820 1593 857 Patriareharum
1626 820 1802 869 dignitas,

1290 876 1566 922 Prophetarum
1597 876 1821 925 sublimitas,

1292 933 1417 969 Vestri
1449 933 1547 979 regis
1581 933 1819 980 praesentiae

1293 989 1419 1026 Verba
1448 991 1639 1036 precantis
1671 990 1818 1028 solvite.

1291 1091 1489 1139 Iohannes,
1523 1091 1664 1127 Christi
1694 1092 1883 1138 praevius,

1291 1147 1467 1193 Baptista
1497 1147 1596 1194 regis
1627 1148 1793 1195 inclitus,

1291 1203 1458 1252 Festina,
1490 1214 1536 1240 ne
1567 1204 1780 1241 tardaveris

1292 1259 1431 1297 Labem
1463 1271 1592 1297 secare
1624 1261 1803 1300 vulneris,

1288 1362 1403 1407 Quem
1435 1363 1565 1399 matris
1597 1363 1746 1399 clausus
1778 1366 1884 1398 utero

1287 1419 1395 1455 Motu
1427 1419 1558 1465 prodis
1588 1429 1782 1466 corporeo,

1285 1476 1399 1521 Quem
1433 1476 1698 1512 demonstrasti
1730 1475 1861 1523 digito,

1287 1531 1364 1568 Fae
1393 1532 1592 1569 subvenire
1623 1533 1774 1571 misero,

1290 1634 1472 1671 Caelestis
1505 1635 1609 1681 regni
1642 1634 1819 1681 claviger,

1289 1691 1556 1737 Apostolorum
1589 1689 1758 1739 signifer,

1291 1747 1413 1796 Petre,
1442 1748 1584 1794 primus
1617 1748 1653 1784 in
1686 1747 1830 1794 ordine,

1288 1804 1549 1851 Fragilitatem
1581 1804 1718 1851 aspice.

1290 1907 1362 1943 Per
1392 1910 1429 1942 te
1460 1916 1563 1942 mens
1595 1910 1659 1943 tua
1688 1905 1826 1954 videat,

1289 1962 1386 2008 Quid
1418 1973 1499 1999 sors
1529 1962 1691 1999 humana
1722 1963 1858 2010 valeat,

1287 2020 1350 2067 Et,
1385 2019 1471 2057 dum
1502 2019 1556 2056 tui
1583 2019 1810 2067 memineris,

1287 2076 1478 2113 Memento
1510 2086 1617 2113 casus
1647 2075 1818 2114 hominis.

1285 2179 1338 2215 Te
1368 2183 1545 2225 poscente
1576 2179 1775 2216 elementia

1285 2236 1478 2273 Extendat
1509 2236 1599 2272 mihi
1631 2236 1836 2278 dexteram,

1286 2292 1356 2338 Qui
1384 2297 1419 2328 te
1449 2293 1647 2339 suspendit
1678 2291 1842 2341 flumine,

1286 2349 1382 2386 Dum
1416 2349 1514 2385 dixit
1543 2349 1612 2386 tibi
1643 2349 1798 2387 modice.

1288 2444 1399 2482 Solve
1430 2449 1555 2482 reatus
1588 2445 1737 2482 vincula

1287 2501 1350 2538 Ad
1381 2501 1473 2538 haec
1503 2502 1590 2538 data
1623 2502 1803 2548 potentia,

1288 2558 1403 2603 Quem
1445 2558 1598 2595 verbum
1631 2559 1702 2595 Dei
1733 2559 1902 2596 nominas

1288 2616 1322 2652 A
1354 2626 1426 2661 quo
1458 2615 1603 2652 vocaris
1635 2615 1827 2654 Barionas.

1906 2591 1915 2607 Ἰ

1236 2736 1254 2751 -.
1288 2711 1414 2759 Paule,
1450 2716 1489 2748 tu
1521 2712 1653 2748 doctor
1683 2712 1847 2758 gentium

1286 2769 1332 2805 let
1368 2768 1507 2804 Christi
1539 2768 1804 2809 testimonium,

1283 2825 1376 2861 Dum
1390 2828 1505 2861 totum
1517 2825 1692 2861 mundum
1704 2825 1914 2873 praedicas,

1286 2884 1403 2927 Opem
1437 2880 1609 2917 conferre
1643 2882 1810 2920 studeas.
