1914 3223
170 302 194 338 6
213 311 248 340 a.
280 301 378 337 Hinc
410 301 545 339 Petrus
577 300 746 346 Romam,

282 357 539 403 apostolorum

283 413 474 460 princeps,
506 412 614 458 adiit,

284 470 423 507 Paulus
455 468 666 518 Graeciam,

283 525 421 572 ubique

284 583 422 620 docens
452 582 637 629 gratiam3

282 644 340 675 ter
370 643 548 686 quattuor
577 638 644 675 alii

281 705 458 742 proceres
489 695 528 732 in
558 695 682 742 plagis
714 698 839 731 terrae

281 757 459 799 quattuor
489 751 792 798 evangelizantes

279 808 418 846 trinum
451 812 487 845 et
519 819 644 846 unum.

274 899 318 936 In
347 908 493 936 omnem
526 903 645 936 teram
678 898 793 935 exivit

276 966 389 993 sonus
418 966 545 992 eorum

233 1088 240 1096 .
273 1058 392 1104 Quam
424 1057 586 1105 speciosi

276 1115 394 1162 pedes
425 1114 762 1161 evangelizantium

278 1171 430 1218 bonum,
449 1170 751 1218 praedicantium
768 1180 912 1217 pacem,

162 1264 184 1300 9
203 1273 236 1300 a.
269 1262 338 1309 Qui
369 1262 486 1304 verbo

273 1319 423 1356 saecula
455 1317 558 1364 fecit,

274 1376 375 1423 quod
407 1386 476 1423 pro
508 1375 616 1412 nobis
648 1375 804 1413 verbum

274 1442 363 1470 caro
396 1431 536 1469 factum

274 1493 330 1526 est
360 1489 398 1525 in
429 1488 503 1526 fine
535 1489 783 1529 saeculorum.

135 1580 185 1617 10
203 1590 236 1617 a.
269 1579 320 1616 Hi
351 1583 437 1616 sunt
468 1579 576 1623 caeli,

135 1886 183 1924 11
206 1895 239 1925 a.

137 2204 186 2241 12
205 2213 239 2241 a.

226 2868 330 2909 Trop.
356 2879 418 2899 ms.
445 2869 688 2900 Rhenoviense
720 2878 809 2899 saec.
837 2865 921 2898 ¹‘'l11.

276 1636 314 1672 in
345 1635 493 1683 quibus,
526 1635 688 1681 Christe,
715 1635 878 1681 habitas,

274 1692 313 1729 in
343 1703 500 1739 quorum
535 1692 660 1729 verbis
693 1698 814 1740 tonas,

273 1748 444 1796 fulguras
476 1748 605 1795 signis.

274 1816 381 1842 roras
413 1806 548 1852 gratia.

273 1884 438 1922 Germen
467 1884 618 1932 iustum,

271 1942 413 1978 suscita
443 1947 583 1979 terram
614 1945 796 1989 nostram,

275 2009 386 2045 quam
417 1997 638 2044 apostolicis

275 2054 401 2092 verbis
432 2064 562 2091 serens

279 2111 490 2158 germinare
521 2109 652 2149 facias.

271 2202 322 2239 Hi
353 2203 460 2248 caeli,

277 2270 369 2306 quos
398 2259 525 2307 magni
556 2259 704 2296 consilii
725 2259 880 2306 angelus

275 2315 482 2365 inhabitas,

275 2383 366 2419 quos
392 2383 467 2409 non
497 2383 639 2416 servos,

277 2429 344 2466 sed
375 2429 516 2466 amicos
546 2429 730 2478 appellas,

277 2485 412 2532 quibus
442 2486 578 2536 omnia,

274 2552 369 2589 quae
399 2542 539 2579 audisti

276 2609 298 2635 a
328 2602 450 2646 patre,
483 2598 667 2638 notificas.

879 187 960 226 :345
1020 209 1075 214 —

911 305 915 310 ’
969 293 1066 340 cb.

988 897 1066 937 7b.

986 1057 1063 1095 Sb.

986 1261 1060 1300 9b.

952 1579 1002 1617 10
1022 1578 1058 1617 b.

956 1884 1003 1923 11
1024 1883 1062 1922 b.

954 2203 1003 2240 12
1022 2201 1059 2240 b.

563 2679 627 2717 13.
675 2678 861 2715 Miserere
891 2676 999 2714 nobis

676 2738 729 2782 tu,
763 2734 826 2780 qui
857 2733 1019 2779 habitas,

678 2801 756 2839 rex⁷
789 2791 826 2826 in
860 2790 988 2827 caelis.

971 2866 1054 2898 cod.
1080 2867 1241 2898 Tutior-n.
1267 2866 1376 2899 Rlien.
1409 2864 1482 2898 132.
1508 2868 1585 2899 add.
1612 2878 1700 2899 sat-c.

142 2911 193 2943 11.
224 2913 263 2944 A.
290 2930 333 2935 —
358 2914 462 2955 Trop.
488 2924 549 2945 nis.
577 2913 804 2953 Sangallense
831 2922 920 2943 saec.
950 2909 1035 2943 ¹⁰1'11.
1077 2912 1160 2944 Cod.
1187 2913 1387 2954 Saugallen.
1414 2910 1480 2944 378
1515 2913 1592 2944 adsl.
1612 2924 1701 2944 sas-c.

1097 301 1286 347 Andreas,
1320 299 1478 337 Iacobus

1098 362 1268 403 uterque,
1300 356 1510 405 Philippus,

1101 411 1430 460 Bartholomaeus,

1100 469 1240 514 Simon,
1274 469 1514 514 Thaddaeus,

1098 527 1296 574 Iohannes,

1099 583 1262 619 Thomas
1293 587 1330 618 et
1360 582 1590 628 Matthaeus,

1101 639 1298 676 duodecim
1330 639 1488 686 iudices,

1099 707 1172 732 non
1205 695 1251 732 ab
1284 707 1369 741 uno,
1406 695 1473 732 sed
1503 695 1541 732 in
1573 706 1700 734 unum.

1101 752 1213 788 divisi
1245 762 1314 799 per
1349 752 1478 788 orbem
1511 752 1652 789 divisos

1098 808 1137 844 in
1168 819 1282 845 unum
1314 809 1507 857 colligunt.

1097 897 1148 936 Et
1179 898 1215 935 in
1247 897 1340 935 fines
1371 898 1474 936 orbis
1504 902 1630 935 terrae

1099 953 1214 992 verba
1245 966 1384 992 eorum.

1097 1057 1286 1104 Sanguine
1318 1057 1460 1095 Christi

1098 1114 1308 1160 redemptis
1339 1114 1391 1151 ita
1425 1113 1650 1151 dicentium:

1099 1170 1201 1220 Sion,
1235 1170 1407 1218 regnabit
1438 1170 1542 1207 Deus
1573 1171 1680 1206 tuus!

1091 1262 1175 1299 Hoc
1205 1261 1375 1309 verbum,

1094 1318 1194 1365 quod
1226 1319 1492 1364 praedicamus

1094 1375 1285 1412 Christum
1317 1374 1551 1421 crucifixum,

1097 1432 1159 1479 qui
1193 1432 1285 1468 vivit

1095 1492 1131 1525 et
1162 1492 1295 1535 regnat
1325 1487 1428 1525 Deus
1459 1487 1496 1523 in
1530 1486 1657 1524 caelis.

1091 1579 1162 1615 His
1195 1578 1347 1615 dixisti:

1093 1635 1248 1681 Rorate,
1284 1634 1392 1681 caeli,
1427 1634 1603 1679 desuper,

1097 1696 1134 1728 et
1163 1692 1282 1729 nubes
1314 1691 1450 1737 pluant
1480 1690 1628 1735 instem,

1095 1749 1291 1794 aperiatur

1094 1810 1197 1842 terra
1227 1804 1456 1852 germinans,

1094 1885 1257 1931 Quorum
1290 1882 1416 1920 verbis

1095 1940 1251 1977 verbum
1284 1939 1404 1986 patris
1436 1942 1608 1975 tenentes

1093 1997 1133 2034 in
1164 1997 1347 2043 patientia

1095 2052 1258 2090 fructum
1291 2052 1393 2089 ferre

1092 2108 1154 2147 fac
1184 2121 1250 2147 nos
1282 2109 1364 2155 tibi,
1398 2108 1569 2147 Domine.

1091 2202 1135 2239 In
1166 2212 1320 2248 quorum

1095 2258 1280 2296 divisione
1316 2258 1515 2294 collectum
1546 2265 1696 2303 gregem

1094 2315 1283 2352 custodias

1094 2371 1298 2409 indivisum

1095 2433 1131 2464 et
1162 2428 1198 2465 in
1232 2427 1380 2465 vinculo
1412 2426 1528 2473 pacis,

1094 2488 1134 2521 ut
1164 2485 1203 2521 in
1237 2489 1274 2520 te
1304 2494 1416 2521 unum

1094 2541 1222 2589 simus,
1255 2540 1350 2577 sicut

1092 2597 1130 2634 in
1164 2602 1271 2643 patre
1301 2602 1341 2633 tu
1372 2606 1410 2633 es
1441 2606 1548 2635 unuS.
