2031 3289
907 219 1214 261 —324—

327 370 334 377 .
366 333 524 378 Nomen
554 336 624 373 tibi
655 336 783 383 Alpha
813 340 849 373 et
880 337 910 375 O

369 393 591 442 Significans
623 393 659 430 in
690 398 836 430 secreto

423 450 554 487 Finem
587 454 697 496 atque
728 449 975 496 principium,

369 507 453 544 Tali
487 508 595 544 decet
624 505 827 552 alphabeto

369 563 446 600 Nos
477 563 630 600 studere
662 564 776 598 corde
803 563 914 611 laeto,

428 619 556 656 Lectio
587 622 643 654 est
675 619 922 667 credentium,

367 676 577 722 Theologos
606 675 677 711 hoc
707 675 873 712 studium

368 732 446 769 Nos
478 731 569 768 facit
600 735 635 767 et
664 731 712 768 ad
743 731 877 768 solium

423 788 481 826 De
513 787 640 825 mundi
672 788 896 824 arundineto

370 843 569 882 Transfert
602 849 749 881 mutans
780 845 818 881 in
849 844 1025 890 gaudium

373 901 629 938 Miserrimum
661 899 911 947 naufragium,

427 957 532 1004 Quod
564 957 728 1004 patimur
758 958 796 994 in
822 957 893 994 hoc
915 955 1024 994 freto.

329 1142 338 1150 .
370 1108 517 1160 Tuum,
549 1113 670 1156 pater,
702 1112 759 1145 est
789 1109 984 1155 proprium

369 1167 455 1204 Non
487 1166 674 1203 adnexum
705 1175 775 1211 per
805 1165 918 1202 alium

423 1222 602 1261 Misereri
632 1225 669 1258 et
698 1232 869 1268 parcere,

371 1281 429 1317 De
458 1284 495 1316 te
527 1290 632 1315 suum
663 1279 866 1315 tentorium

371 1337 559 1382 Suumque
591 1335 840 1372 diversorium

428 1393 576 1430 Debent
608 1391 677 1428 filii
707 1390 857 1441 facere3

368 1450 533 1487 Mortem
564 1460 636 1486 non
669 1449 738 1495 vis,
769 1449 837 1485 sed
868 1448 995 1484 vivere

369 1506 436 1544 Vis
466 1516 606 1554 omnes,
640 1505 703 1551 qui
735 1510 953 1542 convertere

427 1563 474 1599 Se
506 1563 633 1599 volunt
664 1572 734 1608 per
761 1561 977 1608 suspirium,

371 1620 583 1666 Numquam
616 1619 672 1654 vis
703 1623 786 1655 tuos
817 1618 979 1664 perdere

372 1677 451 1713 Nec
481 1676 604 1722 pullos
636 1675 750 1711 milvo
781 1676 946 1713 tradere.

425 1734 589 1780 Quorum
620 1736 661 1768 tu
692 1742 732 1768 es
762 1730 961 1779 refugium.

327 1915 335 1923 .
369 1882 589 1925 Adveniat
617 1895 705 1931 ergo
736 1885 838 1921 Deus

373 1943 589 1989 Aliquando
621 1942 807 1978 iubilaeus

428 1999 547 2036 Nobis
580 1998 678 2035 datis
709 1998 853 2046 exsilio,

373 2055 412 2093 Si
454 2057 611 2102 quisque
642 2060 810 2092 nostrum
843 2059 899 2091 est
931 2066 1027 2105 reus,

373 2112 454 2149 Nec
485 2116 541 2149 est
571 2112 624 2148 ibi
657 2111 919 2150 Mace-abaetis.

426 2169 497 2216 Qui
528 2167 636 2205 fortis
668 2168 717 2204 sit
746 2169 784 2204 in
817 2168 973 2214 proelio,

369 2225 454 2263 Non
486 2231 644 2272 propter
663 2225 744 2261 hoc
775 2225 933 2262 intentio

370 2283 451 2320 Tua
483 2282 542 2331 sit,
575 2287 614 2318 ut
646 2292 712 2318 nos
744 2281 871 2328 gladio

430 2339 560 2375 Vastet
595 2338 747 2375 Goliath
782 2337 984 2387 Getliaeus,

371 2397 529 2441 Semper
560 2396 656 2432 euim
690 2395 726 2431 in
760 2395 859 2431 bivio

371 2452 490 2489 Nobis
521 2456 630 2488 nocet
661 2462 705 2488 ac
736 2451 848 2487 invio.

425 2508 565 2545 Factor
597 2508 698 2557 Sion,
730 2508 1000 2545 Amorrhaeus.

332 2690 338 2695 .
370 2652 564 2708 Regnum
597 2653 732 2705 tuum,
764 2659 805 2691 ut
838 2655 986 2693 dicitur.

370 2712 452 2749 Rex
485 2718 649 2756 aeterne,
684 2712 756 2747 vini
789 2711 944 2758 patitur,

431 2768 595 2805 Yiolenti
629 2768 698 2804 hoc
730 2769 893 2814 rapiunt,

377 2825 590 2861 Virtutibus
622 2825 844 2870 concutitur,

308 2928 310 2930 Ι
375 2881 609 2919 Paenitentia
641 2881 807 2928 pellitur,

431 2938 564 2975 Preces
595 2937 688 2975 illud
723 2937 923 2983 offodiu1n;

1115 771 1178 809 10.

1117 1546 1177 1582 ll.

1120 2317 1181 2353 12.

1207 336 1245 374 Si
1276 335 1350 373 ista.
1379 346 1454 372 non
1485 333 1689 381 sufiiciunt,

1205 392 1404 430 Machinas
1434 392 1541 428 multi
1573 390 1729 434 faciunt,

1262 449 1403 495 Quibus
1434 459 1549 494 supra
1579 446 1809 494 ascenditur,

1209 505 1304 542 Nam
1337 504 1489 552 quidam
1522 515 1562 540 se
1593 503 1783 540 subiciunt
1814 531 1817 533 >

1210 562 1328 607 Votis,
1360 560 1495 607 quibus
1526 559 1753 604 oboediunt,-

1266 619 1343 655 Ars
1373 617 1447 654 ista
1468 627 1655 663 nunquam
1678 614 1838 653 fallitur.

1210 765 1307 809 Fiat
1337 780 1425 816 ergo
1456 779 1526 815 per
1555 768 1728 815 gratiam,

1207 827 1288 872 Qua
1317 826 1431 862 talem
1463 825 1678 862 violentiam

1268 882 1475 927 permittis,
1507 881 1598 918 illuc
1628 881 1813 917 intremus

1211 939 1259 975 Et
1292 949 1478 975 murorum
1513 937 1722 974 custodiam

1209 995 1292 1032 Non
1325 995 1391 1031 des
1421 995 1470 1031 ad
1503 993 1769 1040 resistentiam,

1265 1052 1358 1096 Quia
1388 1051 1483 1087 nihil
1506 1056 1594 1086 tunc
1621 1060 1841 1098 possemusz,

1208 1109 1340 1145 Artem
1375 1118 1442 1144 nec
1475 1107 1573 1143 vires
1602 1105 1796 1152 habemus,

1210 1164 1261 1202 Ut
1293 1175 1363 1211 per
1393 1164 1510 1201 solam
1533 1163 1662 1200 horam
1685 1167 1842 1211 stemus,

1267 1221 1350 1257 Nisi
1381 1225 1422 1257 tu
1454 1221 1518 1257 des
1549 1220 1812 1266 constantiam,

1209 1278 1464 1314 Retrocedere
1495 1277 1668 1326 solemus,

1212 1334 1370 1380 Quando
1401 1334 1508 1370 adire
1540 1333 1718 1370 debemus

1269 1391 1370 1427 Illud
1413 1401 1569 1437 regnum
1601 1394 1637 1426 et
1666 1389 1842 1436 patriam.

1213 1540 1426 1583 Voluntas
1459 1541 1537 1582 tua
1568 1543 1716 1580 salvaro,

1211 1601 1281 1638 Est
1313 1600 1482 1636 homines
1513 1604 1550 1636 et
1580 1600 1710 1636 iuvare

1269 1658 1311 1694 ln
1343 1656 1662 1704 tribulationibus,

1213 1715 1247 1750 A
1279 1713 1372 1750 mari
1401 1724 1518 1760 usque
1547 1713 1598 1750 ad
1628 1724 1731 1750 mare

1213 1771 1332 1808 Unire
1363 1775 1399 1806 et
1432 1780 1660 1817 congregare

1271 1828 1433 1864 Cunctos
1465 1827 1512 1863 de
1543 1826 1771 1871 nationibus,

1212 1883 1367 1921 Debiles
1399 1894 1481 1920 cum
1513 1883 1744 1929 pauperibus

1217 1940 1458 1986 Praeparatis
1489 1940 1563 1976 iam
1594 1940 1766 1977 omnibus

1271 1997 1333 2034 Ad
1366 2007 1494 2033 cenam
1527 2001 1627 2033 tuam
1661 2007 1806 2046 vocare,

1214 2053 1369 2091 Pusillis
1402 2064 1482 2089 cum
1516 2053 1721 2090 maioribus

1214 2112 1257 2148 In
1289 2110 1635 2156 opportunitatibus

1270 2167 1463 2204 Auxilium
1497 2167 1724 2205 ministrare.

1214 2312 1348 2365 Sic-nt,
1390 2318 1510 2361 pater,
1543 2314 1613 2350 boc
1644 2313 1844 2360 credimus,

1216 2373 1318 2411 Sicut
1353 2371 1400 2407 ‹le
1431 2370 1498 2406 hoc
1531 2369 1765 2416 confidimus,

1271 2427 1333 2465 Sic
1364 2427 1471 2464 nobis
1499 2426 1706 2474 auxilieris,

1214 2485 1382 2522 Aliunde
1414 2494 1487 2521 non
1518 2483 1731 2529 quaerimus

1215 2541 1408 2579 Auxilium
1441 2550 1510 2577 nec
1539 2540 1712 2586 petimus,

1271 2598 1365 2644 Quia
1395 2597 1496 2633 solus
1527 2601 1567 2633 tu
1598 2595 1782 2645 mederis,

1215 2655 1254 2692 Si
1285 2665 1353 2691 nos
1384 2654 1586 2700 aliquando
1617 2652 1708 2689 feris

1218 2713 1290 2749 Pro
1321 2710 1459 2747 nostris
1492 2710 1612 2756 culpis
1644 2714 1681 2746 et
1711 2709 1816 2758 teris,

1271 2767 1354 2804 Non
1369 2772 1525 2813 propter
1536 2767 1605 2803 hoc
1618 2764 1844 2814 diffidimus;

1217 2824 1362 2862 Scimus
1394 2824 1505 2870 enim,
1538 2823 1626 2870 quia
1656 2823 1754 2870 geris

1217 2883 1354 2919 Curam
1385 2879 1504 2917 nostri
1535 2884 1572 2916 et
1593 2891 1660 2916 nos
1681 2879 1844 2926 quaeris,

1272 2937 1429 2986 Quando
1460 2948 1481 2974 a
1513 2941 1550 2973 te
1582 2936 1803 2976 recedimus,
