1914 3223
754 193 1060 234 —443—

142 309 208 348 15.
240 307 297 345 Tu
324 307 535 354 praeclara,
557 316 747 353 nunquam
771 317 868 358 rara,

295 364 442 402 Cuncta
471 362 772 411 supergrederis,

237 421 340 467 Quae
357 430 425 456 nec
442 424 581 456 tectum
599 429 667 456 nec
682 418 872 456 defectum

294 478 370 514 Aut
402 486 575 513 occasum
608 476 763 522 pateris.

142 579 208 617 16.
240 579 338 617 Tota
368 577 510 614 munda
542 581 579 614 et
609 577 785 628 iucunda,

297 634 394 671 Tota
425 644 463 670 es
494 632 693 679 mirabilis,

240 690 328 728 Tibi
360 691 438 727 vita
469 700 539 727 ncc
568 690 700 728 audita

299 747 379 784 Nec
407 750 464 783 est
494 746 575 784 visa
607 747 754 786 similis,

142 849 208 887 17.
242 847 351 886 Cives
382 848 459 895 poli
491 852 576 885 tuae
608 849 707 895 proli

299 904 457 951 Semper
489 909 642 942 cantant
672 905 830 952 gloriam

241 961 476 998 Venerantes
507 966 543 997 et
574 961 755 998 mirantes

297 1018 415 1055 Tuam
448 1017 725 1058 excellentiam,

142 1120 208 1158 13.
240 1119 470 1167 Angelorum
503 1129 638 1166 nempe
669 1120 822 1157 chorum

296 1175 490 1222 Dignitate
521 1186 692 1223 superas,

239 1232 496 1281 Principatus‚
528 1237 747 1281 potentatus

295 1289 345 1326 Et
377 1289 537 1326 virtutes
569 1295 727 1328 ceteras,

143 1391 207 1431 19.
238 1391 268 1429 O
296 1401 407 1437 quam
435 1395 544 1438 grata
575 1396 611 1427 et
642 1390 754 1428 beata

294 1447 375 1484 Tua
407 1451 464 1484 est
495 1448 696 1484 memoria!

238 1503 419 1542 Actiones
451 1508 487 1540 et
516 1514 708 1541 sermones

298 1560 369 1596 Tui
399 1565 485 1597 sunt
517 1560 698 1598 remedia.

139 1664 204 1702 20.
239 1663 383 1701 Cuncta
414 1666 518 1699 recta
550 1666 586 1698 et
616 1661 801 1710 perfecta,

298 1719 442 1757 Cuncta
472 1722 559 1755 sunt
589 1718 770 1765 salubria,

241 1776 300 1814 Ex
334 1775 391 1812 his
415 1775 528 1817 venit.
560 1785 656 1822 quae
677 1786 744 1812 nos
765 1774 873 1820 lenit,

300 1832 436 1870 Vitalis
469 1830 691 1878 fragrantia.

145 1936 212 1976 21.
245 1934 493 1972 Gratulamur
523 1937 559 1970 et
591 1943 771 1971 conamur

308 1991 458 2027 Laudes
490 1994 573 2026 tuas
606 2000 754 2037 canere,

245 2048 424 2093 Quamvis
456 2051 574 2083 totum
607 2056 671 2083 cor
703 2047 880 2084 devotum

306 2103 479 2150 Nequeat
511 2103 737 2150 exprimere.

150 2207 214 2244 22.
249 2205 312 2244 Sic
343 2210 399 2242 cst
434 2205 562 2254 densa,
596 2204 651 2241 sic
681 2204 864 2241 immensa

304 2261 446 2299 Laudis
477 2266 564 2298 tuae
597 2261 718 2308 copia,

247 2317 299 2356 Ut
331 2316 520 2366 profunda
551 2322 586 2354 et
619 2316 783 2354 facunda

305 2373 558 2412 Succumbant
588 2374 749 2421 ingenia.

151 2472 218 2511 23.
250 2471 370 2509 Nemo
387 2471 557 2518 praebet,
576 2474 736 2518 quantas
755 2470 881 2519 debet,

306 2528 457 2565 Laudes
487 2532 573 2565 tuae
603 2527 758 2574 gloriae,

249 2584 325 2630 Qua
358 2584 558 2631 processit,
590 2584 653 2631 qui
685 2583 868 2630 repressit

306 2642 510 2677 Auctorem
542 2640 722 2680 malitiae.

152 2736 217 2774 24.
249 2736 468 2785 Benedicta,
501 2746 596 2782 quae
627 2736 761 2773 relicta

312 2793 417 2829 Vana
449 2791 574 2830 carnis
605 2792 727 2839 gloria

250 2850 503 2886 Aeternorum
531 2848 752 2896 gaudiorum

309 2905 503 2942 Exstitisti
534 2905 677 2944 nuntia.

956 309 1023 346 25.
1058 306 1298 356 Benedictus,
1330 308 1392 356 qui
1424 307 1600 345 adflictus

1115 365 1245 402 Crucis
1277 366 1314 402 in
1347 364 1517 411 patibulo

1059 421 1135 458 Nos
1166 421 1327 458 salvavit
1359 426 1395 458 et
1428 420 1581 458 donavit

1119 478 1253 515 Pacem
1286 488 1351 515 suo
1383 477 1536 525 populo,

964 578 1028 617 26.
1065 578 1177 625 Virgo
1209 578 1322 623 mitis,
1355 578 1512 615 infinitis

1120 634 1381 673 Praedicanda
1412 635 1599 679 laudibus,

1061 691 1182 729 Tuum
1215 695 1341 727 natum
1374 690 1435 728 fac
1466 692 1658 738 placatum

1118 747 1271 784 Cunctis
1303 752 1339 784 te
1371 748 1592 788 colentibus,

960 849 1027 887 27.
1062 848 1119 885 Da
1148 848 1359 895 perfectum
1391 849 1637 897 intellectum,

1116 905 1194 951 Quo
1228 905 1391 942 devitem
1424 905 1535 943 noxia

1059 962 1138 999 Fac
1169 972 1226 998 me
1258 972 1367 998 nosse
1399 965 1434 998 et
1468 962 1515 999 da
1546 972 1659 1009 posse

1115 1018 1291 1065 Quaeque
1321 1022 1407 1055 sunt
1438 1018 1559 1057 utilia.

959 1120 1024 1158 28.
1058 1120 1196 1159 Curam
1228 1129 1328 1168 gere,
1361 1123 1402 1156 ut
1432 1119 1579 1156 sincere

1117 1176 1343 1213 Conversari
1375 1176 1548 1213 studeam

1057 1232 1108 1270 Et
1140 1233 1298 1270 devotus
1331 1233 1456 1269 carnis
1487 1237 1608 1270 motus

1115 1289 1260 1336 Spiritu
1291 1299 1498 1329 coerceam.

962 1391 1028 1430 29.
1060 1391 1188 1428 Mater
1218 1391 1317 1437 agni⁷
1350 1391 1413 1438 qui
1445 1390 1598 1437 tyranni

1119 1447 1250 1484 Yictor
1281 1447 1381 1494 cepit
1413 1447 1547 1495 spolia,

1059 1504 1139 1551 Quo
1171 1503 1252 1540 elisi
1284 1504 1454 1550 paradisi

1119 1560 1300 1598 Caremus
1330 1560 1488 1598 laetitia.

959 1663 1024 1701 30.
1058 1661 1187 1700 Noxas
1220 1661 1304 1698 dele
1335 1662 1553 1708 parentelae

1112 1718 1224 1755 Meae
1254 1718 1328 1755 tuis
1359 1718 1535 1764 precibus

1059 1775 1110 1812 Et
1141 1775 1190 1812 da
1221 1775 1366 1829 cunctis
1397 1775 1489 1811 mihi
1521 1774 1658 1811 iunctis

1117 1831 1209 1868 Frui
1240 1831 1349 1868 bonis
1381 1831 1565 1869 omnibus.

967 1934 1032 1973 31.
1066 1933 1182 1979 Virgo
1213 1936 1356 1978 sancta,
1389 1936 1510 1969 mater
1541 1935 1657 1980 casta,

1121 1989 1247 2026 David
1278 1989 1406 2035 proles
1437 1988 1581 2035 inclita,

1068 2046 1135 2084 Pia
1165 2055 1278 2092 prece
1310 2056 1376 2082 nos
1409 2045 1455 2081 de
1487 2043 1591 2082 faece

1123 2103 1371 2140 Peccatorum
1402 2102 1558 2140 suscita.

965 2205 1030 2242 32.
1063 2203 1194 2240 Proles
1213 2204 1327 2250 Iesse,
1351 2214 1420 2250 per
1437 2213 1546 2250 quarn
1567 2201 1697 2239 fessae

1118 2260 1362 2306 Reparantur
1392 2259 1550 2306 animae,

1064 2317 1142 2355 Fac
1172 2327 1238 2353 nos
1269 2315 1387 2353 fortes
1419 2320 1456 2352 et
1487 2315 1662 2352 cohortes

1120 2372 1379 2410 Tenebrarum
1411 2372 1629 2419 comprime.

970 2471 1036 2509 33.
1068 2469 1129 2506 Ab
1159 2469 1217 2506 his
1248 2469 1334 2506 telis
1365 2474 1448 2505 tuos
1480 2468 1574 2505 velis

1124 2525 1324 2572 Supplices
1357 2523 1563 2562 defendere

1067 2581 1208 2628 Quibus
1226 2582 1338 2630 perit,
1351 2581 1519 2628 quisquis
1532 2580 1695 2627 quaerit,

1125 2638 1239 2678 Carni
1270 2636 1504 2677 satisfacere.

969 2737 1037 2774 34.
1071 2734 1185 2780 Virgo
1216 2733 1325 2779 lenis,
1358 2743 1425 2770 nos
1456 2743 1478 2769 a
1505 2731 1637 2780 poenis

1123 2790 1236 2828 Salva
1266 2788 1536 2836 gehennalibus

1067 2847 1147 2884 Nec
1179 2846 1368 2883 substerni
1399 2856 1465 2882 nos
1496 2844 1637 2882 inferni

1123 2902 1232 2941 Sinas
1265 2902 1505 2940 cruciatibus.
