1914 3223
752 189 801 194 —
863 166 943 206 431

173 283 209 320 7.
243 280 516 319 Commendare
548 291 606 317 me
639 280 796 329 dignare

138 1094 203 1133 10.

137 1365 200 1404 11.

132 1909 197 1947 13.

132 2181 197 2219 14.

130 2446 195 2485 15.

132 2711 198 2749 16.

296 337 460 383 Christo,
494 341 557 374 tuo
588 337 679 387 tilio,

240 393 292 432 Ut>
323 405 396 431 non
428 394 579 437 cadam,
613 393 679 430 sed
713 393 869 430 evadam

295 450 352 487 De
383 449 511 486 mundi
543 449 753 496 naufragio.

238 551 316 588 Fac
347 561 405 588 me
437 550 582 593 mitem,
618 550 717 597 pelle
749 550 864 600 litem,

294 608 500 653 Compesce
531 607 737 655 lasciviam,

237 665 377 702 Contra
408 664 547 700 crimen
581 664 630 701 da
661 663 850 700 munimen

297 721 343 758 Et
374 720 511 757 mentis
543 720 806 760 constantiam.

237 821 323 858 Non
354 832 413 859 me
442 822 532 868 liget
563 831 633 858 nec
665 821 797 868 fatiget

293 877 442 915 Saeculi
473 878 676 924 cupiditas,

236 936 340 980 Quae
370 934 547 972 obscurat
580 939 615 971 et
647 934 800 971 indurat

289 991 440 1028 Mentes
471 991 542 1027 sibi
575 991 759 1028 subditas.

237 1093 435 1139 Nunquam
463 1093 531 1138 ira,
565 1103 754 1139 nunquam
785 1092 868 1129 dira

290 1150 356 1188 Me
388 1150 513 1186 vincat
545 1149 672 1197 elatio,

233 1208 336 1253 Quae
376 1206 577 1242 multorum
608 1204 648 1242 fit
681 1206 866 1243 malorum

292 1261 529 1309 Frequenter
557 1263 719 1299 occasio.

234 1365 308 1403 Ora
339 1365 471 1414 Deum,
505 1369 545 1401 ut
578 1375 643 1401 cor
674 1374 795 1400 meum

290 1421 366 1459 Sua
397 1426 519 1458 servet
552 1421 687 1468 gratia,

233 1478 290 1514 Ne
321 1478 498 1524 antiquus
530 1477 704 1514 inimicus

290 1534 455 1572 Seminet
483 1534 640 1571 zizania.

192 1666 200 1675 .
233 1637 291 1674 Da
322 1637 503 1674 virtutum
534 1636 625 1672 mihi
656 1641 803 1675 scutum

286 1693 344 1730 Ne
375 1694 412 1730 in
446 1693 544 1730 bello
577 1694 774 1731 concidam

230 1750 362 1787 Fidem
372 1755 527 1796 rectam,
536 1760 640 1796 spem
652 1750 856 1796 robustam,

289 1807 496 1846 Caritatcm
529 1806 728 1845 fervidam.

231 1909 290 1947 Da
323 1907 463 1945 furoris
495 1914 530 1945 et
562 1909 709 1946 timoris

286 1966 474 2011 Superare
505 1966 610 2011 vitia,

229 2023 279 2060 Et
301 2027 342 2058 ut
363 2022 529 2070 linguam
547 2022 601 2058 sic
621 2022 864 2070 restringam,

287 2078 344 2115 Ne
378 2079 554 2126 loquatur
584 2079 709 2116 noxia.

229 2180 349 2218 Maris
381 2181 503 2225 stella,
535 2180 753 2228 interpella,

283 2237 400 2282 Quem
432 2237 593 2284 portasti
623 2242 744 2284 utero⁷

230 2293 282 2331 Ut
314 2294 384 2330 hoc
414 2305 518 2331 mare
549 2299 784 2330 transmeare

287 2350 409 2388 Cursu
442 2351 555 2387 donet
587 2359 784 2397 prospero,

229 2446 301 2482 Det
332 2446 504 2482 timorem
537 2450 573 2482 et
604 2456 768 2483 amorem

283 2501 347 2539 Sui
379 2512 529 2548 semper
559 2503 734 2546 nominis,

227 2558 351 2595 Donet
383 2569 514 2605 pacem
546 2563 582 2595 et
613 2557 808 2595 fornacem

284 2614 493 2662 Extinguat
525 2615 708 2653 libidinis.

230 2710 437 2759 Castitatis‚
470 2711 622 2757 pietatis

283 2767 518 2804 Munimenta
550 2765 734 2812 conferat,

225 2823 331 2860 Assit
363 2828 489 2860 rector
519 2828 555 2860 et
587 2828 781 2870 protector

286 2879 368 2916 Nec
398 2891 558 2926 unquam
592 2890 650 2916 me
683 2879 845 2918 deserat.

960 282 1024 319 17.
1056 281 1086 318 Ο
1118 275 1327 327 praeclara⁷
1362 280 1458 317 viam
1492 292 1585 330 para

1114 337 1174 374 Ad
1208 348 1408 383 supernam
1441 338 1617 384 patriam,

1057 393 1119 430 Sic
1150 404 1208 429 ine
1239 404 1341 441 sana,
1375 397 1417 430 ut
1449 394 1640 432 mundana

1114 450 1263 487 Gaudia
1295 450 1514 497 despiciam.

961 551 1024 589 18.
1059 551 1167 597 Quod
1200 551 1375 598 imploro,
1406 562 1479 588 non
1512 552 1643 599 ignoro

1111 607 1213 644 Dare
1245 611 1281 643 te
1314 606 1502 656 fidelibus,

1053 664 1166 701 Cuius
1198 664 1299 700 iussa
1333 664 1556 702 inconcussa

1108 721 1264 757 Manent
1297 720 1418 758 modis
1453 721 1639 759 omnibus.

957 821 1022 859 19.
1054 822 1182 858 Mater
1213 821 1322 871 bona,
1361 822 1454 858 meis
1487 823 1585 860 dona

1110 877 1290 924 Requiem
1324 878 1545 924 parentibus

1059 935 1215 972 Necnon
1235 935 1379 971 cunctis
1405 934 1478 971 iam
1500 934 1690 974 defunctis

1109 991 1218 1028 Notis
1250 996 1287 1027 et
1317 989 1508 1031 affinibus,

954 1093 1019 1130 20.
1053 1093 1165 1130 Hunc
1197 1102 1351 1139 egenum
1384 1091 1445 1130 fac
1466 1094 1514 1130 ad
1536 1094 1689 1140 plenum

1112 1149 1315 1185 Pervenire
1345 1150 1540 1196 gaudium,

1050 1206 1130 1251 Quo
1161 1215 1313 1242 manere
1344 1210 1379 1242 et
1411 1207 1543 1243 videre

1107 1262 1227 1299 Tuum
1260 1263 1400 1308 possim
1435 1261 1566 1300 filium*

955 1365 1022 1402 21.
1055 1364 1163 1400 Meos
1195 1368 1304 1400 notos
1335 1361 1396 1401 fac
1428 1363 1584 1401 devotos

1112 1420 1188 1456 Piis
1220 1430 1371 1466 semper
1401 1420 1562 1466 actibus,

1053 1477 1103 1514 Ut
1133 1476 1322 1513 mandatis
1354 1477 1526 1513 veritatis

1111 1533 1217 1571 Totis
1249 1533 1391 1570 instent
1423 1533 1581 1572 viribus,

949 1639 1018 1677 22.
1051 1637 1157 1674 Mala
1187 1637 1286 1683 pelle
1318 1641 1353 1673 et
1386 1637 1522 1674 refelle

1103 1693 1279 1730 Hostium
1311 1693 1512 1741 versutias,

1047 1750 1248 1795 Spiritales
1281 1755 1317 1786 et
1349 1750 1520 1786 carnales

1103 1806 1307 1853 Compesce
1337 1806 1537 1853 nequitias,

950 1909 1014 1948 23.
1052 1908 1165 1954 virgo
1196 1908 1302 1952 lenis,
1336 1919 1358 1945 a
1389 1908 1532 1944 catenis

1106 1965 1312 2002 Criminum
1346 1975 1413 2001 nos
1445 1964 1564 2010 eripe,

1053 2021 1099 2059 Ut
1133 2021 1247 2058 soluti
1278 2021 1394 2057 simus
1426 2021 1498 2057 tuti

1109 2078 1217 2114 Victo
1249 2078 1381 2115 mortis
1412 2077 1600 2124 principe.

948 2182 1011 2219 24.
1045 2179 1282 2217 Adiutricem
1315 2182 1351 2216 et
1383 2179 1560 2215 tutricem

1102 2236 1156 2273 Te
1186 2235 1325 2282 ubique
1357 2235 1534 2277 sentiant,

1044 2293 1115 2339 Qui
1148 2290 1296 2328 felicem
1328 2292 1557 2338 genetricem

1105 2349 1176 2385 Dei
1208 2355 1244 2385 te
1276 2349 1535 2395 pronuntiant.

947 2447 1012 2483 25.
1044 2445 1164 2482 Maris
1196 2444 1318 2488 stella,
1353 2443 1400 2481 (lc
1431 2443 1602 2490 procella

1103 2501 1249 2538 Saeculi
1282 2511 1350 2537 nos
1380 2500 1503 2536 libera

1046 2557 1286 2604 Protegendo
1317 2561 1353 2593 et
1385 2555 1604 2602 praebendo

1105 2614 1248 2651 Cuncta
1280 2613 1388 2650 nobis
1420 2622 1617 2660 prospera.

945 2711 1010 2748 26.
1043 2709 1233 2756 Splendor
1244 2709 1376 2756 patris,
1393 2706 1669 2755 factormatris,

1101 2766 1198 2813 Iesu,
1230 2770 1359 2802 nostra
1390 2764 1523 2812 gloria,

1044 2822 1113 2869 Da,
1147 2829 1185 2858 ut
1219 2822 1303 2859 fiam
1334 2832 1402 2868 per
1436 2821 1599 2859 Mariam

1101 2878 1172 2915 'sui
1206 2879 1340 2925 dignus
1371 2878 1506 2925 gratia.
