1914 3223
687 196 997 237 —417—

566 352 648 387 380.
685 352 766 394 (19.)
800 352 923 388 Feria
948 352 1111 401 Quinta.

637 429 704 466 Ad
734 429 1049 476 Completorium-

890 533 927 570 3.
960 532 1102 568 Venter
1131 532 1279 569 Mariae
1310 532 1499 570 thalamus

961 588 1181 635 Sponsaque
1213 590 1291 626 eius
1322 590 1447 626 anima

960 645 1201 691 Sponsusque
1230 646 1402 683 Christus
1425 646 1620 696 Dominus,

959 702 1086 738 Vestis
1114 702 1245 739 trabea
1278 714 1426 742 carnea.

76 531 112 570 1.
144 530 312 578 Sponsae
343 531 532 578 iungendo
563 530 642 568 filio

144 588 186 624 ln
218 588 402 624 claritatis
433 588 600 625 thalamo

144 643 382 681 Collateralis
415 646 537 681 socius

146 701 259 737 Pater
289 706 371 738 erat
402 706 438 737 et
470 700 640 747 spiritus,

73 793 111 830 2.
143 789 248 828 Stola
279 802 375 827 nova
405 791 575 827 induitur
889 793 927 830 4.
960 791 990 829 Ο
1021 802 1198 837 sponsam
1231 790 1550 840 fecundissimam,

143 847 217 884 Hic
248 847 468 884 domicellus
499 847 653 891 nobilis,
960 848 1061 894 Quae
1093 849 1213 894 replet
1247 849 1339 886 caeli
1372 850 1513 887 curiam

143 904 293 941 Decora
323 915 461 952 pompa
491 904 665 950 graditur
960 905 1023 942 Ad
1055 904 1204 941 laudem
1236 906 1336 952 rugis
1367 906 1510 952 gloriae

146 962 315 1007 Sponsae
347 960 484 998 vestitu
515 960 661 998 similis.
961 961 1152 998 Venustae
1183 962 1301 1008 prolis
1332 963 1500 1009 agmine!

148 1050 348 1092 Klemming
371 1050 417 1089 Π,
444 1046 519 1081 143.

583 1149 664 1185 381.
700 1149 781 1191 (20.)
815 1150 936 1186 Feria
961 1149 1101 1187 Sexta.

663 1227 730 1265 Ad
758 1227 1016 1266 Nocturnum.

889 1331 928 1369 4.
959 1329 1062 1366 Fons
1092 1329 1192 1367 vitae
1222 1330 1285 1366 siti
1315 1330 1426 1374 aruit,

961 1386 1031 1431 Qui
1062 1386 1163 1423 vitae
1192 1390 1319 1432 potum
1354 1387 1499 1436 tribuit,

963 1443 1031 1480 Cui
1064 1441 1114 1479 fel
1147 1454 1220 1490 pro,
1250 1442 1335 1481 favo
1366 1444 1554 1495 redditur,

962 1499 1061 1536 Dum
1093 1500 1140 1536 de
1171 1500 1233 1536 siti
1266 1501 1520 1547 conqueritur.

76 1331 113 1370 1.
144 1329 302 1368 Relictis
334 1329 464 1366 mundi
496 1328 644 1366 frivolis

143 1386 243 1425 locis
274 1386 454 1433 vanisque
481 1386 629 1433 gaudiis

144 1443 396 1482 Revolvamu‘s
426 1443 464 1479 in
496 1443 630 1480 animis

145 1500 232 1538 Nati
266 1505 454 1537 tormenta
483 1500 653 1547 virginis.

76 1593 113 1630 2.
144 1590 214 1638 Qui
245 1601 333 1628 vere
362 1591 520 1638 lympha
549 1590 706 1637 triplici,
891 1592 929 1628 5.
960 1590 1080 1628 Auxit
1112 1590 1262 1636 dolores
1293 1590 1362 1627 filii

146 1646 271 1696 Fletu,
303 1648 454 1694 sudore,
487 1648 669 1694 sanguine
960 1647 1081 1684 Dolor
1110 1648 1255 1695 matris,
1288 1653 1325 1684 et
1354 1654 1486 1685 auctus
1517 1652 1576 1686 est

145 1704 347 1742 Mandavit
376 1715 443 1741 nos
474 1704 677 1751 multiplici
960 1703 1099 1741 Matris
1132 1704 1240 1740 dolor
1270 1704 1500 1754 opprobriis,

146 1761 414 1808 coinquinatos
446 1761 614 1800 crimine.
959 1762 1063 1808 Quae
1085 1771 1166 1797 cum
1184 1762 1314 1807 poenis
1331 1772 1533 1808 perpessus
1551 1766 1621 1802 est.

77 1854 113 1891 3.
144 1853 349 1890 Pensemus
379 1853 513 1890 matris
545 1852 698 1889 tremuli

148 1908 284 1955 Spinas
315 1909 441 1946 cordis
469 1909 687 1958 acerrimas,

148 1965 245 2002 Dum
277 1965 372 2003 vidit
402 1977 538 2012 corpus
570 1965 639 2002 filii

149 2022 294 2060 Poenas
322 2023 401 2070 pati
431 2034 542 2069 quam
572 2023 769 2069 plurimas·

153 2109 184 2150 2,
211 2110 234 2144 4
261 2113 426 2145 Coinatos
453 2113 490 2145 C.
515 2130 558 2136 —
584 2111 615 2151 5,
644 2111 660 2144 1
686 2113 790 2145 Ausit
813 2111 910 2145 doles
935 2112 1034 2145 ABG.
1060 2130 1104 2135 —-
1129 2110 1160 2151 5,
1186 2110 1207 2144 2
1232 2116 1266 2144 et
1291 2114 1412 2143 anctus
1438 2115 1491 2144 est
1514 2113 1555 2144 Β.
1580 2129 1626 2135 -—

63 2153 94 2198 6,
118 2155 140 2189 2
163 2157 196 2190 ff.
220 2157 334 2190 fehlen
359 2159 399 2189 A.
425 2176 468 2179 —
492 2159 692 2200 Klemming
717 2159 762 2198 ΙΙ,
787 2155 841 2190 83.

895 1853 933 1891 6.
967 1851 1030 1889 Sic
1060 1856 1190 1888 nostra
1222 1851 1339 1888 corda
1370 1857 1554 1903 penetret,

963 1909 993 1947 Ο
1027 1909 1124 1955 Iesu,
1157 1912 1222 1945 tua
1252 1909 1389 1957 passio,

962 1965 1014 2003 Ut
1045 1975 1195 2011 semper
1224 1955 1292 2002 nos
1322 1965 1510 2003 inhabitet

962 2022 1045 2059 Tua
1074 2032 1165 2059 vera
1197 2021 1363 2059 dilectio.

581 2315 663 2351 332.
698 2315 780 2357 (21.)
813 2314 935 2350 Feria
961 2313 1102 2351 Sexta.

710 2386 778 2424 Ad
804 2386 976 2426 Laudes,

80 2487 117 2527 1.
147 2488 314 2536 Rogatus
344 2489 448 2527 Deus
477 2499 655 2536 rumpere
895 2490 932 2527 3.
964 2488 1071 2525 Haec
1099 2493 1197 2535 sunt,
1229 2498 1326 2534 quae
1347 2488 1453 2535 virgo
1474 2489 1624 2526 viderat

149 2545 282 2583 Caelos
313 2550 351 2582 et
381 2546 454 2583 huc
485 2546 731 2593 descendere,

150 2601 263 2639 Venit
291 2602 399 2639 nobis
430 2603 468 2640 in
500 2603 645 2650 virgine

149 2657 228 2696 Nos
259 2659 387 2696 volens
417 2660 542 2697 salvos
574 2659 713 2700 facere.

110 2777 119 2786 .
150 2748 280 2799 sputa,
310 2748 472 2797 flagella,
503 2751 649 2798 lancea,

150 2804 290 2852 Minae,
320 2807 472 2853 probra,
506 2818 609 2857 crux,
634 2805 806 2855 verbera,

150 2861 280 2909 Clavi,
312 2863 456 2910 spinae,
489 2875 602 2913 mors,
636 2863 805 2913 vulnera,

149 2916 233 2967 Fel,
261 2919 397 2970 vincla,
430 2922 554 2958 carnis
584 2920 731 2966 tubera,

134 2985 297 3022 Dreves,
323 2988 571 3024 Hymnographi
591 2988 710 3016 Latini.
747 2987 774 3015 Ι.

964 2545 1039 2583 Suo
1071 2546 1198 2592 parari
1230 2545 1320 2588 filio,

964 2602 1034 2649 Qui
1065 2602 1229 2638 liberare
1260 2604 1416 2637 venerat

965 2659 1001 2695 A
1032 2659 1138 2705 gravi
1170 2669 1236 2695 nos
1267 2657 1414 2695 exsilio.

922 2780 931 2789 .
964 2749 1140 2788 Patibulo
1172 2749 1429 2797 suspenditur,

962 2806 1192 2843 Latronibus
1224 2805 1474 2854 coniungitur,

963 2864 999 2901 A
1031 2863 1174 2899 cunctis
1205 2860 1286 2900 fere
1317 2861 1524 2909 spernitur,

964 2920 1027 2959 Sic
1057 2919 1247 2957 desolatus
1279 2918 1450 2956 moritur.

1377 2982 1420 3016 27
