<?xml version="1.0" encoding="UTF-8"?>
<!DOCTYPE html PUBLIC "-//W3C//DTD XHTML 1.0 Transitional//EN"
    "http://www.w3.org/TR/xhtml1/DTD/xhtml1-transitional.dtd">
<html xmlns="http://www.w3.org/1999/xhtml" xml:lang="en" lang="en">
 <head>
  <title>
</title>
<meta http-equiv="Content-Type" content="text/html;charset=utf-8" />
  <meta name='ocr-system' content='tesseract 3.04.00' />
  <meta name='ocr-capabilities' content='ocr_page ocr_carea ocr_par ocr_line ocrx_word'/>
</head>
<body>
  <div class='ocr_page' id='page_1' title='image "./hymnographilatin01drevuoft_0338.png"; bbox 0 0 2031 3289; ppageno 0'>
   <div class='ocr_carea' id='block_1_1' title="bbox 951 170 1260 218">
    <p class='ocr_par' dir='ltr' id='par_1_1' title="bbox 951 170 1260 218">
     <span class='ocr_line' id='line_1_1' title="bbox 951 170 1260 218; baseline 0 0"><span class='ocrx_word' id='word_1_1' title='bbox 951 170 1260 218; x_wconf 74' lang='lat'><strong>—332—</strong></span> 
     </span>
    </p>
   </div>
   <div class='ocr_carea' id='block_1_2' title="bbox 346 286 912 345">
    <p class='ocr_par' dir='ltr' id='par_1_2' title="bbox 346 286 912 345">
     <span class='ocr_line' id='line_1_2' title="bbox 346 286 912 345; baseline -0.007 -13"><span class='ocrx_word' id='word_1_2' title='bbox 346 292 410 334; x_wconf 92' lang='lat'>10.</span> <span class='ocrx_word' id='word_1_3' title='bbox 443 286 514 345; x_wconf 82' lang='lat' dir='ltr'>Et,</span> <span class='ocrx_word' id='word_1_4' title='bbox 545 293 577 330; x_wconf 92' lang='lat' dir='ltr'>si</span> <span class='ocrx_word' id='word_1_5' title='bbox 610 293 758 330; x_wconf 84' lang='lat' dir='ltr'>dicatur</span> <span class='ocrx_word' id='word_1_6' title='bbox 788 292 912 329; x_wconf 81' lang='lat' dir='ltr'>verius</span> 
     </span>
    </p>
   </div>
   <div class='ocr_carea' id='block_1_3' title="bbox 443 348 1049 734">
    <p class='ocr_par' dir='ltr' id='par_1_3' title="bbox 444 348 990 453">
     <span class='ocr_line' id='line_1_3' title="bbox 444 348 919 396; baseline -0.004 -9"><span class='ocrx_word' id='word_1_7' title='bbox 444 351 517 387; x_wconf 92' lang='lat' dir='ltr'>Pro</span> <span class='ocrx_word' id='word_1_8' title='bbox 548 350 621 387; x_wconf 89' lang='lat' dir='ltr'>reis</span> <span class='ocrx_word' id='word_1_9' title='bbox 653 354 689 386; x_wconf 85' lang='lat' dir='ltr'>et</span> <span class='ocrx_word' id='word_1_10' title='bbox 718 348 919 396; x_wconf 84' lang='lat' dir='ltr'>salubrius,</span> 
     </span>
     <span class='ocr_line' id='line_1_4' title="bbox 500 405 990 453; baseline -0.006 -9"><span class='ocrx_word' id='word_1_11' title='bbox 500 409 607 453; x_wconf 84' lang='lat' dir='ltr'>Ipsos</span> <span class='ocrx_word' id='word_1_12' title='bbox 644 409 812 442; x_wconf 82' lang='lat' dir='ltr'>errantes</span> <span class='ocrx_word' id='word_1_13' title='bbox 846 405 990 452; x_wconf 79' lang='lat' dir='ltr'>dirigis,</span> 
     </span>
    </p>

    <p class='ocr_par' dir='ltr' id='par_1_4' title="bbox 445 460 899 510">
     <span class='ocr_line' id='line_1_5' title="bbox 445 460 899 510; baseline -0.004 -10"><span class='ocrx_word' id='word_1_14' title='bbox 445 464 552 510; x_wconf 87' lang='lat' dir='ltr'>Ipsos</span> <span class='ocrx_word' id='word_1_15' title='bbox 584 463 711 508; x_wconf 90' lang='lat' dir='ltr'>lapsos</span> <span class='ocrx_word' id='word_1_16' title='bbox 742 460 899 498; x_wconf 88' lang='lat' dir='ltr'>inferius</span> 
     </span>
    </p>

    <p class='ocr_par' dir='ltr' id='par_1_5' title="bbox 446 518 994 621">
     <span class='ocr_line' id='line_1_6' title="bbox 446 518 876 563; baseline -0.005 -7"><span class='ocrx_word' id='word_1_17' title='bbox 446 520 495 556; x_wconf 85' lang='lat' dir='ltr'>Et</span> <span class='ocrx_word' id='word_1_18' title='bbox 526 520 690 556; x_wconf 83' lang='lat' dir='ltr'>iacentes</span> <span class='ocrx_word' id='word_1_19' title='bbox 724 518 876 563; x_wconf 84' lang='lat' dir='ltr'>diutius,</span> 
     </span>
     <span class='ocr_line' id='line_1_7' title="bbox 500 575 994 621; baseline -0.002 -9"><span class='ocrx_word' id='word_1_20' title='bbox 500 575 656 620; x_wconf 73' lang='lat' dir='ltr'>Quando</span> <span class='ocrx_word' id='word_1_21' title='bbox 687 579 849 621; x_wconf 79' lang='lat' dir='ltr'>oportet,</span> <span class='ocrx_word' id='word_1_22' title='bbox 882 575 994 621; x_wconf 81' lang='lat' dir='ltr'>erigis</span> 
     </span>
    </p>

    <p class='ocr_par' dir='ltr' id='par_1_6' title="bbox 443 631 1049 678">
     <span class='ocr_line' id='line_1_8' title="bbox 443 631 1049 678; baseline -0.003 -9"><span class='ocrx_word' id='word_1_23' title='bbox 443 632 493 669; x_wconf 84' lang='lat' dir='ltr'>Et</span> <span class='ocrx_word' id='word_1_24' title='bbox 524 631 747 678; x_wconf 81' lang='lat' dir='ltr'>quandoque</span> <span class='ocrx_word' id='word_1_25' title='bbox 780 631 847 667; x_wconf 88' lang='lat' dir='ltr'>hos</span> <span class='ocrx_word' id='word_1_26' title='bbox 880 631 1049 677; x_wconf 80' lang='lat' dir='ltr'>corrigis,</span> 
     </span>
    </p>

    <p class='ocr_par' dir='ltr' id='par_1_7' title="bbox 444 687 1003 734">
     <span class='ocr_line' id='line_1_9' title="bbox 444 687 1003 734; baseline -0.004 -9"><span class='ocrx_word' id='word_1_27' title='bbox 444 688 502 726; x_wconf 87' lang='lat' dir='ltr'>Ne</span> <span class='ocrx_word' id='word_1_28' title='bbox 530 699 661 724; x_wconf 88' lang='lat' dir='ltr'>manus</span> <span class='ocrx_word' id='word_1_29' title='bbox 692 687 821 724; x_wconf 89' lang='lat' dir='ltr'>mundi</span> <span class='ocrx_word' id='word_1_30' title='bbox 853 687 1003 734; x_wconf 86' lang='lat' dir='ltr'>remigis</span> 
     </span>
    </p>
   </div>
   <div class='ocr_carea' id='block_1_4' title="bbox 330 2302 1045 2348">
    <p class='ocr_par' dir='ltr' id='par_1_8' title="bbox 330 2302 1045 2348">
     <span class='ocr_line' id='line_1_10' title="bbox 330 2302 1045 2348; baseline -0.004 -9"><span class='ocrx_word' id='word_1_31' title='bbox 330 2308 360 2339; x_wconf 82' lang='lat' dir='ltr'>ei</span> <span class='ocrx_word' id='word_1_32' title='bbox 387 2308 536 2339; x_wconf 79' lang='lat' dir='ltr'>dextera.</span> <span class='ocrx_word' id='word_1_33' title='bbox 569 2323 612 2327; x_wconf 97' lang='lat'><strong>—</strong></span> <span class='ocrx_word' id='word_1_34' title='bbox 642 2304 691 2339; x_wconf 72' lang='lat'>10,</span> <span class='ocrx_word' id='word_1_35' title='bbox 718 2304 737 2337; x_wconf 89' lang='grc'>6</span> <span class='ocrx_word' id='word_1_36' title='bbox 763 2302 872 2345; x_wconf 71' lang='lat' dir='ltr'>Quam</span> <span class='ocrx_word' id='word_1_37' title='bbox 900 2310 1045 2348; x_wconf 68' lang='lat' dir='ltr'>oportet.</span> 
     </span>
    </p>
   </div>
   <div class='ocr_carea' id='block_1_5' title="bbox 1240 292 1772 621">
    <p class='ocr_par' dir='ltr' id='par_1_9' title="bbox 1240 292 1574 341">
     <span class='ocr_line' id='line_1_11' title="bbox 1240 292 1574 341; baseline -0.003 -12"><span class='ocrx_word' id='word_1_38' title='bbox 1240 293 1447 330; x_wconf 79' lang='lat' dir='ltr'>inusitatus</span> <span class='ocrx_word' id='word_1_39' title='bbox 1477 292 1574 341; x_wconf 86' lang='lat' dir='ltr'>usui,</span> 
     </span>
    </p>

    <p class='ocr_par' dir='ltr' id='par_1_10' title="bbox 1244 347 1765 449">
     <span class='ocr_line' id='line_1_12' title="bbox 1244 347 1758 395; baseline -0.002 -10"><span class='ocrx_word' id='word_1_40' title='bbox 1244 349 1368 386; x_wconf 79' lang='lat' dir='ltr'>Vetito</span> <span class='ocrx_word' id='word_1_41' title='bbox 1399 349 1587 395; x_wconf 86' lang='lat' dir='ltr'>quondam</span> <span class='ocrx_word' id='word_1_42' title='bbox 1619 347 1758 386; x_wconf 88' lang='lat' dir='ltr'>fructui</span> 
     </span>
     <span class='ocr_line' id='line_1_13' title="bbox 1284 405 1765 449; baseline -0.004 -7"><span class='ocrx_word' id='word_1_43' title='bbox 1284 406 1326 442; x_wconf 91' lang='lat' dir='ltr'>In</span> <span class='ocrx_word' id='word_1_44' title='bbox 1357 405 1528 442; x_wconf 86' lang='lat' dir='ltr'>omnibus</span> <span class='ocrx_word' id='word_1_45' title='bbox 1560 405 1765 449; x_wconf 89' lang='lat' dir='ltr'>dissimilis,</span> 
     </span>
    </p>

    <p class='ocr_par' dir='ltr' id='par_1_11' title="bbox 1241 461 1657 499">
     <span class='ocr_line' id='line_1_14' title="bbox 1241 461 1657 499; baseline -0.002 0"><span class='ocrx_word' id='word_1_46' title='bbox 1241 461 1482 499; x_wconf 82' lang='lat' dir='ltr'>Solurnmodo</span> <span class='ocrx_word' id='word_1_47' title='bbox 1513 461 1657 498; x_wconf 89' lang='lat' dir='ltr'>auditui</span> 
     </span>
    </p>

    <p class='ocr_par' dir='ltr' id='par_1_12' title="bbox 1242 517 1772 621">
     <span class='ocr_line' id='line_1_15' title="bbox 1242 517 1765 555; baseline -0.004 0"><span class='ocrx_word' id='word_1_48' title='bbox 1242 518 1292 555; x_wconf 84' lang='lat' dir='ltr'>Et</span> <span class='ocrx_word' id='word_1_49' title='bbox 1322 529 1395 555; x_wconf 88' lang='lat' dir='ltr'>non</span> <span class='ocrx_word' id='word_1_50' title='bbox 1427 518 1538 555; x_wconf 84' lang='lat' dir='ltr'>alteri</span> <span class='ocrx_word' id='word_1_51' title='bbox 1569 517 1694 554; x_wconf 91' lang='lat' dir='ltr'>sensui</span> <span class='ocrx_word' id='word_1_52' title='bbox 1760 540 1765 545; x_wconf 86' lang='lat'>-</span> 
     </span>
     <span class='ocr_line' id='line_1_16' title="bbox 1283 573 1772 621; baseline 0.004 -10"><span class='ocrx_word' id='word_1_53' title='bbox 1283 575 1379 611; x_wconf 84' lang='lat' dir='ltr'>Fide</span> <span class='ocrx_word' id='word_1_54' title='bbox 1411 573 1772 621; x_wconf 77' lang='lat' dir='ltr'>comprehensibilis,</span> 
     </span>
    </p>
   </div>
   <div class='ocr_carea' id='block_1_6' title="bbox 280 706 1890 2302">
    <p class='ocr_par' dir='ltr' id='par_1_13' title="bbox 280 706 1890 2302">
     <span class='ocr_line' id='line_1_17' title="bbox 556 706 1763 751; baseline -0.004 0"><span class='ocrx_word' id='word_1_55' title='bbox 556 745 562 751; x_wconf 95' lang='lat'><strong><em>.</em></strong></span> <span class='ocrx_word' id='word_1_56' title='bbox 621 745 627 751; x_wconf 93' lang='lat'>.</span> <span class='ocrx_word' id='word_1_57' title='bbox 884 745 889 750; x_wconf 95' lang='lat'>.</span> <span class='ocrx_word' id='word_1_58' title='bbox 1146 710 1209 749; x_wconf 85' lang='lat'>13.</span> <span class='ocrx_word' id='word_1_59' title='bbox 1242 706 1420 749; x_wconf 78' lang='lat' dir='ltr'>Ventris</span> <span class='ocrx_word' id='word_1_60' title='bbox 1451 706 1515 748; x_wconf 83' lang='lat' dir='ltr'>tui</span> <span class='ocrx_word' id='word_1_61' title='bbox 1544 709 1583 745; x_wconf 88' lang='lat' dir='ltr'>in</span> <span class='ocrx_word' id='word_1_62' title='bbox 1615 709 1763 746; x_wconf 82' lang='lat' dir='ltr'>hortulo</span> 
     </span>
     <span class='ocr_line' id='line_1_18' title="bbox 501 744 1699 812; baseline -0.003 -8"><span class='ocrx_word' id='word_1_63' title='bbox 501 745 657 791; x_wconf 73' lang='lat' dir='ltr'>Ahqmd</span> <span class='ocrx_word' id='word_1_64' title='bbox 690 749 777 791; x_wconf 65' lang='lat' dir='ltr'>agat</span> <span class='ocrx_word' id='word_1_65' title='bbox 809 744 959 788; x_wconf 64' lang='lat' dir='ltr'>dur¹us3</span> <span class='ocrx_word' id='word_1_66' title='bbox 1242 767 1384 804; x_wconf 88' lang='lat' dir='ltr'>Ornato</span> <span class='ocrx_word' id='word_1_67' title='bbox 1414 765 1506 802; x_wconf 88' lang='lat' dir='ltr'>flore</span> <span class='ocrx_word' id='word_1_68' title='bbox 1537 765 1699 812; x_wconf 75' lang='lat' dir='ltr'>primulo</span> 
     </span>
     <span class='ocr_line' id='line_1_19' title="bbox 446 800 1760 869; baseline -0.004 -6"><span class='ocrx_word' id='word_1_69' title='bbox 446 802 598 847; x_wconf 70' lang='lat' dir='ltr'>Signum</span> <span class='ocrx_word' id='word_1_70' title='bbox 629 804 698 848; x_wconf 40' lang='grc' dir='ltr'>ἐπ’</span> <span class='ocrx_word' id='word_1_71' title='bbox 730 801 828 847; x_wconf 62' lang='lat' dir='ltr'>quo&#39;l</span> <span class='ocrx_word' id='word_1_72' title='bbox 858 801 926 836; x_wconf 70' lang='lat' dir='ltr'>hos</span> <span class='ocrx_word' id='word_1_73' title='bbox 949 800 1074 862; x_wconf 22' lang='lat' dir='ltr'>diligis</span> <span class='ocrx_word' id='word_1_74' title='bbox 1287 823 1364 859; x_wconf 83' lang='lat' dir='ltr'>Iste</span> <span class='ocrx_word' id='word_1_75' title='bbox 1392 821 1538 859; x_wconf 86' lang='lat' dir='ltr'>fructus</span> <span class='ocrx_word' id='word_1_76' title='bbox 1570 822 1760 869; x_wconf 83' lang='lat' dir='ltr'>colligitur</span> 
     </span>
     <span class='ocr_line' id='line_1_20' title="bbox 445 853 1802 925; baseline -0.002 -31"><span class='ocrx_word' id='word_1_77' title='bbox 445 858 496 895; x_wconf 82' lang='lat' dir='ltr'>Et</span> <span class='ocrx_word' id='word_1_78' title='bbox 532 868 606 894; x_wconf 93' lang='lat' dir='ltr'>non</span> <span class='ocrx_word' id='word_1_79' title='bbox 639 857 779 894; x_wconf 87' lang='lat' dir='ltr'>dormis</span> <span class='ocrx_word' id='word_1_80' title='bbox 806 868 874 893; x_wconf 85' lang='lat' dir='ltr'>nec</span> <span class='ocrx_word' id='word_1_81' title='bbox 901 856 1073 904; x_wconf 81' lang='lat' dir='ltr'>negligis,</span> <span class='ocrx_word' id='word_1_82' title='bbox 1244 879 1319 916; x_wconf 68' lang='lat' dir='ltr'>Sed</span> <span class='ocrx_word' id='word_1_83' title='bbox 1349 884 1391 916; x_wconf 62' lang='lat' dir='ltr'>ut</span> <span class='ocrx_word' id='word_1_84' title='bbox 1422 880 1548 917; x_wconf 63' lang='lat' dir='ltr'>Vultus</span> <span class='ocrx_word' id='word_1_85' title='bbox 1579 879 1618 915; x_wconf 70' lang='lat' dir='ltr'>in</span> <span class='ocrx_word' id='word_1_86' title='bbox 1649 853 1802 925; x_wconf 67' lang='lat' dir='ltr'>Specu&#39;lo</span> 
     </span>
     <span class='ocr_line' id='line_1_21' title="bbox 503 914 1718 982; baseline -0.002 -31"><span class='ocrx_word' id='word_1_87' title='bbox 503 914 561 951; x_wconf 89' lang='lat' dir='ltr'>Ne</span> <span class='ocrx_word' id='word_1_88' title='bbox 593 914 730 951; x_wconf 84' lang='lat' dir='ltr'>cadant</span> <span class='ocrx_word' id='word_1_89' title='bbox 761 925 799 950; x_wconf 90' lang='lat' dir='ltr'>m</span> <span class='ocrx_word' id='word_1_90' title='bbox 832 914 1010 950; x_wconf 81' lang='lat' dir='ltr'>deterius.</span> <span class='ocrx_word' id='word_1_91' title='bbox 1246 936 1568 982; x_wconf 55' lang='lat' dir='ltr'>Repraesentatur</span> <span class='ocrx_word' id='word_1_92' title='bbox 1598 935 1718 981; x_wconf 51' lang='lat' dir='ltr'>Oculo,</span> 
     </span>
     <span class='ocr_line' id='line_1_22' title="bbox 1285 991 1883 1039; baseline -0.003 -10"><span class='ocrx_word' id='word_1_93' title='bbox 1285 993 1336 1029; x_wconf 82' lang='lat' dir='ltr'>Et</span> <span class='ocrx_word' id='word_1_94' title='bbox 1377 992 1566 1038; x_wconf 88' lang='lat' dir='ltr'>speculum</span> <span class='ocrx_word' id='word_1_95' title='bbox 1602 1002 1674 1028; x_wconf 90' lang='lat' dir='ltr'>non</span> <span class='ocrx_word' id='word_1_96' title='bbox 1705 991 1883 1039; x_wconf 67' lang='lat' dir='ltr'>laeditur,</span> 
     </span>
     <span class='ocr_line' id='line_1_23' title="bbox 346 1047 1769 1094; baseline -0.004 -5"><span class='ocrx_word' id='word_1_97' title='bbox 346 1051 410 1090; x_wconf 86' lang='lat'>11.</span> <span class='ocrx_word' id='word_1_98' title='bbox 442 1047 703 1089; x_wconf 76' lang='lat' dir='ltr'>Benedictus</span> <span class='ocrx_word' id='word_1_99' title='bbox 734 1049 771 1085; x_wconf 93' lang='lat' dir='ltr'>in</span> <span class='ocrx_word' id='word_1_100' title='bbox 803 1049 993 1086; x_wconf 88' lang='lat' dir='ltr'>saeculum</span> <span class='ocrx_word' id='word_1_101' title='bbox 1244 1049 1307 1086; x_wconf 90' lang='lat' dir='ltr'>Sic</span> <span class='ocrx_word' id='word_1_102' title='bbox 1339 1049 1426 1086; x_wconf 89' lang='lat' dir='ltr'>dum</span> <span class='ocrx_word' id='word_1_103' title='bbox 1457 1061 1477 1085; x_wconf 83' lang='lat' dir='ltr'>a</span> <span class='ocrx_word' id='word_1_104' title='bbox 1508 1053 1545 1084; x_wconf 91' lang='lat' dir='ltr'>te</span> <span class='ocrx_word' id='word_1_105' title='bbox 1575 1048 1769 1094; x_wconf 73' lang='lat' dir='ltr'>recipitur,</span> 
     </span>
     <span class='ocr_line' id='line_1_24' title="bbox 445 1106 1865 1152; baseline -0.003 -8"><span class='ocrx_word' id='word_1_106' title='bbox 445 1107 501 1144; x_wconf 79' lang='lat' dir='ltr'>Sit</span> <span class='ocrx_word' id='word_1_107' title='bbox 531 1107 609 1149; x_wconf 86' lang='lat' dir='ltr'>ille,</span> <span class='ocrx_word' id='word_1_108' title='bbox 642 1117 711 1152; x_wconf 85' lang='lat' dir='ltr'>per</span> <span class='ocrx_word' id='word_1_109' title='bbox 742 1117 849 1152; x_wconf 88' lang='lat' dir='ltr'>quem</span> <span class='ocrx_word' id='word_1_110' title='bbox 882 1106 1029 1142; x_wconf 86' lang='lat' dir='ltr'>titulum</span> <span class='ocrx_word' id='word_1_111' title='bbox 1246 1106 1340 1142; x_wconf 85' lang='lat' dir='ltr'>Dum</span> <span class='ocrx_word' id='word_1_112' title='bbox 1373 1109 1509 1147; x_wconf 80' lang='lat' dir='ltr'>manet,</span> <span class='ocrx_word' id='word_1_113' title='bbox 1544 1106 1630 1141; x_wconf 87' lang='lat' dir='ltr'>dum</span> <span class='ocrx_word' id='word_1_114' title='bbox 1660 1106 1865 1152; x_wconf 84' lang='lat' dir='ltr'>egreditur,</span> 
     </span>
     <span class='ocr_line' id='line_1_25' title="bbox 503 1161 1852 1210; baseline -0.001 -10"><span class='ocrx_word' id='word_1_115' title='bbox 503 1163 633 1200; x_wconf 85' lang='lat' dir='ltr'>Talem</span> <span class='ocrx_word' id='word_1_116' title='bbox 665 1162 780 1199; x_wconf 86' lang='lat' dir='ltr'>habes</span> <span class='ocrx_word' id='word_1_117' title='bbox 811 1163 849 1199; x_wconf 85' lang='lat' dir='ltr'>in</span> <span class='ocrx_word' id='word_1_118' title='bbox 881 1163 1043 1205; x_wconf 70' lang='lat' dir='ltr'>saeculo,</span> <span class='ocrx_word' id='word_1_119' title='bbox 1289 1163 1368 1199; x_wconf 89' lang='lat' dir='ltr'>Hoc</span> <span class='ocrx_word' id='word_1_120' title='bbox 1398 1161 1440 1198; x_wconf 89' lang='lat' dir='ltr'>fit</span> <span class='ocrx_word' id='word_1_121' title='bbox 1470 1162 1602 1199; x_wconf 90' lang='lat' dir='ltr'>illaeso</span> <span class='ocrx_word' id='word_1_122' title='bbox 1634 1161 1852 1210; x_wconf 84' lang='lat' dir='ltr'>claustrulo,</span> 
     </span>
     <span class='ocr_line' id='line_1_26' title="bbox 447 1218 1722 1265; baseline -0.001 -10"><span class='ocrx_word' id='word_1_123' title='bbox 447 1220 631 1265; x_wconf 65' lang='lat' dir='ltr'>Christus,</span> <span class='ocrx_word' id='word_1_124' title='bbox 665 1219 727 1265; x_wconf 87' lang='lat' dir='ltr'>qui</span> <span class='ocrx_word' id='word_1_125' title='bbox 758 1219 812 1255; x_wconf 86' lang='lat' dir='ltr'>tui</span> <span class='ocrx_word' id='word_1_126' title='bbox 845 1219 1051 1256; x_wconf 78' lang='lat' dir='ltr'>clausulum</span> <span class='ocrx_word' id='word_1_127' title='bbox 1247 1219 1359 1256; x_wconf 88' lang='lat' dir='ltr'>Nulla</span> <span class='ocrx_word' id='word_1_128' title='bbox 1394 1219 1452 1254; x_wconf 87' lang='lat' dir='ltr'>via</span> <span class='ocrx_word' id='word_1_129' title='bbox 1484 1218 1722 1265; x_wconf 74' lang='lat' dir='ltr'>relinquitur,</span> 
     </span>
     <span class='ocr_line' id='line_1_27' title="bbox 447 1275 1813 1322; baseline -0.001 -9"><span class='ocrx_word' id='word_1_130' title='bbox 447 1277 554 1314; x_wconf 90' lang='lat' dir='ltr'>Uteri</span> <span class='ocrx_word' id='word_1_131' title='bbox 586 1288 691 1312; x_wconf 89' lang='lat' dir='ltr'>suum</span> <span class='ocrx_word' id='word_1_132' title='bbox 725 1276 887 1312; x_wconf 86' lang='lat' dir='ltr'>baiulum</span> <span class='ocrx_word' id='word_1_133' title='bbox 1245 1276 1308 1313; x_wconf 83' lang='lat' dir='ltr'>Nil</span> <span class='ocrx_word' id='word_1_134' title='bbox 1340 1281 1555 1322; x_wconf 79' lang='lat' dir='ltr'>suspectum</span> <span class='ocrx_word' id='word_1_135' title='bbox 1584 1275 1813 1322; x_wconf 80' lang='lat' dir='ltr'>admittitur,</span> 
     </span>
     <span class='ocr_line' id='line_1_28' title="bbox 501 1330 1889 1380; baseline 0.001 -12"><span class='ocrx_word' id='word_1_136' title='bbox 501 1333 609 1370; x_wconf 82' lang='lat' dir='ltr'>Fecit</span> <span class='ocrx_word' id='word_1_137' title='bbox 642 1332 788 1369; x_wconf 84' lang='lat' dir='ltr'>firmato</span> <span class='ocrx_word' id='word_1_138' title='bbox 820 1333 983 1380; x_wconf 72' lang='lat' dir='ltr'>pessulo,</span> <span class='ocrx_word' id='word_1_139' title='bbox 1286 1332 1466 1369; x_wconf 88' lang='lat' dir='ltr'>Fructum</span> <span class='ocrx_word' id='word_1_140' title='bbox 1477 1331 1620 1368; x_wconf 79' lang='lat' dir='ltr'>liabens</span> <span class='ocrx_word' id='word_1_141' title='bbox 1630 1342 1710 1368; x_wconf 88' lang='lat' dir='ltr'>cum</span> <span class='ocrx_word' id='word_1_142' title='bbox 1721 1330 1889 1369; x_wconf 85' lang='lat' dir='ltr'>flosculo.</span> 
     </span>
     <span class='ocr_line' id='line_1_29' title="bbox 444 1389 978 1436; baseline -0.004 -10"><span class='ocrx_word' id='word_1_143' title='bbox 444 1390 513 1435; x_wconf 76' lang='lat' dir='ltr'>Qui</span> <span class='ocrx_word' id='word_1_144' title='bbox 543 1390 707 1426; x_wconf 89' lang='lat' dir='ltr'>moriens</span> <span class='ocrx_word' id='word_1_145' title='bbox 738 1400 807 1436; x_wconf 90' lang='lat' dir='ltr'>pro</span> <span class='ocrx_word' id='word_1_146' title='bbox 838 1389 978 1435; x_wconf 90' lang='lat' dir='ltr'>populo</span> 
     </span>
     <span class='ocr_line' id='line_1_30' title="bbox 444 1446 1755 1515; baseline -0.006 -5"><span class='ocrx_word' id='word_1_147' title='bbox 444 1447 492 1483; x_wconf 62' lang='lat' dir='ltr'>se</span> <span class='ocrx_word' id='word_1_148' title='bbox 525 1446 631 1482; x_wconf 75' lang='lat' dir='ltr'>dedit</span> <span class='ocrx_word' id='word_1_149' title='bbox 660 1457 704 1509; x_wconf 60' lang='grc' dir='ltr'>Ψ.</span> <span class='ocrx_word' id='word_1_150' title='bbox 729 1446 900 1492; x_wconf 57' lang='lat' dir='ltr'>patmum</span> <span class='ocrx_word' id='word_1_151' title='bbox 1150 1473 1214 1507; x_wconf 70' lang='lat'>14.</span> <span class='ocrx_word' id='word_1_152' title='bbox 1248 1465 1383 1506; x_wconf 85' lang='lat' dir='ltr'>Amen</span> <span class='ocrx_word' id='word_1_153' title='bbox 1415 1467 1508 1504; x_wconf 80' lang='lat' dir='ltr'>dicit</span> <span class='ocrx_word' id='word_1_154' title='bbox 1539 1472 1577 1503; x_wconf 89' lang='lat' dir='ltr'>et</span> <span class='ocrx_word' id='word_1_155' title='bbox 1607 1468 1755 1515; x_wconf 80' lang='lat' dir='ltr'>asserit,</span> 
     </span>
     <span class='ocr_line' id='line_1_31' title="bbox 466 1502 1743 1571; baseline -0.003 -31"><span class='ocrx_word' id='word_1_156' title='bbox 466 1560 474 1570; x_wconf 30' lang='grc' dir='ltr'><strong>Ἴ</strong></span> <span class='ocrx_word' id='word_1_157' title='bbox 501 1502 707 1549; x_wconf 81' lang='lat' dir='ltr'>Opprobrn</span> <span class='ocrx_word' id='word_1_158' title='bbox 738 1503 994 1548; x_wconf 81' lang='lat' dir='ltr'>spectaculum</span> <span class='ocrx_word' id='word_1_159' title='bbox 1247 1525 1315 1571; x_wconf 64' lang='lat' dir='ltr'>Qui</span> <span class='ocrx_word' id='word_1_160' title='bbox 1344 1530 1426 1561; x_wconf 62' lang='lat' dir='ltr'>,mas</span> <span class='ocrx_word' id='word_1_161' title='bbox 1457 1525 1590 1561; x_wconf 61' lang='lat' dir='ltr'>laudes</span> <span class='ocrx_word' id='word_1_162' title='bbox 1620 1524 1743 1571; x_wconf 59' lang='lat' dir='ltr'>aperit</span> 
     </span>
     <span class='ocr_line' id='line_1_32' title="bbox 443 1559 1795 1629; baseline -0.002 -10"><span class='ocrx_word' id='word_1_163' title='bbox 443 1560 494 1596; x_wconf 56' lang='lat' dir='ltr'>ht</span> <span class='ocrx_word' id='word_1_164' title='bbox 522 1564 700 1606; x_wconf 52' lang='lat' dir='ltr'>superato</span> <span class='ocrx_word' id='word_1_165' title='bbox 730 1559 864 1629; x_wconf 52' lang='lat' dir='ltr'>mmm</span> <span class='ocrx_word' id='word_1_166' title='bbox 1287 1581 1338 1618; x_wconf 78' lang='lat' dir='ltr'>Et</span> <span class='ocrx_word' id='word_1_167' title='bbox 1368 1587 1404 1617; x_wconf 90' lang='lat' dir='ltr'>te</span> <span class='ocrx_word' id='word_1_168' title='bbox 1436 1585 1536 1617; x_wconf 79' lang='lat' dir='ltr'>recte</span> <span class='ocrx_word' id='word_1_169' title='bbox 1568 1580 1795 1628; x_wconf 84' lang='lat' dir='ltr'>magnificat,</span> 
     </span>
     <span class='ocr_line' id='line_1_33' title="bbox 444 1615 1727 1685; baseline -0.002 -33"><span class='ocrx_word' id='word_1_170' title='bbox 444 1616 657 1662; x_wconf 86' lang='lat' dir='ltr'>Fractoque</span> <span class='ocrx_word' id='word_1_171' title='bbox 687 1627 753 1653; x_wconf 92' lang='lat' dir='ltr'>suo</span> <span class='ocrx_word' id='word_1_172' title='bbox 786 1615 918 1652; x_wconf 78' lang='lat' dir='ltr'>baculo</span> <span class='ocrx_word' id='word_1_173' title='bbox 1247 1638 1317 1683; x_wconf 69' lang='lat' dir='ltr'>Qui</span> <span class='ocrx_word' id='word_1_174' title='bbox 1351 1638 1485 1675; x_wconf 58' lang='lat' dir='ltr'>devote</span> <span class='ocrx_word' id='word_1_175' title='bbox 1517 1649 1556 1674; x_wconf 70' lang='lat' dir='ltr'>se</span> <span class='ocrx_word' id='word_1_176' title='bbox 1587 1638 1727 1685; x_wconf 57' lang='lat' dir='ltr'>ingerit</span> 
     </span>
     <span class='ocr_line' id='line_1_34' title="bbox 502 1672 1850 1744; baseline -0.001 -12"><span class='ocrx_word' id='word_1_177' title='bbox 502 1672 549 1709; x_wconf 62' lang='lat'>5⁰</span> <span class='ocrx_word' id='word_1_178' title='bbox 581 1684 658 1709; x_wconf 62' lang='lat'>8⁰¹3</span> <span class='ocrx_word' id='word_1_179' title='bbox 692 1674 754 1709; x_wconf 63' lang='lat' dir='ltr'>dat</span> <span class='ocrx_word' id='word_1_180' title='bbox 787 1684 825 1708; x_wconf 75' lang='lat'>¹¹¹</span> <span class='ocrx_word' id='word_1_181' title='bbox 857 1672 1048 1718; x_wconf 65' lang='lat' dir='ltr'><strong>pabumm·</strong></span> <span class='ocrx_word' id='word_1_182' title='bbox 1244 1695 1308 1732; x_wconf 90' lang='lat' dir='ltr'>Ad</span> <span class='ocrx_word' id='word_1_183' title='bbox 1339 1694 1581 1744; x_wconf 79' lang='lat' dir='ltr'>laudandum,</span> <span class='ocrx_word' id='word_1_184' title='bbox 1614 1698 1655 1731; x_wconf 87' lang='lat' dir='ltr'>ut</span> <span class='ocrx_word' id='word_1_185' title='bbox 1685 1694 1850 1742; x_wconf 83' lang='lat' dir='ltr'>sciverit,</span> 
     </span>
     <span class='ocr_line' id='line_1_35' title="bbox 1288 1751 1887 1798; baseline -0.002 -10"><span class='ocrx_word' id='word_1_186' title='bbox 1288 1751 1339 1788; x_wconf 85' lang='lat' dir='ltr'>Et</span> <span class='ocrx_word' id='word_1_187' title='bbox 1369 1751 1418 1788; x_wconf 88' lang='lat' dir='ltr'>ad</span> <span class='ocrx_word' id='word_1_188' title='bbox 1448 1756 1610 1788; x_wconf 85' lang='lat' dir='ltr'>mentem</span> <span class='ocrx_word' id='word_1_189' title='bbox 1639 1755 1676 1787; x_wconf 89' lang='lat' dir='ltr'>te</span> <span class='ocrx_word' id='word_1_190' title='bbox 1698 1751 1887 1798; x_wconf 69' lang='lat' dir='ltr'>applicat,</span> 
     </span>
     <span class='ocr_line' id='line_1_36' title="bbox 280 1805 1728 1854; baseline -0.003 -5"><span class='ocrx_word' id='word_1_191' title='bbox 280 1846 284 1849; x_wconf 91' lang='lat'>.</span> <span class='ocrx_word' id='word_1_192' title='bbox 348 1809 412 1846; x_wconf 81' lang='lat'>12.</span> <span class='ocrx_word' id='word_1_193' title='bbox 446 1805 637 1849; x_wconf 73' lang='lat' dir='ltr'>Fructus</span> <span class='ocrx_word' id='word_1_194' title='bbox 670 1813 724 1844; x_wconf 85' lang='lat' dir='ltr'>est</span> <span class='ocrx_word' id='word_1_195' title='bbox 758 1808 1052 1850; x_wconf 71' lang='lat' dir='ltr'>commestibilis,</span> <span class='ocrx_word' id='word_1_196' title='bbox 1245 1809 1315 1854; x_wconf 80' lang='lat' dir='ltr'>Qui</span> <span class='ocrx_word' id='word_1_197' title='bbox 1345 1808 1456 1845; x_wconf 83' lang='lat' dir='ltr'>aliter</span> <span class='ocrx_word' id='word_1_198' title='bbox 1487 1818 1527 1845; x_wconf 91' lang='lat' dir='ltr'>se</span> <span class='ocrx_word' id='word_1_199' title='bbox 1558 1808 1728 1854; x_wconf 87' lang='lat' dir='ltr'>implicat</span> 
     </span>
     <span class='ocr_line' id='line_1_37' title="bbox 446 1865 1768 1914; baseline 0 -13"><span class='ocrx_word' id='word_1_200' title='bbox 446 1865 778 1901; x_wconf 85' lang='lat' dir='ltr'>Commedentibus</span> <span class='ocrx_word' id='word_1_201' title='bbox 809 1866 913 1901; x_wconf 90' lang='lat' dir='ltr'>utilis</span> <span class='ocrx_word' id='word_1_202' title='bbox 1248 1865 1298 1901; x_wconf 85' lang='lat' dir='ltr'>Et</span> <span class='ocrx_word' id='word_1_203' title='bbox 1329 1870 1412 1901; x_wconf 88' lang='lat' dir='ltr'>tuas</span> <span class='ocrx_word' id='word_1_204' title='bbox 1442 1865 1573 1902; x_wconf 85' lang='lat' dir='ltr'>laudes</span> <span class='ocrx_word' id='word_1_205' title='bbox 1605 1865 1768 1914; x_wconf 76' lang='lat' dir='ltr'>abdicat,</span> 
     </span>
     <span class='ocr_line' id='line_1_38' title="bbox 501 1922 1868 1968; baseline 0 -10"><span class='ocrx_word' id='word_1_206' title='bbox 501 1922 632 1958; x_wconf 83' lang='lat' dir='ltr'>Dulcis</span> <span class='ocrx_word' id='word_1_207' title='bbox 664 1923 811 1958; x_wconf 86' lang='lat' dir='ltr'>animae</span> <span class='ocrx_word' id='word_1_208' title='bbox 844 1922 979 1968; x_wconf 79' lang='lat' dir='ltr'>gustui.</span> <span class='ocrx_word' id='word_1_209' title='bbox 1288 1922 1389 1958; x_wconf 84' lang='lat' dir='ltr'>Hinc</span> <span class='ocrx_word' id='word_1_210' title='bbox 1419 1922 1517 1959; x_wconf 88' lang='lat' dir='ltr'>viam</span> <span class='ocrx_word' id='word_1_211' title='bbox 1551 1922 1682 1958; x_wconf 85' lang='lat' dir='ltr'>bonam</span> <span class='ocrx_word' id='word_1_212' title='bbox 1717 1922 1868 1967; x_wconf 85' lang='lat' dir='ltr'>deserit,</span> 
     </span>
     <span class='ocr_line' id='line_1_39' title="bbox 444 1978 1667 2026; baseline 0 -11"><span class='ocrx_word' id='word_1_213' title='bbox 444 1978 612 2015; x_wconf 86' lang='lat' dir='ltr'>Naturae</span> <span class='ocrx_word' id='word_1_214' title='bbox 643 1979 892 2022; x_wconf 84' lang='lat' dir='ltr'>admirabilis,</span> <span class='ocrx_word' id='word_1_215' title='bbox 1252 1978 1321 2015; x_wconf 88' lang='lat' dir='ltr'>Ille</span> <span class='ocrx_word' id='word_1_216' title='bbox 1351 1979 1423 2015; x_wconf 92' lang='lat' dir='ltr'>sibi</span> <span class='ocrx_word' id='word_1_217' title='bbox 1455 1979 1667 2026; x_wconf 77' lang='lat' dir='ltr'>provideat,</span> 
     </span>
     <span class='ocr_line' id='line_1_40' title="bbox 445 2035 1755 2084; baseline -0.001 -12"><span class='ocrx_word' id='word_1_218' title='bbox 445 2035 552 2072; x_wconf 89' lang='lat' dir='ltr'>Artis</span> <span class='ocrx_word' id='word_1_219' title='bbox 582 2035 898 2084; x_wconf 84' lang='lat' dir='ltr'>indoct.rinabilis‚</span> <span class='ocrx_word' id='word_1_220' title='bbox 1247 2035 1351 2072; x_wconf 86' lang='lat' dir='ltr'>Talis</span> <span class='ocrx_word' id='word_1_221' title='bbox 1381 2036 1419 2072; x_wconf 89' lang='lat' dir='ltr'>in</span> <span class='ocrx_word' id='word_1_222' title='bbox 1451 2035 1525 2073; x_wconf 85' lang='lat' dir='ltr'>tide</span> <span class='ocrx_word' id='word_1_223' title='bbox 1556 2035 1755 2082; x_wconf 83' lang='lat' dir='ltr'>claudicat,</span> 
     </span>
     <span class='ocr_line' id='line_1_41' title="bbox 501 2092 1825 2138; baseline 0.002 -10"><span class='ocrx_word' id='word_1_224' title='bbox 501 2092 718 2138; x_wconf 84' lang='lat' dir='ltr'>Stupendus</span> <span class='ocrx_word' id='word_1_225' title='bbox 750 2092 973 2137; x_wconf 83' lang='lat' dir='ltr'>intellectui,</span> <span class='ocrx_word' id='word_1_226' title='bbox 1290 2092 1424 2129; x_wconf 87' lang='lat' dir='ltr'>Salvus</span> <span class='ocrx_word' id='word_1_227' title='bbox 1455 2102 1537 2128; x_wconf 89' lang='lat' dir='ltr'>esse</span> <span class='ocrx_word' id='word_1_228' title='bbox 1568 2103 1642 2129; x_wconf 83' lang='lat' dir='ltr'>non</span> <span class='ocrx_word' id='word_1_229' title='bbox 1672 2092 1825 2138; x_wconf 84' lang='lat' dir='ltr'>poterit.</span> 
     </span>
     <span class='ocr_line' id='line_1_42' title="bbox 422 2213 1888 2247; baseline -0.001 -1"><span class='ocrx_word' id='word_1_230' title='bbox 422 2215 566 2247; x_wconf 74' lang='lat' dir='ltr'>collect.</span> <span class='ocrx_word' id='word_1_231' title='bbox 600 2226 661 2246; x_wconf 73' lang='lat' dir='ltr'>ms.</span> <span class='ocrx_word' id='word_1_232' title='bbox 695 2215 879 2247; x_wconf 79' lang='lat' dir='ltr'>Caelestin.</span> <span class='ocrx_word' id='word_1_233' title='bbox 913 2216 950 2247; x_wconf 82' lang='lat' dir='ltr'>B.</span> <span class='ocrx_word' id='word_1_234' title='bbox 976 2215 1110 2246; x_wconf 78' lang='lat' dir='ltr'>Mariae</span> <span class='ocrx_word' id='word_1_235' title='bbox 1142 2215 1183 2245; x_wconf 73' lang='lat' dir='ltr'>(le</span> <span class='ocrx_word' id='word_1_236' title='bbox 1210 2215 1366 2246; x_wconf 64' lang='lat' dir='ltr'>Pan-isius</span> <span class='ocrx_word' id='word_1_237' title='bbox 1394 2226 1481 2246; x_wconf 71' lang='lat' dir='ltr'>saec.</span> <span class='ocrx_word' id='word_1_238' title='bbox 1512 2213 1561 2246; x_wconf 82' lang='grc'>15.</span> <span class='ocrx_word' id='word_1_239' title='bbox 1611 2215 1694 2246; x_wconf 80' lang='lat' dir='ltr'>cod.</span> <span class='ocrx_word' id='word_1_240' title='bbox 1720 2214 1888 2246; x_wconf 83' lang='lat' dir='ltr'>Mazarin.</span> 
     </span>
     <span class='ocr_line' id='line_1_43' title="bbox 328 2258 1890 2302; baseline -0.002 -10"><span class='ocrx_word' id='word_1_241' title='bbox 328 2259 416 2293; x_wconf 70' lang='grc'>3897</span> <span class='ocrx_word' id='word_1_242' title='bbox 437 2258 540 2297; x_wconf 71' lang='grc'>(605).</span> <span class='ocrx_word' id='word_1_243' title='bbox 566 2278 609 2281; x_wconf 95' lang='lat'>—-</span> <span class='ocrx_word' id='word_1_244' title='bbox 638 2259 666 2299; x_wconf 85' lang='lat' dir='ltr'>l,</span> <span class='ocrx_word' id='word_1_245' title='bbox 691 2259 711 2291; x_wconf 83' lang='lat'>4</span> <span class='ocrx_word' id='word_1_246' title='bbox 738 2262 916 2302; x_wconf 73' lang='lat' dir='ltr'>refugium.</span> <span class='ocrx_word' id='word_1_247' title='bbox 943 2278 987 2281; x_wconf 92' lang='lat'>——</span> <span class='ocrx_word' id='word_1_248' title='bbox 1012 2258 1043 2297; x_wconf 81' lang='grc'>2,</span> <span class='ocrx_word' id='word_1_249' title='bbox 1068 2258 1291 2302; x_wconf 73' lang='lat' dir='ltr'>21&#39;raesag0.</span> <span class='ocrx_word' id='word_1_250' title='bbox 1318 2278 1359 2281; x_wconf 80' lang='lat'>—-</span> <span class='ocrx_word' id='word_1_251' title='bbox 1392 2259 1422 2298; x_wconf 85' lang='lat'>6,</span> <span class='ocrx_word' id='word_1_252' title='bbox 1450 2259 1469 2291; x_wconf 80' lang='grc'>7</span> <span class='ocrx_word' id='word_1_253' title='bbox 1489 2261 1582 2293; x_wconf 80' lang='lat' dir='ltr'>Ulla.</span> <span class='ocrx_word' id='word_1_254' title='bbox 1617 2278 1659 2281; x_wconf 97' lang='lat'><strong>—</strong></span> <span class='ocrx_word' id='word_1_255' title='bbox 1700 2258 1723 2299; x_wconf 77' lang='lat' dir='ltr'>l,</span> <span class='ocrx_word' id='word_1_256' title='bbox 1750 2258 1771 2291; x_wconf 77' lang='grc'><strong>3</strong></span> <span class='ocrx_word' id='word_1_257' title='bbox 1795 2259 1890 2291; x_wconf 81' lang='lat' dir='ltr'>dedit</span> 
     </span>
    </p>
   </div>
   <div class='ocr_carea' id='block_1_7' title="bbox 571 2496 1648 2541">
    <p class='ocr_par' dir='ltr' id='par_1_14' title="bbox 571 2496 1648 2541">
     <span class='ocr_line' id='line_1_44' title="bbox 571 2496 1648 2541; baseline 0.001 -10"><span class='ocrx_word' id='word_1_258' title='bbox 571 2497 652 2533; x_wconf 81' lang='lat'><strong>351.</strong></span> <span class='ocrx_word' id='word_1_259' title='bbox 688 2497 746 2539; x_wconf 87' lang='lat'>(6.)</span> <span class='ocrx_word' id='word_1_260' title='bbox 783 2496 881 2532; x_wconf 87' lang='lat' dir='ltr'>Item</span> <span class='ocrx_word' id='word_1_261' title='bbox 908 2499 986 2532; x_wconf 81' lang='lat' dir='ltr'>Ave</span> <span class='ocrx_word' id='word_1_262' title='bbox 1012 2497 1142 2532; x_wconf 84' lang='lat' dir='ltr'>Maria</span> <span class='ocrx_word' id='word_1_263' title='bbox 1167 2507 1240 2541; x_wconf 81' lang='lat' dir='ltr'>per</span> <span class='ocrx_word' id='word_1_264' title='bbox 1264 2498 1404 2541; x_wconf 82' lang='lat' dir='ltr'>partes</span> <span class='ocrx_word' id='word_1_265' title='bbox 1429 2497 1648 2532; x_wconf 65' lang='lat' dir='ltr'>resolutas.</span> 
     </span>
    </p>
   </div>
   <div class='ocr_carea' id='block_1_8' title="bbox 373 2611 1013 2952">
    <p class='ocr_par' dir='ltr' id='par_1_15' title="bbox 373 2611 1013 2952">
     <span class='ocr_line' id='line_1_45' title="bbox 373 2611 927 2661; baseline -0.004 -8"><span class='ocrx_word' id='word_1_266' title='bbox 373 2616 409 2653; x_wconf 94' lang='lat'>1.</span> <span class='ocrx_word' id='word_1_267' title='bbox 442 2611 538 2659; x_wconf 74' lang='lat' dir='ltr'>Ave,</span> <span class='ocrx_word' id='word_1_268' title='bbox 569 2615 759 2661; x_wconf 78' lang='lat' dir='ltr'>virginum</span> <span class='ocrx_word' id='word_1_269' title='bbox 791 2615 927 2660; x_wconf 80' lang='lat' dir='ltr'>electa,</span> 
     </span>
     <span class='ocr_line' id='line_1_46' title="bbox 441 2668 926 2718; baseline -0.004 -8"><span class='ocrx_word' id='word_1_270' title='bbox 441 2668 563 2710; x_wconf 84' lang='lat' dir='ltr'>Mater</span> <span class='ocrx_word' id='word_1_271' title='bbox 594 2671 770 2710; x_wconf 82' lang='lat' dir='ltr'>altissimi</span> <span class='ocrx_word' id='word_1_272' title='bbox 804 2676 926 2718; x_wconf 83' lang='lat' dir='ltr'>recta,</span> 
     </span>
     <span class='ocr_line' id='line_1_47' title="bbox 498 2725 948 2773; baseline -0.004 -7"><span class='ocrx_word' id='word_1_273' title='bbox 498 2725 751 2766; x_wconf 80' lang='lat' dir='ltr'>illuminatrix</span> <span class='ocrx_word' id='word_1_274' title='bbox 785 2728 948 2773; x_wconf 80' lang='lat' dir='ltr'>animae,</span> 
     </span>
     <span class='ocr_line' id='line_1_48' title="bbox 441 2782 1002 2831; baseline 0 -8"><span class='ocrx_word' id='word_1_275' title='bbox 441 2782 604 2823; x_wconf 77' lang='lat' dir='ltr'>Grandis</span> <span class='ocrx_word' id='word_1_276' title='bbox 636 2785 744 2831; x_wconf 77' lang='lat' dir='ltr'>regni</span> <span class='ocrx_word' id='word_1_277' title='bbox 777 2785 1002 2823; x_wconf 75' lang='lat' dir='ltr'>architecta,</span> 
     </span>
     <span class='ocr_line' id='line_1_49' title="bbox 442 2838 850 2888; baseline -0.002 -10"><span class='ocrx_word' id='word_1_278' title='bbox 442 2839 605 2878; x_wconf 67' lang='lat' dir='ltr'>Caritate.</span> <span class='ocrx_word' id='word_1_279' title='bbox 637 2838 850 2888; x_wconf 83' lang='lat' dir='ltr'>interiecta,</span> 
     </span>
     <span class='ocr_line' id='line_1_50' title="bbox 500 2896 1013 2952; baseline -0.002 -18"><span class='ocrx_word' id='word_1_280' title='bbox 500 2897 691 2937; x_wconf 73' lang='lat' dir='ltr'>Ati&#39;ectans</span> <span class='ocrx_word' id='word_1_281' title='bbox 722 2896 1013 2952; x_wconf 71' lang='lat' dir='ltr'>perfectissime,</span> 
     </span>
    </p>
   </div>
   <div class='ocr_carea' id='block_1_9' title="bbox 1255 2611 1861 2943">
    <p class='ocr_par' dir='ltr' id='par_1_16' title="bbox 1255 2611 1861 2943">
     <span class='ocr_line' id='line_1_51' title="bbox 1257 2611 1752 2661; baseline -0.006 -8"><span class='ocrx_word' id='word_1_282' title='bbox 1257 2611 1451 2653; x_wconf 83' lang='lat' dir='ltr'>Laborans</span> <span class='ocrx_word' id='word_1_283' title='bbox 1481 2614 1752 2661; x_wconf 78' lang='lat' dir='ltr'>explotissime,</span> 
     </span>
     <span class='ocr_line' id='line_1_52' title="bbox 1256 2667 1751 2717; baseline -0.006 -7"><span class='ocrx_word' id='word_1_284' title='bbox 1256 2667 1423 2710; x_wconf 80' lang='lat' dir='ltr'>Naturae</span> <span class='ocrx_word' id='word_1_285' title='bbox 1455 2671 1751 2717; x_wconf 80' lang='lat' dir='ltr'>amantissimae,</span> 
     </span>
     <span class='ocr_line' id='line_1_53' title="bbox 1315 2725 1761 2775; baseline -0.004 -9"><span class='ocrx_word' id='word_1_286' title='bbox 1315 2725 1568 2773; x_wconf 68' lang='lat' dir='ltr'>Disciplinam</span> <span class='ocrx_word' id='word_1_287' title='bbox 1599 2728 1761 2775; x_wconf 79' lang='lat' dir='ltr'>obiecta,</span> 
     </span>
     <span class='ocr_line' id='line_1_54' title="bbox 1255 2780 1623 2830; baseline -0.005 -8"><span class='ocrx_word' id='word_1_288' title='bbox 1255 2780 1623 2830; x_wconf 80' lang='lat' dir='ltr'>Ministerialissime,</span> 
     </span>
     <span class='ocr_line' id='line_1_55' title="bbox 1256 2837 1602 2887; baseline -0.006 -9"><span class='ocrx_word' id='word_1_289' title='bbox 1256 2837 1602 2887; x_wconf 80' lang='lat' dir='ltr'>inopinabilissime</span> 
     </span>
     <span class='ocr_line' id='line_1_56' title="bbox 1311 2893 1861 2943; baseline 0 -7"><span class='ocrx_word' id='word_1_290' title='bbox 1311 2893 1449 2936; x_wconf 75' lang='lat' dir='ltr'>Nostra</span> <span class='ocrx_word' id='word_1_291' title='bbox 1480 2897 1640 2937; x_wconf 82' lang='lat' dir='ltr'>visitans</span> <span class='ocrx_word' id='word_1_292' title='bbox 1671 2899 1861 2943; x_wconf 82' lang='lat' dir='ltr'>suspecta.</span> 
     </span>
    </p>
   </div>
  </div>
 </body>
</html>
