2031 3289
953 180 1255 220 -212-

419 293 446 324 Β
471 293 529 324 fol.
557 291 640 325 953.
666 310 707 314 —
734 293 761 325 C
785 293 843 324 fol.
872 291 976 324 1791„
1004 310 1045 314 ——
1074 292 1101 331 l,
1131 291 1172 324 12
1196 296 1310 325 erecta
1327 294 1364 326 C.
1391 313 1431 316 —-
1458 292 1488 332 2,
1515 291 1534 324 7
1559 295 1785 326 circumstans
1805 306 1881 327 eum

329 341 426 371 stans
451 339 490 370 B.
517 355 559 360 —
584 336 614 376 2,
643 336 684 370 12
707 338 837 370 laetare
862 339 900 370 B.

563 492 644 529 224.
679 494 784 536 (114.)
818 493 864 528 In
889 493 1115 529 Nativitate
1141 494 1178 530 S.
1204 494 1394 529 Iohannis
1419 495 1648 539 Baptistae.

945 564 986 595 In
1013 561 1041 594 1.
1067 565 1256 595 Nocturno.

345 669 380 705 1.
412 666 591 703 Iohannis
622 666 814 711 nativitas,
1160 669 1195 705 3.
1229 667 1327 704 Aliis
1357 667 1586 704 tricesimum

413 723 676 760 Praecursoris
709 723 871 769 Domini,
1227 723 1408 760 Fructum
1439 723 1681 760 afferentibus

415 779 477 816 Ad
507 779 694 826 promissa
724 779 862 826 gaudia
1228 780 1314 816 Sive
1345 780 1616 827 sexagesimum

415 836 538 872 Corda
568 840 692 872 monet
724 836 868 882 populi.
1230 836 1337 873 Ditat.
1369 837 1466 873 hune
1498 838 1734 874 centesimus,

346 928 383 964 2.
417 926 584 971 Quantus
616 926 687 962 iste
718 924 845 970 fuerit,
1159 929 1197 964 4.
1229 926 1310 963 Deo
1338 927 1438 972 patri
1469 927 1601 974 gloria,

415 982 585 1019 Tradunt
618 982 826 1029 evangelia,
1230 983 1303 1019 Par
1333 983 1383 1019 sit
1412 983 1530 1019 honor
1562 982 1651 1032 filio,

416 1039 465 1075 Et
496 1050 606 1085 quam
638 1039 778 1075 sanctis
810 1039 946 1075 ceteris
1228 1040 1319 1078 Cum
1351 1044 1459 1085 patre
1490 1039 1641 1086 spiritui

417 1096 564 1133 Praesit
595 1095 831 1134 excellentia.
1230 1096 1394 1142 Compar
1424 1097 1630 1133 veneratio.

421 1185 448 1217 C
471 1185 529 1216 fol.
558 1183 662 1217 160a.
689 1204 729 1208 —
756 1182 788 1223 4,
814 1183 834 1216 2
857 1185 932 1216 Pax
958 1186 1012 1216 sit.

807 1341 889 1377 ⁶225.
925 1341 1026 1383 (115.)
1061 1342 1106 1376 In
1131 1342 1166 1376 2.
1193 1342 1414 1377 Nocturna.

353 1437 383 1475 1.
418 1435 538 1472 Huius
569 1439 692 1471 ortum
724 1435 901 1472 nuntians
1168 1439 1204 1474 3.
1237 1436 1389 1472 Domini
1421 1437 1672 1481 praesentiam

420 1492 560 1529 Missus
592 1497 648 1528 est
678 1491 926 1538 archangelus
1236 1493 1393 1530 Clausus
1424 1492 1549 1529 adhue
1577 1497 1698 1542 utero,

416 1549 532 1597 Idem,
567 1548 630 1594 qui
662 1548 841 1585 dominici
1234 1551 1349 1594 Quam
1383 1560 1472 1585 voce
1504 1560 1575 1585 non
1607 1554 1769 1597 poterat„

421 1605 661 1642 Postmodum
692 1603 735 1641 fit
765 1605 931 1643 nuntius.
1235 1605 1481 1652 Prophetavit
1513 1606 1662 1653 gaudio.

348 1698 382 1734 2.
417 1696 619 1732 Promissis
656 1696 874 1733 incredulus
1163 1700 1201 1735 4.
1233 1697 1313 1733 Deo
1345 1696 1446 1743 patri
1476 1697 1608 1743 gloria,

417 1753 532 1789 Pater
564 1764 649 1789 mox
681 1753 878 1797 obmutuit,
1233 1754 1309 1790 Par
1340 1754 1387 1789 sit
1419 1753 1538 1790 honor
1567 1752 1657 1802 filio,

418 1809 547 1846 Donec
578 1814 687 1846 natus
718 1810 898 1856 parvulus
1233 1810 1323 1847 Cum
1356 1813 1464 1856 patre
1495 1810 1644 1856 spiritui

418 1866 533 1904 Usum
565 1867 714 1913 linguae
747 1866 930 1906 reddidit.
1232 1866 1395 1913 Compar
1424 1868 1629 1903 veneratio.

423 1956 450 1988 C
474 1956 531 1987 fol.
559 1954 662 1988 160a.

806 2033 888 2068 226.
925 2034 1027 2075 (116.)
1062 2033 1107 2067 In
1132 2033 1167 2068 3.
1196 2033 1416 2068 Noeturno.

350 2129 386 2167 1.
420 2127 542 2165 Senex
574 2128 672 2164 hune
702 2132 739 2164 et
769 2128 922 2172 sterilis,
1164 2130 1199 2167 3.
1233 2128 1376 2164 Tantus
1408 2127 1495 2163 hine
1527 2127 1660 2163 enituit

421 2185 530 2222 Illum
564 2185 670 2231 virgo
701 2184 844 2232 genuit,
1233 2184 1325 2220 Tam
1359 2183 1473 2220 verbo
1504 2195 1614 2230 quam
1646 2193 1771 2231 opere,

420 2243 462 2279 In
493 2245 652 2287 utroque
683 2241 805 2288 gratia
1233 2241 1283 2278 Ut
1317 2251 1397 2277 eum
1432 2245 1689 2287 praesumeret

417 2298 586 2335 Naturae
617 2297 840 2344 praevaluit.
1232 2297 1398 2334 Mundus
1431 2297 1620 2333 Christum
1651 2296 1819 2334 eredere.

351 2390 389 2426 2.
423 2389 563 2425 Duram
596 2387 811 2425 eremiticae
1164 2389 1200 2425 4.
1235 2390 1351 2432 Quem
1384 2387 1579 2433 prophetis
1611 2386 1782 2423 omuibus

422 2445 544 2481 Vitam
577 2445 791 2481 solitudinis
1236 2444 1408 2481 Christus
1440 2445 1520 2490 ipse
1552 2443 1743 2492 praetulit,

418 2502 537 2539 Aetas
570 2502 648 2537 eius
678 2506 808 2538 tenera
1235 2504 1313 2546 Quo
1345 2500 1522 2536 maiorem
1554 2500 1737 2536 neminem

423 2558 743 2596 Praemonstravit
774 2557 948 2608 posteris.
1236 2557 1452 2594 Surrexisse
1485 2557 1622 2594 docuit.

824 2651 860 2688 5.
894 2648 973 2685 Deo
1004 2649 1104 2694 patri
1136 2648 1268 2696 gloria,

895 2705 970 2742 Par
1001 2705 1048 2741 sit
1080 2705 1199 2741 honor
1230 2704 1319 2743 filio.

895 2761 984 2798 Cum
1016 2766 1126 2807 patre
1157 2761 1306 2807 spiritui

895 2818 1057 2864 Compar
1088 2817 1292 2857 veneratio.

426 2910 452 2941 C
479 2908 535 2939 fol.
568 2906 669 2940 160b.
698 2926 738 2930 —
764 2906 794 2948 3,
821 2906 841 2937 4
869 2907 1018 2939 Christo.
1046 2925 1085 2929 —
1113 2905 1143 2942 4,
1176 2905 1188 2937 1
1219 2908 1328 2947 Quam
1356 2907 1543 2949 prophetis.
