2031 3289
929 185 1238 226 —340—

349 300 386 336 5.
419 295 612 336 Laudibus
642 303 679 333 et
709 298 923 344 praeconiis

420 355 478 391 Ac
508 354 653 390 devotis
684 354 874 400 obsequiis

476 410 657 446 Venerari
688 415 723 446 et
755 410 879 446 colere

418 468 477 504 Ex
509 466 649 502 intimis
682 467 917 512 praecordiis

418 523 536 561 Simul
568 526 605 559 et
636 523 827 559 exercitiis

474 580 559 626 Ore,
591 579 705 615 corde
736 583 771 615 et
803 589 918 625 opere

420 635 563 671 Vellem
595 646 722 671 omnes
755 646 1004 684 summopere,

418 692 457 729 Si
488 691 562 727 sint
597 691 707 740 vires,
741 692 946 728 extendere

476 748 632 784 Possent
663 747 914 795 sufficientiis,

416 804 563 850 Quippe
595 815 677 840 cum
707 815 817 850 opem
847 815 1028 851 quaerere

416 862 529 898 Esset
557 860 695 897 iustum
727 866 764 896 et
795 866 928 907 petere

474 918 508 954 A
540 918 683 953 cunctis
713 918 949 956 necessariis,

377 1101 384 1109 .
418 1067 524 1116 Ergo
553 1070 602 1106 ad
635 1070 854 1106 electionem

416 1128 570 1164 Intrans
603 1127 696 1162 caeli
727 1127 928 1176 regionem,

474 1183 576 1219 Loca
607 1187 739 1228 petens
771 1183 942 1233 celsiora,

419 1240 545 1285 Prope
576 1239 647 1275 Dei
678 1240 877 1276 stationem

416 1296 505 1331 Yidi
536 1296 654 1344 illum,
687 1297 750 1342 qui
783 1297 982 1333 draconem

473 1353 566 1390 Iecit
596 1354 645 1388 ad
676 1351 881 1396 inferiora3

415 1410 478 1447 Ad
509 1409 631 1455 ipsum
662 1409 827 1446 laxando
858 1410 940 1447 lora

415 1467 480 1503 Me
510 1466 687 1502 transtuli
718 1466 799 1502 sine
829 1477 936 1503 mora.

477 1523 548 1558 Per
581 1522 706 1558 cordis
737 1522 984 1568 affectionem,

419 1579 595 1627 sperans,
628 1580 726 1625 quod
750 1583 883 1624 potens
906 1580 1047 1618 maiora

416 1635 529 1673 Brevi
561 1635 652 1671 mihi
683 1635 805 1682 quibit
836 1636 929 1673 hora

473 1693 673 1730 Praestare
705 1690 976 1730 defensionem.

375 1877 382 1884 ,
416 1842 541 1892 Regni
574 1845 643 1881 Dei
674 1846 909 1895 praeposite,

416 1901 590 1939 Gloriose
622 1906 659 1938 et
690 1903 833 1950 inclite,

472 1959 649 1998 Michael.
683 1959 732 1995 ad
765 1964 801 1995 te
833 1958 945 2009 fugio,

417 2014 560 2053 Causae
591 2025 695 2052 meae
727 2016 883 2062 percepi
912 2021 950 2052 te

415 2073 531 2109 Posse
561 2071 735 2108 iuvamen
769 2073 943 2119 perditae

472 2128 614 2164 Intuitu
647 2129 737 2165 dare
765 2130 848 2178 pi03

416 2184 521 2221 Sicut
552 2184 593 2221 fit
624 2186 825 2232 privilegio

415 2241 559 2278 Mortui
591 2242 785 2278 suscitatio

472 2297 523 2334 Et
553 2298 742 2334 restitutio
773 2299 886 2346 vitae,

416 2354 477 2391 Sic
507 2355 545 2390 in
577 2365 643 2400 spe
674 2365 757 2391 mea
788 2356 908 2393 sentio

415 2410 479 2447 Me
510 2411 606 2447 tueri
639 2412 829 2457 praesidio

473 2467 565 2513 Tuo,
598 2468 629 2503 si
661 2469 730 2514 vis,
763 2469 936 2515 gratuite.

374 2643 382 2650 .
415 2610 588 2659 Michael,
621 2625 708 2661 ergo
742 2615 875 2651 dimica

417 2670 489 2707 Pro
520 2681 578 2707 mc
609 2672 693 2717 pius
725 2677 760 2708 et
792 2671 937 2709 fabrica

474 2725 615 2764 Incude
647 2729 730 2765 diae
761 2727 929 2766 fabricae

416 2784 533 2820 Arma
563 2784 653 2821 mihi
685 2784 865 2834 salvifica,

418 2840 467 2878 Ut
502 2841 639 2877 virtute
668 2842 824 2888 politica

471 2896 633 2933 Adncxa
665 2898 897 2945 theologicae

1131 1503 1195 1542 10.

1133 2279 1197 2318 11.

1232 303 1413 339 Armatus
1443 303 1568 339 luctae
1597 302 1765 340 lubricae

1231 357 1368 396 Carnis
1399 362 1435 395 et
1467 358 1677 396 diabolicae

1286 415 1413 460 Atque
1443 415 1584 461 mundi,
1614 416 1676 462 qui
1707 416 1843 462 pedica

1232 470 1326 507 Suos
1357 471 1478 517 ligans
1509 469 1639 508 foedat
1669 471 1763 518 pice,

1231 527 1424 563 Resistere
1454 527 1632 564 athletice

1289 584 1428 628 Queam
1458 588 1495 620 et
1526 584 1562 620 vi
1593 583 1802 630 magnifica.

1191 760 1199 769 .
1230 725 1283 767 Ut
1314 729 1417 766 Deus
1449 729 1562 776 quis?
1593 729 1648 766 sic
1678 731 1823 768 vocaris

1231 786 1282 822 Et
1312 791 1415 822 recte
1444 786 1708 832 interpretaris

1288 842 1459 878 Nominis
1493 844 1708 892 vocatione3

1231 898 1393 935 Virtutis
1425 910 1463 935 es
1491 899 1703 949 singularis,

1231 956 1328 993 Prae
1360 956 1494 991 ceteris
1526 966 1661 1002 expers
1693 956 1795 1003 paris

1286 1011 1329 1048 In
1362 1011 1451 1048 data
1482 1012 1763 1058 commissione;

1230 1067 1286 1105 Ob
1317 1067 1388 1103 hoc
1418 1069 1679 1114 persecutione

1229 1124 1458 1161 Antichristi
1490 1136 1559 1170 pro
1590 1136 1709 1172 agone

1287 1180 1504 1217 Electorum
1537 1183 1782 1232 exspectaris,

1231 1237 1301 1282 Qui
1334 1242 1364 1272 et
1401 1238 1647 1283 proeliatione

1229 1293 1427 1330 Primitiva
1460 1305 1540 1330 cum
1574 1295 1738 1332 dracone

1289 1351 1420 1386 Victor
1451 1349 1566 1387 fuisse
1596 1352 1783 1398 probaris.

1230 1500 1435 1549 Sepultura.
1465 1504 1656 1550 incognita

1228 1560 1352 1606 Moysi
1386 1564 1424 1596 et
1453 1560 1675 1598 abscondita

1286 1616 1404 1653 Facta
1436 1622 1492 1653 est
1522 1624 1559 1654 te
1588 1618 1798 1655 altercante

1230 1673 1321 1709 Cum
1355 1673 1546 1717 daemone,
1579 1685 1664 1710 nam
1696 1676 1844 1722 cognita

1231 1730 1269 1767 Si
1302 1728 1433 1766 fuisset
1465 1731 1544 1766 sive
1574 1731 1670 1768 scita

1287 1786 1399 1823 Dicto
1419 1787 1599 1823 daemone
1613 1792 1855 1836 monstrante,

1230 1843 1433 1881 Caecitatis
1464 1848 1570 1880 erant
1602 1848 1729 1881 tantae

1231 1900 1375 1946 Iudaei,
1408 1901 1505 1946 quod
1537 1910 1610 1937 non
1641 1900 1815 1939 obstante

1289 1957 1389 2002 Lege
1420 1956 1561 1993 eisdem
1593 1957 1737 1995 tradita

1231 2014 1358 2059 Ipsum
1390 2013 1503 2050 latria
1535 2019 1705 2050 cessante

1230 2070 1467 2106 Adon-assent
1498 2070 1565 2107 hos
1598 2074 1776 2108 caecante

1291 2126 1504 2164 Pertinacia
1531 2127 1656 2165 solita.

1232 2276 1415 2318 Dividere
1446 2279 1600 2316 rubrum
1632 2291 1746 2329 mare,

1229 2336 1407 2373 Israelem
1438 2336 1601 2373 liberare

1288 2392 1343 2429 De
1374 2403 1485 2429 manu
1517 2393 1790 2440 Aegyptiorum

1232 2448 1460 2485 Commissus
1492 2459 1530 2485 es
1562 2454 1599 2486 et
1630 2450 1784 2496 plagare

1231 2505 1411 2542 Nolentes
1443 2505 1705 2553 obtemperare

1286 2562 1479 2599 Mandatis
1511 2563 1609 2609 regis
1647 2563 1858 2612 caelorum3

1230 2619 1336 2656 Inter
1366 2619 1467 2655 acies
1497 2624 1711 2656 sanctorum

1231 2675 1450 2712 Concivium
1481 2676 1699 2722 angelorum

1288 2732 1474 2769 Vexillum
1508 2732 1650 2770 Christi
1682 2737 1835 2779 portare

1229 2788 1374 2835 Dignus
1405 2799 1457 2835 es,
1489 2790 1754 2834 mysteriorum

1228 2844 1396 2894 Signifer
1425 2850 1460 2882 et
1492 2856 1728 2892 arcanorum,

1286 2905 1388 2947 Quae
1419 2914 1490 2938 non
1522 2902 1611 2939 licet
1642 2901 1824 2941 revelare.
