1914 3223
373 279 397 316 2

395 2530 398 2533 -
432 2503 612 2550 Algorem
645 2501 745 2540 ferre
776 2503 957 2540 caumatis
988 2514 1062 2540 non
1094 2504 1237 2549 valens,

335 2713 399 2752 11.

713 187 765 192 —
827 166 908 205 4:35
971 191 1020 194 —

445 278 625 315 Barbaris
657 279 826 325 quamvis
858 281 1017 316 cesseris
1048 281 1171 329 avitis,

441 334 547 371 Fano
579 334 739 381 profano
770 336 927 372 litarunt
958 337 1020 383 qui
1052 338 1213 386 quando,

443 390 564 427 Nimis
597 402 730 428 serena
761 397 800 428 tu
833 396 956 429 tamen
989 393 1154 432 Bollema
1194 433 1197 436 ,

502 447 556 484 De
587 448 707 495 stirpe
739 448 884 494 prodis.

401 577 409 585 .
441 547 567 585 Enixa
597 558 732 594 nempe
764 558 861 594 nepa
892 559 936 585 ex
968 554 1127 595 parente

440 605 552 642 Prolc
584 610 755 641 sacratus
786 615 941 641 manens
973 605 1143 642 illibatus

439 659 583 706 Infans,
617 661 776 708 elinguis
806 660 922 698 fueris
954 666 989 698 et
1021 662 1204 709 quamvis,

496 717 638 754 'Tamen
669 719 815 757 beatuS.

439 819 562 856 Senex
594 820 655 856 hic
686 826 791 869 puer,
824 831 962 867 gnarus
994 825 1029 856 et
1062 821 1162 857 haud
1192 821 1313 868 piger,

438 877 472 913 A
505 877 723 923 crepundiis
755 877 892 913 studiis
923 877 1069 913 anhelis

439 932 642 977 Virtutum,
675 934 828 970 tandem
861 934 983 970 sacris
1015 934 1188 970 eruditus

496 989 587 1026 Post
618 991 837 1037 gymnasiis.

443 1090 607 1137 Dempto
640 1095 796 1137 parente
829 1091 977 1128 demum
1009 1091 1191 1128 tribunali

435 1147 632 1194 Exceptus
663 1148 803 1194 schola,
837 1148 933 1185 stola
965 1149 1143 1195 quirinali

441 1203 597 1241 Caesari
629 1205 711 1242 Deo
744 1205 951 1253 praeditus,
985 1205 1173 1252 utrimque

497 1261 550 1299 Ut
579 1261 661 1298 iura
695 1262 844 1302 reddat.

439 1361 552 1400 Foris
584 1373 740 1400 corusco
771 1363 961 1400 schemate
994 1366 1142 1408 togatus

436 1419 594 1466 Rigidos
624 1419 724 1456 intus
756 1420 869 1456 sumit
901 1420 1103 1466 cruciatus,

436 1475 596 1513 Floccos
627 1486 710 1512 cum
740 1477 839 1513 iubis
869 1477 1011 1513 nodose
1042 1476 1210 1513 contexit

494 1533 649 1570 Pectine
680 1533 833 1570 tricans.

434 1634 604 1671 Tandem
638 1636 850 1683 despectus,
884 1635 1048 1685 humilis,
1081 1634 1264 1681 abiectus,

436 1692 574 1728 Amore
606 1692 693 1729 divo
724 1692 884 1736 sorduit,
913 1692 1049 1728 devoto

436 1747 619 1795 Squalore
651 1748 804 1794 tinctuS,
836 1749 1043 1786 monachus
1076 1753 1134 1785 est
1165 1748 1289 1785 dictus

493 1805 603 1842 Vitae
634 1805 770 1851 rigore.

433 1907 523 1944 Sitis
555 1911 592 1943 et
623 1905 732 1944 famis
763 1908 882 1944 macie
914 1912 1169 1957 consumptus,

435 1963 693 2001 Excubiarum
726 1969 829 2001 tenet
860 1965 951 2011 vigil
984 1965 1119 2010 cultus,

436 2020 595 2058 Carnem
628 2021 862 2070 pessumdat,
895 2022 1019 2058 animo
1052 2021 1212 2058 resultat

492 2077 703 2124 Suspensus
738 2078 874 2116 Deum.

435 2180 535 2216 Hinc
566 2180 603 2216 in
633 2191 752 2227 opaco
783 2184 1042 2226 tempestoque
1073 2179 1193 2216 noctis

433 2235 575 2287 Surgit,
609 2237 734 2284 quiete
766 2237 909 2283 templa
936 2237 1104 2283 visitare,

432 2293 612 2340 Rigentes
642 2294 729 2330 nive
760 2293 886 2341 gelida
916 2294 1078 2330 nudatas

491 2350 672 2388 Cruentat
703 2351 866 2397 plantas.

430 2447 503 2484 Ast
534 2447 652 2483 solum
686 2458 841 2484 concors
873 2445 970 2483 fidus
1001 2447 1080 2483 eius
1111 2446 1232 2496 miles,

433 2561 478 2598 In
508 2560 592 2596 loca
622 2560 770 2607 mergit,
803 2560 937 2607 quibus
967 2560 1084 2606 pedes
1115 2560 1235 2606 trivit,

486 2617 676 2654 Ardorem
706 2617 837 2655 sensit.

430 2713 581 2751 Umeris
612 2715 731 2750 sacris
762 2719 901 2751 struem
936 2712 1010 2750 fert
1042 2713 1180 2761 egenis,

432 2769 563 2807 Calcat
594 2780 774 2817 racemos,
807 2771 905 2807 colat
937 2780 1084 2817 quoque
1116 2774 1292 2817 mustum,

431 2826 610 2863 Manibus
640 2827 789 2863 mundis
817 2827 967 2874 adipem
1002 2825 1182 2864 frumenti

491 2882 662 2920 Carbone
693 2887 824 2922 torret.

1356 2946 1428 2981 28*
