1914 3223
534 342 593 378 38.
629 341 740 383 (1521.)
778 341 924 376 Versus
950 340 1044 374 ante
1072 338 1222 373 Cibum.

667 410 838 450 mamam.
866 411 928 448 111,
960 404 1088 448 1-·40).
1269 397 1272 399 ’

480 527 509 564 Ο
541 524 705 563 crucifer
735 525 843 573 bone,
877 525 970 561 lucis
1002 530 1116 570 sator,

478 583 730 629 Omniparens
761 582 836 629 pie,
869 581 1085 627 verbigena

478 639 593 676 Edite
625 649 783 685 corpore
814 639 994 685 virgineo,

477 695 553 734 Sed
584 696 688 742 prius
719 696 757 731 in
788 695 956 741 genitore
987 697 1133 740 potens,

477 754 605 792 Astra.
638 752 772 799 solum,
804 761 907 788 mare
938 761 1048 797 quam
1080 749 1210 786 tierent

409 906 418 915 .
478 877 563 913 Huc
594 876 728 921 nitido,
760 885 908 922 precor,
942 874 1078 911 intuitu

476 933 608 972 Flecte
638 931 873 970 salutiferam
907 930 1054 974 faciem,

475 989 619 1027 Fronte
648 1000 802 1026 serenus
835 992 869 1025 et
901 988 1059 1035 irradia,

477 1046 650 1084 Nominis
680 1050 721 1083 ut
751 1045 820 1082 sub
852 1046 993 1082 honore
1024 1044 1077 1081 tui

474 1103 554 1140 Has
586 1103 717 1150 epulas
748 1103 862 1139 liceat
893 1111 1041 1148 capere.

407 1256 416 1265 .
475 1229 530 1265 Te
561 1229 641 1265 sine
673 1228 783 1265 dulce
813 1227 921 1275 nihil,
957 1226 1127 1271 Domine,

475 1285 555 1322 Nee
586 1285 689 1322 iuvat
720 1296 785 1321 ore
815 1285 906 1331 quid
938 1283 1132 1331 adpetere,

476 1342 617 1380 Pocula
648 1342 687 1377 ni
717 1342 822 1389 prius
853 1345 964 1388 atque
997 1340 1112 1389 cibos,

475 1399 637 1447 Christe,
670 1399 744 1435 tuis
777 1396 886 1435 favor
912 1397 1087 1434 imbuerit

473 1456 607 1494 Omnia
638 1454 901 1492 sanctificante
931 1453 1018 1492 fide.

472 1580 634 1616 Fercula
664 1583 794 1616 nostra
825 1578 946 1615 Deum
977 1578 1139 1624 sapiant,

475 1636 646 1674 Christus
677 1639 713 1672 et
744 1633 877 1672 influat
907 1635 944 1671 in
971 1640 1146 1682 paterns3

471 1693 590 1738 Seria,
622 1692 783 1736 ludrica,
816 1691 943 1740 verba,
976 1691 1092 1736 iocos,

472 1750 657 1796 Denique,
689 1749 789 1796 quod
821 1759 947 1785 sumus
979 1753 1042 1785 aut
1073 1748 1230 1798 agimus,

475 1807 592 1844 Trina
624 1816 786 1852 superne
817 1809 924 1852 regat
954 1805 1088 1851 pietas.

403 1963 411 1970 .
471 1931 544 1967 Hic
575 1930 665 1966 mihi
697 1930 802 1967 nulla
833 1940 941 1966 rosae
971 1930 1106 1976 spolia,

471 1988 608 2024 Nullus
639 1992 808 2024 aromate
839 1983 985 2033 fragrat
1015 1987 1123 2036 odor,

469 2044 544 2082 Sed
575 2044 699 2091 liquor
728 2042 853 2081 influit
880 2043 1103 2092 ambrosius,

470 2101 769 2147 Nectareamque
800 2099 913 2137 fidem
945 2100 1091 2136 redolet

468 2157 591 2195 Fusus
622 2157 669 2194 ab
699 2167 817 2203 usque
848 2157 969 2203 patris
999 2156 1153 2204 gremio.

400 2313 409 2322 .
469 2282 626 2329 Sperne,
659 2282 834 2327 Camena,
866 2283 969 2318 leves
1000 2282 1172 2331 hederas,

468 2340 628 2385 Cingere
658 2343 833 2385 tempora
864 2339 946 2386 quis
977 2339 1089 2376 solita
1119 2349 1170 2385 es,

469 2395 652 2442 Sertaque
684 2395 841 2443 mystica
876 2395 1065 2442 dactylico

469 2453 614 2489 Texere
647 2452 759 2489 docta
788 2453 865 2498 liga
895 2452 1078 2498 strophiQ

467 2509 599 2546 Laude
636 2509 707 2546 Dei
739 2509 915 2545 redimita
945 2509 1072 2545 comis.

397 2664 406 2671 .
466 2634 573 2680 Quod
605 2643 786 2680 generosa
817 2637 941 2680 potest
972 2634 1109 2672 anima.

465 2691 579 2727 Lucis
613 2694 649 2726 et
679 2690 844 2726 aetheris
875 2691 1066 2737 indigena,

467 2746 622 2784 Solvere
655 2746 803 2792 dignius
835 2747 1065 2793 obsequium,

465 2804 584 2850 Quam
617 2802 705 2839 data
736 2814 891 2840 munera
921 2804 952 2839 si
985 2803 1127 2840 recinat

466 2859 662 2897 Artificem
694 2859 886 2897 modulata
917 2859 1055 2896 suum?
