1914 3223
465 348 547 384 317.
585 349 643 391 (4.)
680 349 737 384 De
763 349 906 384 sancta
933 349 1063 385 Maria
1088 349 1342 393 magdalena.

768 419 808 450 In
834 419 1026 450 Laudibus.

164 513 201 551 1.
233 512 285 550 Et
315 511 473 549 miseras
504 515 540 548 et
569 511 728 548 miseros
979 514 1014 550 4.
1049 511 1152 548 Haec
1183 511 1335 549 subdita
1369 512 1577 550 daemoniis

233 568 354 605 Vocat
386 568 490 605 Deus
521 568 738 604 misericors
1053 568 1180 614 Atque
1213 568 1344 606 dedita
1376 569 1478 605 vitiis

232 625 371 663 Omnes
403 624 453 662 ad
483 624 758 671 paenitentiam
1050 625 1086 660 A
1118 629 1155 660 te
1185 625 1291 670 prius
1323 625 1498 673 obtinuit,

232 681 283 719 Et
314 681 518 728 pollicetur
548 680 708 720 veniam.
1054 680 1246 727 Quidquid
1271 681 1342 718 tibi
1375 681 1558 723 exhibuit.

159 784 195 822 2.
229 782 479 829 Contemptor
510 782 768 829 paenitentiae
982 784 1020 821 5.
1051 782 1087 818 A
1118 785 1155 818 te
1187 781 1313 819 cordis
1345 783 1585 829 compunctio

239 838 348 877 Solus
381 844 437 876 est
469 849 606 887 expers
639 839 784 887 veniae,
1052 838 1103 875 Et
1136 839 1359 886 capillorum
1393 840 1510 876 tersio

234 896 375 934 Factor
405 895 702 944 misericordiae,
1051 894 1102 931 Et
1134 896 1272 941 pedum
1305 895 1489 932 osculatio

235 951 400 1001 Christe,
432 952 553 990 nostri
584 951 779 989 miserere.
1052 951 1101 988 Et
1134 952 1314 999 unguenti
1345 951 1488 989 effusio.

163 1056 200 1095 3.
234 1054 424 1092 Immensa
454 1058 520 1092 tua
550 1053 701 1091 bonitas
982 1055 1019 1092 6.
1053 1053 1189 1090 Totum
1220 1057 1307 1090 tuae
1336 1054 1505 1103 pietatis,

231 1111 380 1148 Mariae
412 1110 517 1148 dedit
547 1110 738 1157 lacrimas,
1052 1110 1159 1157 Quod
1188 1108 1277 1147 fecit
1299 1110 1392 1147 haec
1413 1121 1484 1159 pro
1505 1111 1684 1158 peccatis,

235 1168 310 1206 Per
340 1167 580 1204 lacrimarum
611 1165 767 1204 fiuvium
1054 1167 1162 1213 Quod
1193 1178 1263 1214 pro
1294 1167 1434 1204 nostris
1466 1165 1659 1212 faciamus,

232 1224 399 1262 Fluxum
430 1223 629 1262 restrinxit
657 1224 867 1261 criminum.
1055 1223 1114 1261 Da
1145 1224 1218 1272 pie,
1251 1234 1298 1260 ne
1329 1234 1541 1271 pereamus.

605 1326 640 1363 7.
674 1324 754 1362 Deo
786 1325 888 1371 patri
918 1328 955 1361 et
985 1324 1077 1373 filio,

673 1381 833 1428 Spiritui
862 1381 1050 1428 paraclito

674 1438 818 1486 Honor,
853 1438 972 1475 virtus
1003 1442 1040 1475 et
1070 1438 1191 1485 gloria

674 1495 717 1531 In
748 1495 979 1541 sempiterna
1010 1495 1174 1533 saecula.

210 1597 324 1638 Opera
362 1604 425 1627 ms.
459 1595 606 1628 Goffridi
638 1595 871 1627 Vindocinen.
909 1605 999 1627 saec.
1040 1593 1090 1626 12.
1149 1594 1233 1627 Cod.
1265 1594 1495 1627 Vindocinen.
1531 1593 1605 1627 193.
1642 1613 1686 1616 —

118 1641 281 1674 Sil-mond
305 1641 329 1673 1.
355 1652 382 1673 e.
408 1638 475 1673 320
502 1652 551 1683 sq,
