2031 3289
935 205 984 209 ——
1047 182 1241 222 338—

595 297 660 335 13.
705 295 867 333 Accedit
897 295 1065 342 Maurus,
1098 295 1327 344 Honoratus,
1359 294 1549 338 Placidus,

706 351 758 388 Et
788 352 1068 398 Constantinus,
1101 350 1265 388 Faustus
1296 356 1333 387 et
1364 350 1590 398 Simplicius,

706 407 825 444 Beato
855 407 961 444 Patri
992 417 1120 444 omnes
1150 407 1204 444 ita
1234 406 1423 443 referunt:

705 463 805 508 Quos
836 463 890 499 sic
920 463 1083 510 miraris,
1115 474 1161 500 ex
1191 463 1328 500 Casino
1359 462 1568 510 prodeunt3

702 519 782 556 Hos
813 519 998 566 expolivit
1026 525 1156 558 noster
1184 519 1419 556 Desiden'us.

598 622 663 661 14.
711 620 781 658 Cui
810 624 919 665 pater
946 619 1065 655 almus
1095 623 1220 666 grates
1251 618 1326 656 fert
1354 619 1569 656 innumeras

705 676 829 722 Eique
861 675 974 722 digna
1003 677 1173 721 praemia
1202 677 1434 725 pronuntiat,

704 733 909 770 Auctorem
941 742 1066 768 rerum
1097 734 1260 769 omnium
1292 732 1519 781 expostulat,

704 789 759 826 Ut
788 789 826 824 in
857 799 1022 834 superna
1051 789 1269 836 angelorum
1299 788 1419 836 gloria

685 845 789 884 ‚Sibi
820 855 902 881 cum
933 844 999 881 illo
1031 846 1266 892 congaudere
1295 846 1420 882 liceat.

597 947 662 985 15.
708 946 813 983 Inter
843 945 936 982 haec
965 945 1072 982 vobis
1103 945 1298 992 Seraphim
1332 945 1510 983 micantia

709 1003 868 1040 Sanctus
899 1006 935 1037 et
965 1006 1128 1048 sanctus,
1159 1005 1310 1039 sanctus
1331 1002 1604 1048 proclamantia

709 1058 990 1096 Inaestimanda
1021 1056 1222 1095 conferunt
1251 1058 1433 1106 tripudia,

707 1115 851 1152 Canere
880 1114 1012 1151 iubent
1043 1114 1271 1151 canticorum
1305 1115 1463 1162 cantica,

706 1172 759 1209 Ut
788 1171 857 1208 illa
886 1175 1020 1217 quater
1050 1171 1207 1218 triginta
1237 1181 1303 1207 sex
1333 1171 1448 1211 milia.

595 1273 660 1312 16.
708 1272 983 1309 Citharizantes
1014 1272 1161 1310 cantico
1191 1273 1359 1319 virgineo

704 1328 897 1365 Decenter
926 1339 1021 1375 agno
1051 1329 1215 1376 psallitis
1244 1339 1448 1376 purpureo,

708 1385 891 1421 Laudatis
922 1395 1003 1421 eum
1035 1385 1075 1422 in
1105 1386 1220 1423 choro
1250 1389 1287 1422 et
1316 1389 1509 1433 tympano,

709 1441 878 1478 Cantatis
910 1441 944 1478 ei
974 1442 1011 1478 in
1044 1442 1197 1479 chordis
1229 1447 1266 1478 et
1295 1453 1448 1489 organo,

713 1497 819 1535 Caeli
850 1504 1050 1544 terraeque
1080 1498 1248 1535 iubilatis
1280 1498 1454 1536 Domino.

597 1599 662 1636 17.
709 1599 823 1637 Cuius
855 1598 976 1635 effecti
1007 1599 1149 1646 gloriae
1179 1599 1396 1649 participes,

704 1656 797 1703 Iam,
831 1666 976 1701 precor,
1009 1656 1091 1692 sitis
1121 1656 1195 1693 mei
1226 1666 1376 1702 semper
1406 1666 1604 1704 memores,

704 1711 767 1748 Sic
798 1722 880 1748 eum
912 1712 1003 1748 mihi
1034 1711 1148 1749 facite
1178 1712 1418 1759 placabilem,

703 1767 757 1805 Ut
788 1778 846 1804 me
879 1768 1054 1815 dignetur
1083 1769 1231 1816 superis
1263 1769 1497 1817 coniungere,

703 1825 817 1863 Unde
848 1836 914 1862 vos
944 1825 1086 1871 possim
1116 1825 1176 1861 vel
1206 1825 1317 1872 longe
1347 1825 1551 1871 respicere.

413 1935 634 1977 Martinengo
660 1935 682 1966 l.
708 1946 736 1967 c.
787 1933 885 1967 .178
911 1946 948 1976 sq
1010 1953 1055 1956 ——
1079 1933 1154 1974 2,1
1181 1937 1222 1967 In
1247 1937 1359 1968 nobis.
1377 1953 1420 1957 —
1437 1935 1467 1973 6
1496 1934 1511 1968 l
1538 1936 1621 1978 quid
1642 1946 1730 1967 cum.
1747 1932 1840 1972 —6,
1857 1931 1877 1965 5

326 1981 590 2023 praeferrentur.
619 1997 659 2001 —
684 1978 721 2018 8,
754 1980 774 2013 3
800 1982 1026 2021 Conscriptis.
1050 1998 1095 2002 ——
1120 1979 1151 2019 9,
1177 1979 1197 2012 2
1222 1982 1293 2013 Vos
1319 1982 1432 2013 oderis
1460 2006 1467 2013 .
1528 1981 1678 2013 tudine
1705 1981 1877 2011 ..tras

327 2026 499 2057 mundule.
526 2045 561 2048 -
596 2024 645 2062 16
672 2023 693 2057 3
719 2027 776 2058 Sic
804 2030 876 2057 tum
902 2026 995 2057 mihi.
1022 2043 1067 2047 ——
1085 2026 1140 2057 Da
1163 2026 1276 2058 dieser
1294 2028 1450 2068 Hymnus
1468 2028 1524 2059 bei
1540 2027 1760 2067 Martinengo
1778 2027 1879 2056 unter

326 2071 391 2102 den
417 2070 524 2103 Werk
529 2082 571 2102 en
596 2071 654 2103 des
680 2071 862 2123 Alphanus
888 2071 996 2109 steht,
1032 2071 1167 2103 belasse
1192 2072 1248 2103 ich
1273 2072 1334 2103 ihn
1358 2072 1416 2110 da,
1448 2083 1499 2104 wo
1526 2071 1579 2103 ich
1604 2071 1665 2103 ihn
1688 2071 1794 2108 finde,
1819 2070 1878 2101 ob·
2006 2078 2009 2101 1

323 2116 429 2147 sehon
457 2116 594 2147 Zweifel
622 2126 665 2147 an
692 2118 806 2148 seiner
822 2116 987 2148 Echtheit
1012 2127 1076 2148 nur
1101 2127 1143 2148 zu
1168 2117 1360 2158 begriindet
1384 2118 1472 2156 sind,
1498 2118 1541 2149 da
1567 2119 1629 2148 uir
1655 2120 1751 2148 sonst
1773 2115 1876 2147 keine
2008 2122 2009 2125 ’

323 2161 580 2203 rhythmischen
606 2161 828 2203 Dichtungen
853 2172 921 2193 von
947 2161 1127 2203 Alphanus
1152 2161 1300 2194 kennen.

1985 3052 2025 3289 maa-²·-
2022 3016 2024 3022 .
1998 2978 2023 2998 ι’
