1914 3223
691 188 745 192 —
804 164 884 204 :zuo
943 186 997 192 —

408 283 443 319 3.
479 281 518 316 ln
550 279 690 316 sanctis
722 278 884 315 mirabili

533 335 612 373 Deo
642 335 775 383 gloria,
1213 371 1216 375 .

476 393 534 430 Ex
565 403 649 439 quo,
681 402 750 438 per
779 402 899 438 quom.
932 391 969 428 in
1001 402 1072 438 quo
1103 395 1201 437 sunt,

532 460 626 495 quae
656 453 755 495 sunt,
787 449 923 495 omnia,

588 506 700 543 Cuius
731 505 820 551 agit,

644 561 825 608 quidquid
860 561 952 607 vult,
985 559 1154 606 potentia

588 619 809 664 Optimeque

608 722 614 727 ·
646 674 809 720 disponit
842 674 1056 720 prudentia.

476 735 589 777 Quom
623 735 657 768 et
688 731 784 768 velle

475 788 564 825 Geri
595 788 689 825 beno.

532 845 763 892 Disponique
794 843 954 892 singula,

475 901 651 939 Dubitari

477 958 560 995 Non
590 958 776 1005 permittit

533 1015 624 1051 Eius
653 1025 796 1052 summa
827 1013 997 1061 bonitas3

588 1071 660 1108 Per
690 1081 798 1118 quem
829 1074 928 1111 sunt,

643 1127 730 1164 iusti
761 1127 971 1174 quicunque
1001 1131 1100 1171 sunt,

591 1184 662 1221 Per
691 1195 797 1230 quem
831 1188 928 1227 sunt,

645 1240 743 1277 beati
774 1241 912 1287 quique
942 1244 1040 1278 sunt.

164 1320 187 1349 13
221 1318 277 1349 fol.
312 1318 395 1350 95η.
432 1336 471 1339 —
502 1320 528 1349 (⁸
561 1318 617 1349 fol.
656 1316 758 1349 1771„
787 1335 826 1339 ——
856 1316 890 1355 1,
927 1315 947 1348 6
979 1317 1130 1349 celebret
1154 1318 1191 1348 C.
1219 1333 1259 1337 —
1287 1314 1321 1354 l⁷
1356 1315 1375 1347 7
1407 1315 1490 1348 fides
1516 1316 1552 1348 C.
1577 1333 1619 1337 —

74 1363 106 1399 l,
138 1363 175 1395 12
203 1364 417 1395 extolluntur
437 1365 570 1404 gratiae
598 1366 634 1395 C.
661 1380 702 1384 —
733 1363 766 1400 l,
796 1362 835 1394 16
861 1364 953 1395 beati
980 1363 1177 1404 quicunque
1205 1363 1248 1403 133
1274 1362 1439 1394 ‹lai-iiber:
1465 1362 1519 1394 vel
1545 1363 1621 1393 sine

70 1420 137 1449 (μω
164 1409 252 1440 boati
282 1409 365 1440 nulli
397 1413 484 1440 sunt.
511 1426 554 1430 —-
582 1408 613 1447 ⁴2,
639 1408 658 1439 6
685 1409 745 1439 1ιο5
772 1408 854 1440 fehlt
873 1411 909 1440 C.
939 1425 978 1429 —
1004 1407 1035 1445 3,
1064 1406 1075 1438 1
1106 1408 1277 1439 mirabilis
1297 1408 1333 1439 C.
1363 1425 1401 1429 —
1429 1405 1460 1446 3,
1484 1406 1506 1438 4
1531 1418 1620 1449 quae

69 1459 146 1485 sunt
180 1454 292 1486 felilen
319 1457 354 1485 C.
388 1472 422 1475 ——
456 1452 493 1487 3.
527 1454 548 1485 ὅ
573 1454 739 1496 quidqtiid
766 1454 856 1485 ultra
882 1454 1037 1495 potentia
1063 1452 1098 1484 C.
1126 1470 1166 1474 -—
1195 1454 1256 1494 „In
1282 1454 1368 1485 festo
1395 1452 1456 1485 SS.
1482 1453 1618 1495 Aegidii

66 1504 98 1530 vt
125 1500 233 1541 Lupi*
263 1501 300 1530 C.

532 1576 613 1612 221.
645 1576 750 1617 (111.)
787 1576 832 1610 In
856 1576 892 1611 2.
919 1576 1140 1611 Nocturno.

71 1661 103 1696 l.
135 1659 203 1706 Tu,
236 1669 330 1705 quae
361 1669 509 1696 earnem
543 1660 702 1702 edomet.⁴
876 1662 912 1699 2.
946 1659 1129 1697 Obsessos
1161 1657 1405 1695 daemonibus

191 1715 468 1760 abstinentiam,
1003 1715 1050 1753 ab
1081 1715 1139 1752 his
1171 1715 1347 1761 liberant,

136 1771 204 1818 Tu,
237 1782 331 1818 quae
362 1782 508 1809 carnem
543 1772 705 1821 decoret,
943 1772 1140 1810 Audacter
1171 1771 1414 1819 languoribus

191 1829 468 1877 continentiam,
1001 1829 1145 1866 cunetis
1178 1829 1378 1877 imperant,

247 1885 303 1921 Tu
327 1885 432 1931 velle,
455 1886 553 1931 quod
578 1885 711 1922 bonum
734 1889 802 1931 est,
1058 1884 1182 1922 Verbo
1214 1885 1438 1932 paralyticis

302 1942 358 1978 bis
387 1942 538 1990 ingeris,
1112 1941 1351 1988 subveniunt,

245 1998 302 2035 Ac
331 1999 451 2044 ipsum
483 1998 666 2044 perficere
1057 1999 1204 2044 Lepi-ae
1236 1997 1311 2035 fert
1341 1998 1461 2036 oratio

301 2063 341 2091 tu
371 2055 520 2092 tribuis.
1113 2055 1334 2093 remedium.

137 2113 387 2148 Instrumenta
943 2112 1074 2150 Caenis
1106 2112 1238 2158 visum,

135 2166 229 2203 Sunt
259 2167 295 2204 hi
327 2173 402 2215 tua,
943 2169 1098 2208 Claudis
1129 2179 1309 2215 gressum.

191 2224 262 2261 Per
291 2235 382 2271 quos
413 2224 507 2261 mira
538 2224 687 2271 peragis
1000 2226 1125 2262 Vitam
1157 2225 1323 2263 reddunt
1351 2225 1519 2275 mortuis,

135 2280 183 2317 Et
215 2280 375 2318 bumana
946 2282 1137 2329 Quidquid
1170 2286 1315 2328 petunt,

133 2336 264 2373 Moves
295 2337 409 2374 corda
949 2341 1022 2377 Per
1052 2344 1089 2375 te
1120 2343 1288 2386 possunt,

192 2393 314 2440 Signis
346 2398 381 2430 et
412 2394 606 2441 prodigiis,
1000 2396 1082 2442 Qui,
1115 2406 1210 2442 quae
1239 2395 1358 2443 iubes,
1393 2395 1567 2441 perfici53

247 2450 318 2486 Per
347 2461 455 2497 quem
486 2455 583 2496 sunt,
1058 2453 1131 2490 Per
1161 2463 1268 2499 quem
1301 2457 1399 2497 sunt,

302 2507 388 2543 iusti
420 2508 627 2554 quicunque
657 2513 758 2557 sunt,
1113 2509 1202 2545 iusti
1232 2509 1442 2555 quicunque
1473 2512 1572 2558 sunt,

248 2563 318 2600 Per
348 2574 455 2609 quem
486 2568 584 2609 sunt,
1058 2567 1130 2604 Per
1160 2576 1269 2612 quem
1301 2570 1399 2613 sunt,

303 2619 401 2657 beati
433 2621 569 2667 quique
599 2624 697 2659 sunt.
1113 2621 1214 2659 beati
1245 2622 1381 2669 quique
1411 2627 1510 2662 sunt.

467 2713 501 2748 3.
537 2712 578 2749 In
609 2711 748 2748 sanctis
778 2711 944 2749 mirabili

590 2767 671 2804 Deo
701 2768 834 2814 gloria,

536 2823 593 2860 Ex
625 2835 709 2871 quo,
741 2835 810 2871 per
840 2835 960 2875 quem,
994 2826 1031 2862 in
1063 2837 1136 2872 quo
1168 2830 1265 2875 sunt,

589 2891 684 2927 quae
714 2886 814 2929 sunt,
845 2883 980 2931 omnia,

129 2944 290 2979 Drovos,
317 2946 561 2982 Hymnographi
584 2948 702 2976 Latini.
740 2949 766 2976 1.
1370 2947 1412 2980 14
