1914 3223
734 196 786 204 -
846 171 926 218 267
986 194 1040 203 -“

116 283 185 335 oa.
228 293 355 342 virgo,
387 291 529 331 candor
558 291 775 336 honestatis,
925 289 997 327 ob.
1025 289 1119 336 Quia
1150 289 1231 326 sola
1260 291 1367 340 potes
1401 285 1492 324 dare

230 351 354 398 Virgo,
385 355 505 388 mater
534 348 697 396 pietatis,
1031 346 1130 395 l'lus,
1141 356 1250 392 quam
1260 344 1415 393 caelum,
1426 348 1539 388 terra,
1551 351 1666 390 mare,

285 407 408 455 Virgo,
439 410 571 454 potens
603 405 766 450 domina,
1084 402 1158 439 Fer
1188 405 1317 439 nostra
1347 400 1576 448 precamina.

119 528 188 567 7a.
231 526 420 571 Christus,
452 525 528 562 vita
559 523 851 570 redemptorum,
926 521 998 560 7b.
1029 522 1101 559 Per
1132 527 1180 566 te,
1214 524 1334 557 mater
1363 519 1545 568 speciosa,

234 583 359 620 l'estes
389 581 494 620 sedet
525 581 711 623 vitiorum,
1030 578 1100 614 l‘er
1131 582 1179 627 te,
1209 581 1317 624 grata
1347 576 1427 614 Deo
1459 586 1555 621 rosa,

285 639 455 676 Monstra
499 643 640 684 premet
672 637 853 673 scelerum
1087 635 1160 672 Per
1190 638 1238 679 te,
1272 632 1339 671 flos
1369 633 1580 672 mulierum.

502 838 582 873 2281.
619 838 676 879 (7.)
712 838 768 871 De
795 836 922 870 Beata
948 834 1078 870 Maria
1104 834 1282 878 Virgine.

123 957 187 993 ln.
221 955 364 997 Gaude,
396 955 598 992 sacrarium
928 954 999 990 111.
1039 952 1182 994 Gaude,
1216 952 1394 988 solacium

287 1011 410 1048 bivini
443 1010 617 1053 foederis,
1094 1009 1254 1045 Humani
1287 1008 1446 1056 generis,

233 1068 389 1105 Pudoris
423 1068 538 1105 lilium
1039 1065 1171 1102 'l'utrix
1204 1065 1429 1108 mortalium,

287 1125 459 1161 fundens
492 1135 580 1170 prae.
612 1124 757 1172 ceteris,
1096 1122 1268 1159 Praelata
1299 1121 1458 1168 superis,

231 1181 336 1226 Quod
370 1181 457 1217 solis
490 1181 634 1218 radium
1041 1179 1227 1215 Praebens
1258 1178 1464 1214 remedium

288 1237 439 1274 Gemma
473 1237 687 1284 conceperis
1095 1237 1135 1273 ln
1169 1246 1257 1272 casu
1288 1234 1431 1271 funeris

234 1294 278 1331 1⁴21
311 1294 380 1331 Dei
412 1294 524 1330 tilium
1041 1292 1088 1328 1⁴31,
1119 1291 1370 1339 patrocinium

288 1350 400 1395 Virgo
423 1351 636 1396 pepereris.
1096 1350 1136 1386 In
1169 1358 1282 1385 causa
1312 1348 1504 1394 pauperis,

120 1472 190 1506 2321.
235 1468 344 1515 Nam,
374 1469 434 1515 qui
468 1473 655 1505 corruerat
926 1468 999 1506 21».
1040 1467 1114 1504 Sua
1146 1468 1312 1513 perierat

289 1526 406 1561 Vento
437 1525 647 1573 superbiae,
1092 1524 1215 1561 Adam
1248 1524 1424 1570 ingluvie,

234 1581 362 1620 Nobis.
394 1592 484 1627 quos
515 1582 646 1618 oderat
1035 1583 1149 1627 Quem
1182 1592 1248 1617 sua
1279 1580 1416 1616 liberat

287 1637 448 1684 Serpens
478 1638 652 1677 invidiae.
1093 1637 1265 1675 Christus
1295 1637 1429 1682 esurie,

231 1698 327 1738 Quos·
357 1705 444 1730 suae
479 1700 630 1731 noverat
1038 1694 1151 1731 Cuius
1184 1694 1269 1731 dum
1302 1694 1439 1730 tolerat

288 1750 454 1787 Heredes
485 1751 636 1797 gloriae.
1094 1752 1222 1797 Iugum
1256 1751 1442 1796 miseriae,

233 1806 370 1843 Malum
404 1813 620 1853 porrexerat
1038 1807 1199 1844 Nostrae
1231 1807 1511 1853 praeponderat

287 1863 361 1899 Sub
395 1863 477 1899 boni
506 1865 640 1910 specie.
1092 1864 1198 1900 Mors
1227 1864 1496 1902 contumaciae.

121 1982 189 2018 2321.
235 1981 312 2018 Deo
343 1981 579 2028 conqueritur
923 1982 996 2021 ssb.
1036 1982 1152 2019 ludex
1185 1982 1380 2018 ulciscitur

288 2037 375 2074 Sors
407 2038 513 2074 Adue
544 2039 690 2083 misera,
1093 2039 1247 2075 Luendo
1278 2039 1434 2085 scelera,

232 2097 352 2132 causa
384 2095 583 2131 discutitur
1036 2095 1151 2132 Libra
1182 2095 1358 2142 dirigitur

288 2150 388 2187 Evae
420 2161 498 2187 cum
532 2151 670 2198 vipera,
1094 2152 1324 2198 Aslpendens
1356 2152 1536 2200 pondera,

234 2206 355 2243 Poena
384 2208 612 2244 convertitur
1038 2209 1210 2246 Clu-istus
1243 2209 1474 2255 demergitur

289 2263 330 2299 In
361 2267 423 2300 tua
454 2265 608 2309 viscera,
1094 2266 1136 2303 In
1166 2265 1274 2303 lance
1305 2265 1475 2314 dextera,

235 2318 301 2355 vir
330 2331 445 2356 novus
477 2320 665 2367 plectitur,
1037 2322 1266 2369 Sursumque
1297 2322 1445 2359 tollitur

289 2376 446 2413 Peccata
476 2381 602 2414 vetera
1094 2379 1217 2416 Adam
1248 2380 1285 2415 in
1316 2379 1447 2417 altera.

122 2495 188 2530 4a.
232 2491 387 2530 Oblatus
419 2493 539 2531 hostia
927 2496 999 2535 4b.
1038 2496 1096 2533 Ne
1127 2496 1222 2533 tanti
1252 2496 1373 2543 gloria

294 2549 402 2587 Felix
435 2561 502 2596 pro
532 2551 678 2588 miseris
1094 2553 1308 2590 Marcescat
1337 2555 1474 2605 operis,

235 2605 394 2642 Hostilis
425 2606 519 2643 ostia
1040 2610 1152 2646 Tanti
1183 2610 1342 2648 victoria

295 2660 503 2709 Confringit
534 2664 706 2710 carceris,
1097 2667 1317 2713 Mercesque
1348 2668 1524 2716 muneris,

215 2717 345 2767 vLigat
377 2719 571 2756 daemonia
1040 2723 1097 2760 De
1129 2733 1241 2760 carne
1272 2724 1427 2770 propria

293 2775 502 2822 Regemque.
532 2777 684 2814 sceleris
1097 2780 1169 2817 Dat
1202 2790 1324 2816 escam
1355 2781 1516 2827 posteris

236 2830 283 2868 Et
316 2831 375 2868 clie
405 2833 517 2869 tertia
1041 2837 1265 2883 Expurgans
1297 2837 1388 2874 vitia

290 2887 399 2925 Redit
438 2887 484 2925 ab
515 2888 656 2928 inferis.
1096 2893 1287 2931 Fermenti
1319 2895 1468 2936 veteris.
