2031 3289
332 328 398 365 26.

330 1099 396 1137 27.

326 1871 393 1910 28.

326 2640 390 2679 29.

945 212 1248 253 -378-

429 325 486 364 Ob
519 327 590 362 hoc
618 337 733 373 super
763 327 890 372 femur
919 337 1034 364 suum

430 382 630 419 Detectum
661 394 730 429 per
760 388 931 419 reatuum

490 439 684 476 Publicam
715 439 965 475 ostensionem

434 496 591 533 Portant
623 505 749 531 ensem
780 495 986 539 assiduum,

431 551 608 588 Gladium
639 551 788 598 linguae
819 561 979 588 nocuum

485 607 548 644 Ad
579 608 636 644 sui
667 608 875 655 tuitionem,

430 663 527 701 Nam
559 674 628 710 per
657 664 977 710 impugnationem

427 720 601 757 Aliorum
631 721 832 756 tectionem

486 776 728 822 Propriorum
762 774 976 812 defectuum

433 832 602 871 Credunt
636 832 775 869 habere
806 843 1033 881 mucronem,

430 889 623 926 Timentes
655 893 692 925 et
722 889 903 926 ultionem

486 945 730 983 Consciorum
760 951 963 983 erratuum.

427 1097 591 1144 Propter
619 1099 827 1135 nocturnos
855 1097 1011 1135 timores

430 1154 504 1191 Seu
535 1153 755 1190 tenebrosos
786 1164 947 1199 errores,

485 1212 584 1255 Quos
614 1210 754 1246 habent
785 1210 840 1247 rei
871 1210 1016 1256 timere,

427 1267 569 1304 Volunt
599 1266 682 1303 fieri
712 1267 862 1312 peiores

427 1323 665 1369 Inculpando
696 1323 882 1373 meliores,

484 1379 625 1425 Quibus
665 1379 844 1416 honorem
876 1378 1061 1426 praebere

425 1436 621 1473 Deberent
652 1441 689 1472 et
720 1436 899 1473 exhibere

426 1493 670 1540 Diligereque
698 1493 845 1529 sincere

483 1549 672 1587 Imitando
703 1561 789 1586 suos
818 1560 954 1597 mores,

397 1643 400 1645 .
429 1606 554 1643 Veluti
585 1605 634 1642 ad
665 1616 759 1652 opus
791 1616 901 1642 cerae

424 1663 530 1709 Apes
561 1663 777 1709 quaeritant
806 1663 845 1699 in
876 1671 964 1698 vere

481 1719 629 1765 Flores,
661 1718 725 1765 qui
755 1722 842 1755 sunt
868 1719 1054 1755 meliores.

425 1870 631 1909 Ferculum
665 1871 753 1917 fecit
782 1871 946 1908 moriens

426 1927 613 1966 Salomon
643 1938 767 1973 verus,
800 1928 948 1974 patiens

482 1985 576 2033 Rex,
608 1984 682 2021 sibi
713 1990 751 2020 et
781 1995 850 2030 pro
880 1983 1022 2030 populo

423 2040 484 2078 De
514 2041 640 2087 liquis,
672 2052 767 2087 quae
798 2041 1016 2077 multotiens

425 2097 591 2143 Quilibet
624 2096 695 2133 fuit
726 2097 883 2134 audiens

481 2154 648 2200 Sumptis
680 2154 827 2191 Libani
859 2153 1018 2202 cumulo,

426 2211 617 2258 Pensans,
651 2211 749 2256 quod
782 2209 882 2247 facto
914 2209 1058 2247 ferculo

426 2267 511 2311 1110,
543 2267 584 2304 id
616 2273 671 2303 est
703 2267 887 2313 patibulo,

481 2324 610 2361 Omnis
642 2323 750 2360 homo
782 2324 999 2371 ingrediens

425 2380 486 2417 Ad
517 2381 638 2426 ipsum
674 2380 771 2417 iusto
803 2381 912 2417 titulo

423 2436 481 2473 De
513 2437 661 2474 mortali
695 2437 762 2473 hoc
792 2437 942 2474 saeculo

483 2494 636 2532 Sursum
671 2492 815 2530 feratur
846 2494 985 2530 exiens.

426 2639 637 2677 Columnas
668 2640 964 2686 praedicatores,

422 2697 627 2742 Apostolos
659 2702 695 2733 et
729 2698 902 2734 doctores

477 2753 578 2790 Eius
608 2754 696 2800 fecit
726 2757 939 2801 aryenleas,

425 2809 574 2854 Volens,
593 2811 692 2856 quod
710 2821 779 2856 per
797 2810 914 2847 bonos
930 2819 1052 2846 mores

422 2866 558 2903 Lucidi
592 2867 731 2903 donent
763 2867 945 2904 clamores

483 2922 596 2959 verbi
628 2922 699 2960 Dei
732 2934 801 2970 per
831 2923 978 2969 plateas

1146 732 1212 770 30.

1145 1487 1210 1525 31.

1142 2244 1207 2283 32.

1246 326 1508 364 Praedicando
1533 326 1588 362 sic
1618 336 1687 372 per
1716 337 1779 364 eas

1244 383 1296 420 Et
1326 382 1507 428 sonando,
1539 389 1580 420 ut
1609 383 1731 419 luteas

1299 440 1450 476 Mentes
1480 438 1608 475 lavent
1639 443 1857 485 peccatores

1241 494 1293 532 Et
1323 496 1378 531 sic
1399 495 1485 541 plus
1506 506 1615 541 quam
1637 506 1706 541 per
1726 494 1871 533 ferreas

1246 551 1447 588 Columnas
1477 550 1551 587 sint
1584 551 1642 587 vel
1673 551 1816 598 ligneas

1300 607 1454 644 Ferculi
1484 601 1768 646 sustentatores,

1246 731 1331 768 Non
1360 730 1517 779 habens,
1549 741 1621 777 quo
1651 731 1838 769 reclinare

1244 789 1367 834 Caput
1396 787 1455 824 vel
1485 786 1680 833 apodiare‚

1298 843 1403 880 Auri
1431 843 1721 881 reclinatorium

1245 899 1366 946 Fecit,
1400 910 1480 936 cum
1515 905 1628 946 caput
1657 911 1819 946 pausare

1245 957 1374 994 Voluit
1405 962 1441 992 et
1470 956 1655 993 inclinare

1301 1013 1423 1061 Super
1458 1024 1564 1049 suum
1594 1017 1726 1059 pectus
1756 1014 1874 1063 pium,

1245 1068 1366 1115 Super
1396 1080 1550 1106 aureum
1580 1069 1771 1115 scrinium,

1243 1126 1322 1171 Quo
1353 1126 1551 1162 thesaurus
1582 1129 1639 1162 est
1669 1127 1833 1163 omnium

1298 1182 1349 1218 Et
1379 1193 1451 1228 qno
1483 1182 1622 1218 debent
1653 1183 1835 1220 recubare

1242 1237 1384 1274 Fessae
1414 1244 1557 1275 mentes
1587 1237 1769 1285 fidelium,

1242 1295 1361 1332 Aliud
1391 1295 1646 1341 pausatorium

1301 1351 1524 1388 Nescientes
1556 1350 1810 1398 frequentare.

1242 1486 1452 1524 Ascensum
1487 1489 1524 1522 et
1546 1497 1790 1532 purpureum

1245 1543 1466 1581 Constrare't
1496 1547 1531 1578 et
1563 1544 1807 1590 sanguineum

1300 1599 1468 1637 Caritate
1499 1604 1587 1635 tunc
1618 1600 1758 1647 media,

1243 1655 1431 1701 Sanguine
1462 1654 1553 1692 fecit
1583 1655 1752 1703 rubeum,

1242 1712 1415 1750 Caritate
1443 1712 1669 1758 coccineum,

1297 1769 1347 1806 Ut
1377 1768 1486 1805 fieret
1517 1769 1658 1815 duplex
1688 1769 1750 1806 via

1242 1826 1433 1862 Ascensus
1464 1825 1513 1862 ad
1546 1825 1723 1862 caelestia

1242 1883 1316 1920 Per
1347 1882 1516 1927 corporis
1546 1882 1733 1930 supplicia

1297 1938 1346 1975 Et
1378 1948 1447 1984 per
1477 1938 1648 1975 affectum
1680 1939 1830 1986 igneum

1240 1995 1394 2032 Amoris
1423 1995 1656 2041 paenitentia

1243 2052 1454 2088 Comitante
1485 2062 1550 2088 seu
1578 2051 1733 2098 praevia

1298 2108 1484 2154 Tollente‚
1516 2108 1615 2155 quod
1638 2116 1695 2144 est
1714 2108 1868 2148 luteum.
1901 2154 1904 2155 ⁷

1238 2243 1402 2290 Propter
1431 2243 1643 2281 Ierusalem
1676 2245 1759 2290 pias

1240 2301 1409 2348 Animas,
1442 2310 1528 2337 suas
1549 2300 1666 2347 filias,

1297 2357 1405 2394 Fecit
1428 2356 1600 2393 Christus
1622 2357 1721 2393 hunc
1740 2365 1871 2395 ascen-

1600 2424 1694 2458 sum,

1239 2469 1297 2506 Ne
1327 2479 1396 2516 per
1427 2469 1570 2516 aliquas
1602 2470 1726 2507 varias

1239 2526 1287 2563 Se
1317 2532 1496 2562 excusent
1526 2526 1688 2563 malitias

1295 2583 1364 2618 Vel
1395 2587 1641 2629 extorqueant
1672 2593 1866 2620 assensum

1235 2639 1479 2677 Ascendendi
1510 2639 1557 2676 ob
1588 2640 1809 2676 immensum

1236 2696 1436 2743 Laborem,
1460 2706 1540 2731 cum
1562 2695 1636 2732 iam
1653 2696 1702 2732 ad
1719 2706 1868 2733 sensum

1293 2752 1457 2789 Videant
1487 2757 1641 2798 paratas
1674 2752 1752 2789 vias

1236 2811 1293 2847 Ac
1310 2809 1498 2848 Christum
1521 2819 1636 2855 super
1658 2813 1866 2858 extensum,

1235 2866 1432 2903 Dicentem
1463 2865 1656 2902 omnibus:
1675 2867 1751 2912 'en‚
1786 2875 1867 2902 sum

1295 2923 1494 2968 Promptus
1526 2921 1574 2958 ad
1605 2921 1803 2961 amicitias,

1999 2430 2014 2461 ’ἦ
1998 2167 2022 2413 “h-''⁴24⁴›2132
2001 2086 2014 2139 «ἡ,
