1914 3223
146 289 212 326 33.

144 1071 208 1109 34.

143 1842 208 1879 35.

150 2609 214 2647 36.

245 285 401 332 Triplex
434 284 523 320 estis
557 294 620 320 vos
650 282 752 330 fidei,

243 342 401 388 Triplex
434 339 622 377 funiculus
655 339 736 389 Dei,

260 448 264 452 Α
299 398 367 444 Qui
382 397 429 434 ob
443 397 573 434 tricam
588 408 660 433 non
671 396 870 447 rumpitur,

242 456 321 502 Quo
353 454 539 491 eiciuntur
569 454 623 490 rei

242 514 276 549 A
311 512 432 556 domo,
464 521 559 557 quae
590 508 690 547 facta
722 508 755 546 ei

299 567 489 606 Orationis
521 567 681 611 dicitur3

242 624 455 667 Trifolium,
490 624 589 670 quod
621 622 799 672 partitur,

242 683 285 720 In
318 686 396 717 tres
427 685 464 717 et
493 692 566 717 non
600 679 797 728 dividitur,

299 737 452 775 Scutum
483 738 606 774 trinae
639 735 766 783 faciei,

242 796 348 842 Quod
382 794 553 831 hostibus
582 792 787 840 opponitur

240 852 292 890 Et
321 852 358 888 in
387 851 533 897 guerris
562 850 752 888 attollitur

298 909 332 946 A
365 908 527 946 Francis
558 908 642 944 loeo
673 905 798 953 clipei.

242 1069 320 1105 Vos
353 1071 429 1103 tres
461 1066 499 1102 in
532 1064 768 1102 confessione

241 1123 442 1162 Trinitatis
473 1122 542 1159 sub
574 1131 692 1169 agone

298 1179 476 1227 Martyrii
507 1178 786 1225 triumphastiS‚

242 1238 348 1285 Quod
382 1237 493 1273 trium
526 1234 766 1282 suggestione

241 1295 442 1332 Nominum
475 1292 612 1329 missae
644 1299 786 1327 canone

298 1351 442 1397 Regulo
474 1360 539 1385 vos
570 1347 780 1394 revelasti&

240 1409 346 1454 Quod
379 1416 526 1453 quoque
557 1403 792 1442 testificastis

241 1464 378 1502 Eidem
410 1469 446 1500 et
477 1461 728 1500 confirmastis

299 1521 342 1558 In
373 1520 488 1557 trium
518 1519 733 1556 ostensione

242 1577 524 1622 Columbarum,
555 1586 648 1622 quas
678 1571 856 1621 signastis

240 1634 460 1672 Eorundem
492 1638 528 1669 et
559 1631 722 1669 ornastis

299 1691 499 1728 Nominum
531 1688 777 1736 adpensione.

240 1839 335 1876 Tres
366 1838 405 1874 in
437 1847 549 1873 unum
583 1846 681 1872 nune
708 1833 873 1881 regnatis

242 1897 344 1934 Ante
374 1894 551 1931 thronum
582 1892 764 1929 trinitatis

303 1952 394 1990 Cum
426 1951 549 1987 trinae
581 1949 680 1986 dotis
711 1947 846 1997 gloria,

242 2009 359 2046 Trino
389 2018 462 2044 uno
493 2006 747 2054 praesentatis

241 2065 470 2103 Trinitatem
503 2063 674 2100 caritatis

300 2121 363 2159 Ad
395 2120 605 2157 trinitanda
636 2118 828 2166 praemia3

247 2179 353 2218 Sicut
385 2176 510 2214 fuistis
541 2177 579 2214 in
609 2176 670 2214 via

245 2236 341 2272 Tres
372 2234 408 2271 in
441 2245 567 2278 unum,
600 2234 654 2270 sic
685 2231 812 2278 patria

300 2291 396 2328 Tres
427 2291 463 2327 in
495 2301 608 2327 unum
639 2288 820 2326 habitatis

243 2348 410 2394 Triaque
441 2347 640 2384 luminaria

243 2406 345 2442 Ante
376 2404 496 2441 Deum
529 2404 693 2440 lucentia

869 167 952 208 359

961 701 1027 741 37.

963 1520 1027 1557 38.

963 2267 1028 2306 39.

305 2461 368 2500 Sic
398 2472 463 2498 vos
491 2471 572 2497 esse
595 2457 876 2497 demonstratis.

246 2609 412 2655 Quorum
442 2607 554 2644 trium
587 2605 854 2653 splendoribus

246 2664 279 2701 E
311 2665 416 2701 caelo
447 2663 685 2702 radiantibus

301 2721 377 2759 Per
406 2720 605 2768 praeclara
636 2719 817 2756 miracula

245 2777 460 2814 Illuminari
492 2777 635 2815 viribus

247 2834 408 2870 Animae
438 2833 587 2880 postulo
618 2831 740 2869 tribus

305 2890 472 2936 Repulsa
503 2889 623 2927 noctis
653 2888 806 2935 nebula,

1057 282 1269 328 Triplieata
1294 292 1377 318 nam
1413 279 1538 318 facula

1057 338 1210 376 Sursum
1243 338 1371 374 lucens
1402 338 1439 374 in
1471 337 1627 384 specula

1115 395 1216 436 Dare
1246 394 1366 430 lucem
1398 394 1608 430 astantibus

1059 451 1179 489 Debet
1212 455 1249 487 et
1280 451 1392 497 plena
1423 451 1535 488 situla

1061 508 1288 545 Desitlerata
1320 508 1455 554 pocula

1116 565 1187 603 Siti
1217 563 1565 603 exardescentibus.

1060 701 1135 736 Vos
1167 700 1282 746 igitur
1312 709 1416 735 meae
1447 699 1584 736 mentis

1059 758 1104 793 In
1135 756 1307 792 obscuris
1338 755 1554 792 exsistentis

1115 813 1308 850 Tenebras
1341 813 1553 848 illuminate

1060 870 1118 908 De
1150 868 1328 916 fonteque
1359 869 1530 905 salientis

1059 928 1192 974 Aquae
1223 926 1330 962 vivae
1361 926 1524 962 sitientis

1115 984 1291 1020 Animam
1322 981 1534 1018 refocillate

1060 1040 1110 1077 Et
1140 1040 1186 1076 de
1220 1039 1291 1087 his,
1324 1049 1418 1085 quae
1451 1038 1638 1074 cumulate

1059 1096 1288 1142 Accepistis,
1320 1095 1438 1142 gratis
1471 1095 1559 1131 date

1117 1154 1160 1190 In
1192 1163 1300 1199 opem
1333 1152 1405 1188 mei
1437 1151 1594 1199 egentis,

1063 1211 1158 1248 Nam
1190 1209 1310 1246 micae
1341 1208 1496 1246 canibus
1526 1207 1637 1245 datae

1061 1267 1217 1313 Inopiae
1249 1270 1359 1303 erunt
1389 1271 1518 1312 gratae

1118 1324 1237 1370 Opem
1279 1327 1442 1359 vestram
1483 1321 1538 1357 sic
1578 1331 1692 1368 quae-

1451 1378 1580 1415 tentis.

1060 1518 1089 1556 O
1121 1518 1314 1564 princeps,
1348 1515 1422 1551 dux
1455 1513 1627 1558 aliorum,

1060 1573 1235 1620 Dionysi,
1268 1572 1466 1619 sociorum,

1114 1631 1168 1667 Te
1200 1640 1345 1676 precor,
1378 1638 1437 1664 me
1466 1627 1649 1676 illumina,

1057 1687 1120 1725 Sic
1150 1697 1209 1723 me
1241 1687 1346 1730 doce,
1378 1689 1419 1721 ut
1448 1689 1597 1721 tuorum

1055 1744 1268 1790 Percipiam
1299 1742 1492 1779 radiorum

1113 1801 1254 1847 Aliqua
1285 1800 1323 1836 in
1356 1809 1414 1835 me
1442 1798 1603 1847 lumina3

1061 1859 1117 1896 Tu
1149 1858 1280 1894 volans
1312 1867 1381 1902 per
1409 1855 1604 1891 cacumina

1062 1914 1291 1959 Caelestium
1322 1918 1359 1949 et
1390 1911 1553 1948 eulmina

1117 1972 1160 2007 ln
1191 1970 1272 2007 acie
1303 1969 1496 2006 oculorum

1061 2027 1280 2065 Distinxisti
1311 2036 1380 2072 per
1410 2025 1562 2062 nomina

1063 2084 1248 2130 Legiones
1279 2088 1316 2119 et
1347 2083 1496 2130 agmina

1119 2141 1378 2186 Naturamque
1409 2139 1641 2185 angelorum.

1060 2266 1137 2303 Eos
1169 2275 1236 2312 per
1266 2270 1343 2300 tres
1373 2262 1580 2300 ierarchias

1060 2323 1112 2360 Et
1143 2333 1211 2368 per
1239 2326 1317 2358 tres
1346 2326 1405 2357 ter
1435 2319 1584 2366 politias

1118 2379 1340 2426 Triplieiter
1371 2375 1554 2413 trinitasti

1062 2435 1187 2482 thue
1219 2445 1351 2471 novem
1384 2433 1548 2470 familias

1064 2492 1136 2529 Per
1167 2502 1298 2528 novem
1331 2491 1470 2538 gradus
1502 2488 1627 2526 varias

1119 2549 1324 2586 Ordinatos
1357 2544 1640 2591 demonstrasti,

1062 2605 1139 2643 Sul)
1171 2609 1207 2641 et
1238 2615 1352 2650 super
1384 2601 1587 2640 declarasti

1063 2663 1104 2699 In
1138 2661 1279 2698 eisdem
1311 2665 1348 2697 et
1378 2659 1549 2707 probasti

1121 2719 1192 2754 Per
1222 2718 1368 2754 lucidas
1399 2715 1618 2760 sententias,

1063 2775 1143 2812 Nee
1174 2774 1221 2811 ob
1252 2775 1322 2811 hoe
1354 2770 1659 2810 demonarchasti

1062 2831 1322 2873 Monarclmm,
1347 2841 1455 2877 quem
1482 2826 1694 2866 adfirmasti

1119 2887 1242 2935 Super
1280 2897 1408 2924 omnes
1439 2884 1694 2923 monarchias.
