2031 3289
1001 163 1047 166 —
1107 140 1188 179 4:36
1250 162 1297 166 —

659 255 722 292 12.
754 252 838 289 Noe
867 256 909 288 ut
938 253 1036 289 alter
1065 253 1211 290 vineam
1242 252 1441 299 plantavit,

757 308 898 346 Abram
927 314 965 345 ut
997 309 1095 345 abba
1126 314 1259 346 cuncta
1291 308 1504 357 decimavit,

756 366 894 403 Panem
927 372 963 401 et
993 365 1117 401 vinum
1150 366 1310 403 Domino
1343 364 1478 401 libavit

815 421 864 458 Ut
896 421 1191 460 Melchisedech.

664 512 726 550 13.
759 511 945 548 Trabeam
976 511 1053 547 ritu
1083 511 1152 547 sub
1186 512 1302 548 veteri
1335 511 1487 548 tandem

757 567 921 613 Liquens
951 567 1097 603 assistit
1126 568 1258 604 altaris
1289 567 1474 616 minister,

759 622 968 660 Defunctos
999 627 1120 660 morte
1152 624 1249 661 alter
1277 628 1319 660 ut
1349 624 1489 660 Tobias

817 679 1009 726 Sepulcris
1040 681 1185 726 implet.

661 771 726 809 14.
758 770 854 807 Inde
884 768 1070 816 confregit
1100 780 1271 807 carceres
1303 775 1340 806 et
1371 769 1496 808 vincla

758 826 987 872 vinctosque
1017 827 1130 863 solvit
1159 837 1257 863 nexu
1289 826 1534 874 compeditos,

757 882 955 929 Horridas,
989 883 1121 929 quibus
1152 887 1301 929 gutture
1332 882 1560 933 penduntur,

819 939 979 977 Sustulit
1010 949 1153 977 cruces.

661 1030 727 1068 15.
759 1029 885 1067 Cosmi
916 1039 985 1075 per
1015 1034 1122 1065 vasta
1153 1029 1305 1065 climata
1335 1032 1527 1065 scrutatur

759 1085 956 1132 Supplices
990 1086 1121 1134 cleros,
1156 1085 1263 1122 divos
1293 1085 1524 1131 sacerdotes,

759 1142 872 1179 Victu
903 1152 994 1187 quos
1024 1142 1130 1188 largo
1163 1142 1281 1188 dotat,
1315 1146 1353 1178 ut
1389 1141 1538 1178 divinus

818 1198 1041 1235 Succrcscat
1073 1198 1207 1237 cultus,

468 1277 542 1310 Fol.
577 1273 681 1308 1531).
718 1276 915 1317 „Incipiunt
947 1276 1065 1316 hymni
1098 1276 1139 1307 de
1174 1276 1300 1307 Sancto
1330 1276 1536 1308 Wenceslao
1570 1279 1603 1307 et
1635 1276 1766 1317 primus
1799 1276 1934 1307 canitur

378 1325 485 1355 sicut:
519 1324 566 1356 Ut
593 1325 723 1362 queant
754 1319 875 1352 laxis.“
904 1338 948 1342 ——
973 1319 1010 1357 2,
1045 1319 1060 1352 1
1088 1322 1233 1353 cesseris
1257 1322 1360 1353 amtis
1386 1322 1448 1352 Hs.
1473 1338 1518 1342 -—
1543 1319 1580 1358 7⁷
1613 1318 1635 1352 4
1658 1322 1761 1352 Vitae
1785 1321 1935 1363 rigorem

377 1369 441 1400 Hs.
474 1385 519 1390 ——
551 1366 744 1399 Betreffend
777 1366 833 1398 die
866 1368 902 1399 in
934 1366 1063 1398 diesem
1093 1368 1162 1398 und
1195 1367 1261 1397 den
1294 1367 1480 1408 folgenden
1511 1367 1674 1407 Hymnen
1704 1366 1935 1408 mitgeteilten

379 1414 536 1445 Wunder
560 1411 756 1455 vergleIChe
773 1422 854 1442 man
871 1412 927 1443 die
944 1412 1106 1453 Legende
1126 1413 1179 1444 hei
1199 1412 1336 1451 Balbin,
1361 1413 1523 1453 Epitome
1541 1422 1653 1443 rerum
1670 1411 1935 1443 Bohemicarum

377 1460 512 1500 Pragae
538 1456 623 1490 1677
649 1459 688 1489 L.
711 1458 736 1488 1.
764 1468 791 1488 c.
818 1455 838 1488 9
864 1458 916 1489 bis
944 1455 994 1488 12.
1023 1475 1062 1479 —
1089 1458 1221 1499 VVegen
1247 1457 1307 1488 der
1331 1457 1603 1498 unglaublichen
1619 1457 1852 1498 Ausrenkung
1875 1456 1936 1487 der

376 1506 501 1546 Worte
526 1514 588 1535 aus
613 1503 707 1534 ihrer
731 1502 950 1534 natiirlichen
969 1503 1074 1544 Folge
1101 1504 1147 1534 ist
1171 1504 1248 1534 eine
1266 1503 1534 1544 Interpunktion
1557 1502 1707 1534 vielfach
1723 1501 1934 1544 unmiiglich,

380 1561 415 1582 es
453 1551 503 1582 sei
528 1549 634 1586 denn,
668 1557 748 1579 man
773 1551 866 1579 setze
891 1548 961 1579 fast
985 1549 1099 1579 hintes
1119 1549 1216 1589 jedes
1242 1549 1344 1579 lVort
1369 1549 1425 1580 ein
1450 1548 1616 1586 Zeichen,
1649 1547 1812 1579 wodurch
1837 1546 1934 1578 indes

381 1595 458 1627 dem
482 1593 749 1626 Verstiindnisse
775 1593 872 1624 mehr
896 1594 1083 1634 geschadet
1107 1595 1159 1625 als
1184 1595 1327 1635 geniitzt
1351 1593 1478 1624 wiirde.

16 1606 44 1708 ll

0 1648 42 1779 ἧι
121 1771 131 1774 ,
836 1737 917 1773 409.
954 1739 1034 1779 (⁸21.)
1070 1739 1127 1773 De
1154 1738 1291 1773 eodem
1317 1738 1484 1774 Sancto.

979 1809 1031 1840 Ad
1058 1809 1341 1850 Completorium.

0 1904 27 1953 ig*
669 1900 704 1940 1.
738 1900 1000 1937 Gubernatore
1031 1901 1195 1949 spiritali
1227 1911 1359 1938 carens

738 1956 839 1995 Gens
869 1956 944 1994 fide
977 1957 1120 1994 Christi
1150 1958 1299 1995 noviter
1328 1957 1472 1994 imbuta

740 2014 889 2050 Atrium
920 2019 1046 2050 monte
1077 2014 1260 2051 construit
1291 2014 1441 2060 supino,-

797 2071 1012 2108 Praesulem
1045 2070 1225 2116 praefert.

669 2163 707 2198 2.
739 2160 1005 2198 Ratisbonensi
1037 2161 1181 2198 baiulos
1214 2162 1353 2199 direxit

738 2217 883 2254 Aedem
915 2216 1155 2266 Wolfgango,
1187 2229 1296 2264 quam
1330 2218 1554 2265 construxit,
1587 2218 1686 2256 almo

740 2273 898 2321 Gurgite
928 2275 1098 2320 quamvis
1130 2275 1273 2321 hysopo
1305 2279 1456 2312 sacrato

797 2331 1001 2377 Spargeret
1032 2342 1170 2369 murOS.

670 2422 708 2460 3.
741 2423 813 2458 Ast
843 2421 901 2457 vir
931 2420 1075 2462 beatus,
1109 2420 1319 2458 futurorum
1350 2423 1462 2469 scius,

743 2477 847 2514 Votis
879 2488 951 2514 non
983 2489 1094 2514 ausus
1127 2479 1316 2515 contraire
1347 2479 1444 2525 pius,

741 2533 909 2581 Spondet
941 2532 1127 2570 facturum
1159 2545 1253 2581 sese,
1287 2540 1411 2572 tamen
1444 2535 1577 2582 visum,

793 2591 908 2637 Quem
940 2591 1048 2637 vidit,
1081 2593 1227 2637 pandit.

670 2682 708 2719 4.
739 2680 829 2718 Vidi
862 2681 1086 2728 Pragensem
1121 2683 1355 2729 metropolim
1389 2683 1512 2720 caelos

741 2736 897 2775 Sursum
928 2739 1111 2775 advexam
1145 2740 1286 2786 angelis
1316 2739 1510 2787 ministris,

739 2793 838 2830 Fore
871 2792 1033 2831 futuram
1067 2796 1228 2841 posteris
1260 2796 1453 2833 matricem

796 2850 877 2887 Deo
911 2851 1069 2890 volente.
