2031 3289
735 943 1022 996 Iohannes
1059 943 1458 1007 Tisserandus,

804 1047 941 1086 Frater
971 1048 1126 1086 Ordinis
1159 1048 1359 1098 Minorum‚

989 1114 1014 1161 †
1047 1116 1169 1154 1494.

401 1238 581 1271 Johannes
598 1238 791 1277 Tisserant,
817 1238 954 1270 Doktor
978 1239 1038 1270 der
1053 1238 1256 1281 Theologie,
1281 1238 1536 1270 Franziskaner
1559 1250 1603 1271 zu
1619 1240 1730 1278 Paris,
1748 1240 1876 1272 stiftete

310 1282 398 1316 1493
415 1284 481 1316 den
495 1284 610 1317 Orden
633 1283 694 1316 der
712 1294 784 1325 sog.
803 1283 1084 1316 burswirkenden
1098 1285 1316 1326 Jungfrauen
1334 1284 1416 1322 oder
1430 1283 1621 1316 biissenden
1633 1284 1874 1326 Magdalenen,

306 1329 417 1361 denen
442 1329 590 1371 Ludwig
618 1340 687 1361 von
712 1327 879 1367 Orleans,
904 1329 965 1361 der
990 1330 1127 1371 spiitere
1153 1330 1268 1372 Konig
1293 1329 1441 1372 Ludwig
1465 1330 1556 1369 XII„
1581 1330 1643 1362 das
1669 1329 1783 1371 Spital
1806 1340 1875 1362 von

309 1373 457 1407 Orleans
482 1375 664 1407 iiberwies.
705 1372 782 1406 Wir
810 1375 966 1406 besitzen
988 1385 1057 1406 von
1074 1375 1145 1407 ihm
1163 1376 1241 1406 eine
1259 1374 1466 1407 Geschichte
1483 1374 1543 1406 der
1559 1375 1638 1406 fiinf
1649 1376 1685 1406 in
1701 1375 1874 1407 Marokko

309 1424 541 1461 gemarterten
576 1419 851 1452 Franziskaner:
891 1420 998 1461 ⁷‚Acta
1033 1420 1203 1452 Bernardi
1241 1420 1283 1452 de
1316 1420 1443 1452 Corbio
1476 1423 1511 1451 et
1542 1421 1693 1462 quinque
1727 1420 1874 1452 aliorum

308 1472 499 1506 martyrum
525 1465 657 1497 ordinis
683 1475 709 1496 s.
735 1465 924 1504 Francisci‚
959 1462 1047 1498 1220
1079 1467 1116 1496 in
1139 1466 1355 1497 Mauritania
1386 1463 1609 1497 occisorum.“
1660 1466 1733 1498 Auf
1760 1465 1872 1498 dieses

308 1510 417 1542 WVerk
445 1510 583 1542 bezieht
607 1510 682 1542 sich
707 1510 796 1542 woh]
822 1510 911 1542 auch
928 1510 984 1542 die
1001 1511 1090 1543 Note
1107 1512 1165 1543 bei
1183 1511 1376 1553 Schulting‚
1403 1510 1624 1542 Bibliotheca
1636 1511 1874 1543 ecelesiastica

308 1556 372 1594 III,
400 1553 480 1587 114:
508 1556 692 1597 „Quinque
715 1556 890 1587 Minorum
914 1557 1032 1597 passio
1058 1555 1206 1588 habetur
1230 1557 1267 1587 in
1292 1557 1473 1588 Breviario
1490 1556 1666 1588 Minorum
1691 1557 1872 1597 antiquato

306 1602 343 1632 in
363 1600 488 1639 officio,
506 1601 598 1642 quod
616 1601 726 1632 edidit
741 1601 916 1633 Iohannes
933 1601 1176 1640 Tisserandus,
1198 1601 1331 1633 ordinis
1349 1601 1501 1633 eiusdem
1519 1601 1639 1633 doctor
1655 1598 1870 1644 theologus.“

306 1647 380 1677 Hat
410 1647 494 1678 aber
517 1646 699 1678 Tisserant
734 1647 790 1678 ein
823 1647 961 1687 eigenes
987 1645 1133 1678 Officum
1165 1646 1325 1685 verfasst,
1357 1646 1404 1681 so'¹
1421 1645 1572 1688 gehoren
1597 1646 1669 1678 ihm
1692 1645 1874 1679 vielleicht

307 1691 364 1723 die
381 1692 547 1733 Hymnen
571 1691 672 1723 Anal.
697 1692 797 1732 XIII,
816 1692 876 1723 Nr.
894 1689 1074 1723 423—425
1092 1701 1147 1723 an.
1173 1709 1216 1713 —
1240 1691 1321 1734 Vgl.
1337 1688 1463 1724 locher
1478 1692 1538 1730 IV,
1560 1690 1666 1732 12:213
1687 1692 1870 1724 Fabricius

308 1736 366 1775 VI,
385 1735 462 1768 565.

400 1783 467 1814 Die
502 1782 587 1813 zwei
618 1780 694 1813 hier
719 1781 949 1823 mitgeteilten
974 1782 1142 1814 Gedichte
1167 1781 1325 1814 befinden
1352 1781 1427 1813 sich
1452 1783 1515 1813 mit
1538 1781 1682 1823 Angabe
1707 1781 1765 1814 des
1789 1782 1872 1814 Ver-

309 1827 437 1859 fassers
464 1828 500 1858 in
525 1826 585 1858 der
607 1827 759 1866 Pariser,
785 1827 877 1859 einst
900 1827 1182 1860 Franziskanern
1205 1827 1395 1869 gehbrigen
1419 1826 1648 1859 Handschrift
1670 1824 1769 1859 3639.

673 1995 754 2031 427.
791 1996 849 2039 (1.)
883 1996 941 2032 De
967 1996 1120 2041 septem
1145 1996 1263 2032 festis
1288 1995 1489 2039 virginis.

307 2101 342 2139 1.
389 2102 483 2149 Ave,
517 2101 701 2149 genetrix,
733 2101 872 2147 Maria,
1125 2104 1163 2141 3.
1207 2102 1303 2150 Ave,
1335 2101 1373 2138 in
1404 2100 1620 2138 innocentia

445 2156 518 2194 Dei
548 2158 629 2196 veri
661 2162 697 2195 et
728 2158 902 2208 hominis,
1268 2157 1463 2204 Concepta
1493 2161 1531 2194 et
1561 2160 1817 2204 praeservata,

446 2213 568 2251 Plena
599 2215 753 2261 superni
783 2214 958 2263 numinis,
1266 2214 1382 2252 Nulla
1411 2213 1498 2251 labe
1527 2213 1716 2251 maculata

389 2269 587 2308 offerimus
618 2275 744 2308 mente
773 2271 848 2317 pia,
1208 2270 1377 2308 Dextrae
1408 2270 1479 2307 Dei
1510 2270 1681 2317 potentia

444 2327 519 2364 Per
539 2328 640 2374 quod
657 2327 818 2365 mundus
836 2331 1051 2378 renovatur,
1265 2327 1417 2365 Peccati
1447 2326 1643 2374 originalis

444 2382 543 2420 Dum
572 2384 633 2421 Ex
662 2384 745 2422 Eva
775 2384 858 2421 Ave
890 2384 1024 2433 datur3
1264 2383 1346 2420 Nec
1377 2383 1593 2430 cuiusquam
1628 2382 1808 2431 actualis;

389 2438 561 2488 Suscipe„
595 2441 700 2488 virgo
728 2440 866 2480 Maria.
1207 2439 1268 2477 Ab
1300 2439 1358 2477 his
1389 2450 1457 2476 nos
1488 2439 1606 2484 solve,
1638 2439 1774 2477 Maria.

301 2563 338 2600 2.
384 2563 480 2606 Ave,
515 2574 646 2600 carens
677 2562 847 2609 infamia,
1120 2566 1157 2602 4.
1203 2564 1299 2609 Ave,
1333 2562 1379 2599 de
1409 2562 1529 2608 stirpe
1560 2561 1664 2609 regia

443 2619 558 2657 Cuius
590 2618 662 2656 fuit
692 2619 964 2666 conceptio
1259 2619 1364 2667 Orta,
1397 2618 1501 2656 cuius
1532 2618 1787 2655 nativitas

440 2676 582 2713 Dotata
611 2675 822 2723 privilegio,
1259 2675 1395 2712 Mundi
1426 2673 1497 2712 fuit
1527 2674 1753 2721 iucunditas,

384 2732 491 2777 Quod
522 2742 595 2769 non
627 2736 685 2769 est
715 2732 843 2769 datum
873 2732 911 2768 in
944 2732 1004 2770 via
1200 2731 1431 2778 Angelorum
1463 2731 1621 2779 laetitia,

439 2788 611 2826 Filiabus
641 2789 749 2826 Adae
780 2788 880 2826 natis
1257 2788 1372 2827 Cuius
1402 2791 1488 2826 ortu
1518 2797 1618 2824 mors
1649 2787 1807 2824 moritur

440 2844 571 2891 Neque
603 2844 691 2882 filiis
724 2845 934 2894 damnatis3
1255 2844 1306 2881 Et
1335 2845 1414 2882 vita.
1444 2844 1678 2892 restituitur3

383 2899 496 2937 Salva
526 2912 606 2948 nos,
639 2906 772 2950 potens
803 2901 941 2940 Maria.
1199 2901 1307 2938 Hanc
1338 2900 1446 2938 nobis
1478 2898 1620 2946 confer,
1653 2900 1795 2938 Maria.
