1914 3223
744 199 794 204 —
854 176 936 217 353
992 198 1048 205 -—

74 322 76 324 ,
201 288 306 321 Grad.
340 300 401 320 ms.
439 289 647 321 secoviense
675 287 715 328 (Ρ)
739 299 828 321 saec.
858 287 908 324 12,
958 287 1041 323 Cod.
1068 267 1309 322 Vindobonen.
1339 288 1379 323 13
1393 288 1467 322 314.
1497 308 1537 311 -—
1563 288 1622 328 31),
1649 288 1670 321 3

112 334 182 366 und
215 331 236 366 8
270 335 347 366 eine
381 334 478 366 silbe
511 333 607 365 mehr
639 334 691 365 als
724 334 779 365 die
812 334 1040 376 Gegenzeile3
1074 338 1201 367 ebenso
1235 335 1297 373 421,
1326 335 1340 367 1
1375 353 1418 357 —
1446 336 1544 368 M‹·l.:
1579 332 1669 367 Dies·

111 377 372 420 sanctificatus.
398 397 440 402 —
466 378 684 410 wiederholt
708 388 770 410 aus
797 380 897 412 Anal.
923 381 984 418 IX,
1015 379 1054 412 14
1079 393 1130 423 sq.

282 578 299 596 ⁸
516 579 598 616 273.
633 580 713 622 (10.)
748 580 792 614 ln
819 580 973 617 Octava
997 581 1259 626 Epiphaniae.

570 686 606 726 1.
653 685 753 722 Laus
784 685 866 733 tibi,
900 686 1063 736 Christe,

652 753 790 790 sponso
820 753 998 789 sponsae,

651 799 732 836 laus
763 799 802 836 in
833 804 870 836 te

651 856 813 893 trinitati
844 864 1010 895 sanctae.

953 969 1028 1010 2b.
1060 969 1188 1007 Rebus
1221 969 1315 1006 dans
1345 969 1503 1016 singulis

1064 1030 1151 1064 tuae
1180 1026 1334 1063 umbras

137 970 160 1007 2
179 980 212 1007 a.
245 969 339 1015 Quia
370 969 502 1006 mundi
531 973 647 1016 sator,

250 1026 352 1062 salus
387 1036 424 1062 es
457 1030 494 1063 et

249 1087 459 1129 reparator,
1062 1083 1248 1131 imaginis,

136 1196 158 1233 3
176 1206 210 1235 3.
245 1196 291 1233 Vi
322 1196 480 1233 rationis
953 1198 976 1236 3
994 1195 1031 1235 b.
1061 1197 1156 1234 Eius
1188 1196 1407 1243 crystallum

250 1263 314 1289 cor
345 1253 496 1305 signans
1063 1253 1259 1297 indurans,

248 1310 372 1356 angeli
402 1314 440 1346 et
468 1310 642 1358 hominis,
1065 1310 1175 1347 huius
1205 1314 1341 1347 testam
1372 1309 1552 1349 solidans.

133 1424 210 1460 4a.
243 1422 300 1459 Tu
331 1421 414 1459 fons
448 1423 617 1471 benigne,
949 1423 1028 1462 4b.
1062 1423 1187 1461 Corde
1215 1423 1384 1469 parentis

246 1478 330 1516 finis
361 1485 527 1529 aeterne,
1062 1481 1195 1517 unicus
1226 1485 1349 1526 natus,

247 1537 351 1583 origo
1062 1548 1101 1573 es
1133 1535 1272 1574 fratres

245 1603 383 1639 rerum,
418 1594 586 1630 clausula
616 1603 784 1640 operum,

1060 1593 1200 1631 habere
1231 1604 1299 1630 nos
1331 1593 1516 1640 dignatusJ

133 1709 154 1743 5
174 1716 207 1746 3.
238 1706 288 1744 Ut
321 1717 474 1744 consors
503 1711 660 1744 naturae
949 1709 971 1746 5
990 1707 1026 1747 b.
1058 1707 1110 1744 Et
1140 1707 1234 1744 lucis
1265 1707 1456 1753 particeps

244 1763 428 1800 humanae
1061 1763 1212 1801 divinae

246 1820 312 1857 des
344 1820 483 1857 homini
1060 1831 1125 1857 cor
1154 1811 1316 1857 hominis

246 1877 375 1914 divina
401 1888 547 1924 sapere,

131 1991 154 2028 6
172 2000 206 2027 3.
239 1990 355 2035 Quem
386 1995 496 2038 pater
526 1995 616 2028 tuno
647 2002 716 2038 per
745 1995 782 2028 te

241 2046 280 2083 in
313 2051 516 2095 pneumate

243 2104 374 2148 voluit,
407 2103 510 2152 feeit,

243 2158 337 2197 fovit
368 2162 595 2210 machinam,

242 2222 403 2267 creatae,

241 2271 426 2311 formatae

242 2330 455 2381 distinguis,
487 2331 612 2379 pingis

240 2389 404 2435 speciem
438 2389 592 2429 variam.

129 2499 150 2537 7
170 2510 202 2536 a.
236 2500 357 2544 Hanc,
390 2499 458 2538 flos
490 2502 620 2549 stirpis
651 2503 767 2549 Iesse,

239 2562 373 2595 unctus
405 2558 487 2595 oleo
522 2609 524 2611 Ι

238 2615 348 2661 ungis
378 2615 560 2664 laetitiae,

127 2724 150 2762 8
168 2736 203 2765 3.
233 2725 345 2764 Cuius
377 2729 523 2766 timoris

238 2793 310 2820 vox
342 2796 457 2831 super
486 2797 616 2835 aquas,

238 2844 280 2876 ut
310 2847 454 2878 mentes
484 2847 627 2880 terreat

236 2895 470 2947 fluctivagas,

946 1991 1023 2030 eb.

943 2501 1018 2541 7b.

941 2728 1017 2767 8b.

164 2963 188 2988 D
198 2972 310 2992 reves
320 2988 326 2999 ‚
354 2967 557 2996 Lateinische
577 2969 866 3003 Hymnendichter.
904 2968 961 2995 IX.

1056 1888 1130 1914 non
1161 1877 1316 1914 laedant
1346 1876 1538 1915 tenebrae.

1056 1990 1142 2028 Tibi
1173 2001 1309 2037 corpus
1340 1993 1476 2037 aptans

1057 2048 1252 2093 ecclesiae,

1057 2105 1234 2151 palmites
1267 2103 1350 2152 viti,

1058 2161 1227 2198 membra
1259 2160 1389 2209 capiti,

1057 2218 1286 2266 sordentem,

1056 2278 1285 2312 marcentem

1055 2334 1098 2368 tu
1126 2330 1203 2369 fide
1234 2331 1407 2379 mundas,

1056 2388 1194 2435 spiritu
1225 2392 1390 2434 vegetas.

1050 2501 1216 2548 Septeno
1248 2501 1462 2542 chrismate,

1051 2558 1153 2605 quod
1183 2558 1220 2594 in
1254 2557 1415 2594 Iordane

1053 2614 1226 2652 columba
1254 2614 1385 2652 intulit
1415 2612 1508 2652 Noe.

1055 2728 1133 2766 Vox
1164 2727 1201 2764 in
1235 2728 1375 2764 virtute

1053 2789 1110 2821 est
1140 2784 1309 2831 pietatis,

1054 2840 1207 2878 moralis
1240 2841 1368 2887 regula

1050 2897 1261 2945 gravitatis.

1414 2962 1458 2995 23
