1914 3223
773 192 820 197 —-
881 169 984 211 601.
1022 191 1076 197 -

141 296 203 317 ms.
229 295 369 327 precum
394 285 612 316 Maro-aretae
637 283 872 325 Andegaven.,
898 284 1039 325 reginae
1065 282 1212 324 Angliae
1241 278 1474 314 1445—1448.
1515 281 1598 313 Cod.
1617 280 1706 313 Coll.

140 332 220 408 {egs2u
245 331 416 363 Oxouien.
452 311 524 361 124.
558 328 599 360 E.
629 346 670 351 ——
706 330 800 361 Orat.
834 339 898 360 ms.
924 328 1146 360 Flandricum
1180 337 1269 359 saec.
1299 326 1350 359 15.
1398 326 1480 358 Cod.
1508 326 1705 374 Bruxelleu.

234 422 300 452 Str.
326 418 347 452 2
372 421 426 452 bis
450 417 494 452 23
519 419 605 451 inkl.
631 419 744 451 fehlen
770 419 810 450 A.
835 436 876 441 —
908 418 935 457 1,
969 418 989 451 5
1013 420 1069 451 Da
1093 429 1285 452 sermonem
1311 419 1472 451 meditari
1497 418 1536 449 B.
1561 433 1604 438 -
1629 415 1661 456 2,
1687 416 1708 449 2

141 467 233 499 Ante
259 466 341 498 huic
365 464 492 497 mundo
518 465 568 498 D:
594 465 783 506 Postquam
811 463 893 496 huic
918 465 956 496 B.
982 482 1026 485 —
1051 462 1082 502 2,
1108 464 1128 496 5
1156 466 1203 497 Ut
1227 474 1270 495 ne
1289 464 1365 504 CD;
1393 466 1501 495 totam
1519 463 1558 494 B.
1576 461 1667 502 —4,
1686 461 1707 494 2

142 513 244 554 virga
269 522 382 554 regem
408 512 445 542 B.
472 528 513 533 -
538 507 571 548 4,
596 507 616 541 6
642 511 836 551 susciperes
862 510 905 542 D.
935 527 975 531 —
1003 508 1034 548 5,
1062 508 1077 541 1
1105 511 1210 541 turris
1236 510 1281 548 C,
1313 510 1429 540 nutrix
1454 508 1503 546 E,
1529 513 1640 540 mater
1664 509 1705 540 D.

140 575 184 580 -—
211 556 244 596 5,
269 555 290 588 2
314 555 481 588 adhaeres
508 555 550 586 D.
575 571 620 576 —
644 553 675 592 5,
699 553 721 586 4
747 554 852 586 Salve
878 555 983 587 DEF.
1010 573 1051 578 -——
1069 554 1101 594 5,
1118 553 1138 586 5
1164 556 1262 594 Quae
1287 555 1429 586 caelesti
1457 554 1530 585 BD.
1558 570 1600 575 —
1625 551 1657 591 6,
1688 553 1704 585 1

140 603 217 635 sola
250 602 346 633 mitis
379 601 416 633 F.
443 617 485 622 —
520 597 551 639 6,
577 597 598 631 3
628 600 731 641 plena
754 600 883 641 gaudio
909 600 950 632 Ε.
978 617 1019 622 —
1045 598 1076 640 6,
1101 598 1123 631 4
1148 601 1231 638 Ave,
1257 600 1316 631 lux
1342 601 1383 631 D.
1411 616 1452 621 —
1479 597 1508 637 6,
1535 596 1556 630 5
1579 602 1708 631 vocant

140 649 180 680 B.
205 665 250 668 —
284 645 314 687 6,
341 644 361 678 6
394 647 485 678 Dato
519 646 617 687 regui
643 645 732 676 solio
758 645 834 685 GE,
873 646 965 677 Data
990 647 1087 686 regni
1113 645 1201 677 solio
1227 646 1270 676 D.
1296 662 1340 666 —
1365 643 1395 683 7,
1425 642 1440 675 1
1468 644 1643 676 illustrata
1669 645 1705 676 F.

140 711 186 715 —
221 690 250 731 7,
276 690 297 723 2
329 702 432 724 carne
465 690 550 723 fehlt
575 692 612 722 O.
639 709 681 713 -—
707 688 738 730 7,
764 688 784 721 6
810 692 846 722 in
872 691 1031 722 incendio
1057 691 1097 722 E.
1125 708 1167 711 —
1192 688 1224 729 8,
1250 688 1271 721 2
1299 691 1373 730 Qua
1398 690 1440 721 E.
1467 705 1508 709 -—-
1535 686 1565 727 8,
1591 687 1612 721 3
1639 690 1707 721 Per

141 742 176 771 te
212 737 277 769 hoc
308 737 476 769 laetificat
499 737 542 768 D.
568 752 610 756 —-
635 733 666 774 8,
699 734 720 767 4
745 735 900 777 gaudens
927 737 1110 767 occurristi
1136 737 1174 767 B.
1203 753 1242 756 —-
1269 732 1300 774 8,
1327 734 1346 766 5
1372 734 1526 777 gaudens
1551 736 1706 776 genuisti

140 781 183 816 D.
218 801 252 805 —
293 781 323 821 9,
357 780 378 814 2
412 783 518 823 Virgo
548 791 692 813 manens
718 781 759 812 D.
787 798 829 802 —
854 779 887 819 9,
911 779 933 812 4
957 781 1093 814 Gaudet
1116 782 1251 812 vultum
1276 781 1365 812 tanti
1390 781 1435 819 B3
1462 779 1546 817 Ave,
1571 780 1705 812 vultum

142 832 241 861 tante
266 829 356 871 regis
383 828 425 860 D.
452 844 492 848 »-
519 824 549 865 9,
575 825 595 857 5
623 827 697 858 eius
724 827 848 868 pannis
874 826 924 866 D;
958 828 1084 868 pannis
1109 828 1200 868 regis
1226 825 1330 857 DEF.
1356 843 1401 846 —
1428 822 1478 862 10,
1508 823 1522 855 1
1550 826 1643 867 geris
1669 827 1706 858 F.

141 891 186 896 -—
214 871 264 913 10,
290 872 310 904 2
336 873 471 915 lapsum
497 870 534 913 [1.
560 869 684 913 lapsis]
710 872 818 902 solem
844 872 886 904 D.
912 889 956 892 ——
984 869 1036 910 10,
1061 870 1081 904 6
1106 872 1283 913 proferens
1309 871 1352 910 C3
1379 870 1554 912 perferens
1572 871 1644 902 DF.
1682 888 1706 892 -

145 917 197 957 11,
223 917 244 951 2
269 920 413 950 astricta
436 928 518 949 vero
544 917 613 958 legi
640 918 678 948 B.
703 934 745 938 —
775 914 827 956 12,
851 915 874 948 4
898 917 1097 949 Simeonem
1121 917 1353 959 gratulantem
1380 917 1422 947 D.
1447 932 1492 937 —-
1519 913 1569 953 12,
1595 913 1616 947 5
1641 917 1707 948 tibi

141 965 374 997 comminante
401 964 446 1005 B;
480 963 593 1005 Atque
618 963 683 994 tibi
707 964 975 994 comminantem
1002 964 1045 994 D.
1072 980 1115 983 —
1153 960 1205 1000 13,
1230 960 1251 993 2
1276 962 1374 1000 Quae
1399 964 1451 993 est
1475 964 1570 992 tutor
1595 963 1707 993 omnis

141 1008 184 1042 D.
211 1027 252 1031 —
281 1007 332 1047 13,
358 1007 379 1041 3
405 1009 552 1041 Secessu
580 1009 616 1039 in
640 1008 801 1050 Aegypto
826 1008 870 1039 D.
896 1026 939 1030 —
967 1006 1019 1046 13,
1045 1006 1067 1040 4
1091 1008 1158 1039 Tui
1183 1009 1260 1039 iura
1284 1017 1361 1038 cum
1388 1005 1542 1037 custodis
1568 1006 1612 1045 C;
1643 1006 1706 1039 Cui

142 1065 260 1087 curam
285 1065 363 1086 cum
389 1053 543 1085 custodis
567 1053 610 1084 E.
635 1070 679 1075 —-
707 1050 758 1091 13,
783 1051 804 1084 5
829 1053 938 1084 furias
963 1054 1006 1085 D.
1032 1070 1074 1076 —
1103 1051 1153 1091 14,
1179 1051 1202 1084 4
1226 1063 1317 1084 nunc
1343 1051 1430 1083 fehlt
1454 1052 1505 1090 D;
1532 1052 1591 1083 Sic
1610 1055 1707 1083 stans

140 1111 211 1133 non
236 1104 333 1132 extra
358 1101 404 1139 133
432 1099 489 1131 Sic
514 1099 681 1131 reducens
707 1098 750 1129 ad
774 1098 811 1130 F.
837 1116 882 1119 —
909 1096 960 1138 14,
986 1097 1006 1130 5
1032 1099 1200 1130 visitabat
1224 1098 1270 1131 B:
1295 1098 1449 1128 visitasti
1477 1097 1518 1127 D.
1544 1114 1589 1118 —-
1616 1095 1667 1136 15,
1689 1096 1704 1129 1

143 1146 247 1179 Salve
279 1145 456 1178 Christum
490 1144 630 1178 BCDE:
665 1144 840 1175 reclusisti
873 1144 912 1174 B.
940 1163 981 1167 —a
1011 1143 1062 1182 16,
1086 1142 1106 1175 6
1132 1144 1215 1175 Vita
1240 1143 1310 1174 BE.
1339 1160 1373 1164 —--
1407 1140 1459 1179 17,
1485 1139 1505 1173 2
1531 1142 1708 1174 Christum

140 1191 274 1224 BCEF.
300 1208 344 1212 —
371 1189 422 1228 17,
447 1188 470 1221 4
494 1189 575 1220 hinc
598 1188 684 1220 fehlt
708 1190 750 1220 D.
777 1205 822 1210 —
849 1187 899 1227 17,
926 1188 946 1220 5
972 1189 1073 1228 Quod
1097 1192 1181 1220 tunc
1205 1189 1249 1220 D.
1273 1206 1317 1210 —
1345 1186 1396 1226 17,
1422 1186 1442 1219 6
1470 1189 1542 1228 pati
1561 1187 1706 1219 doluisti

139 1238 178 1270 C.
212 1256 253 1260 --
291 1233 343 1274 18,
376 1233 397 1267 2
430 1236 502 1267 Ave
535 1235 580 1266 D.
612 1251 656 1255 —
692 1232 742 1272 18,
776 1232 797 1265 5
830 1234 1007 1275 dispersus
1033 1244 1116 1276 prae
1141 1235 1263 1265 timore
1288 1233 1332 1264 D.
1358 1250 1404 1254 —
1431 1229 1480 1270 18,
1507 1231 1527 1264 6
1552 1233 1645 1264 Dum
1671 1235 1708 1264 in

140 1282 207 1314 fide
233 1283 276 1314 D.
300 1298 346 1303 —-
372 1278 423 1318 18,
449 1280 469 1311 6
494 1279 615 1313 Gaude
642 1280 710 1311 EF.
736 1297 782 1300 —
809 1277 860 1318 19,
886 1279 906 1311 6
931 1280 1052 1312 Gaude
1079 1279 1142 1311 tali
1169 1279 1237 1311 BC.
1263 1297 1305 1301 —
1330 1275 1384 1315 20,
1410 1275 1431 1309 2
1459 1277 1580 1310 Mundi
1604 1277 1708 1310 huius

140 1331 220 1370 post
243 1327 287 1358 D.
313 1343 355 1347 —
384 1324 438 1364 20,
464 1325 485 1357 3
510 1325 765 1357 Concedentem
791 1326 837 1365 Β,
864 1325 1117 1357 Ascendentem
1142 1324 1185 1355 D.
1211 1340 1254 1345 -
1279 1321 1332 1361 20,
1358 1322 1380 1354 4
1406 1324 1521 1365 Supra
1538 1323 1639 1355 BCE.
1664 1341 1709 1345 —

138 1371 195 1411 20,
220 1370 240 1404 5
257 1373 467 1403 Occurrente
486 1371 528 1402 D.
546 1387 590 1391 —
607 1368 660 1410 21,
682 1368 703 1401 6
720 1371 761 1401 In
778 1370 884 1412 liguis
903 1371 1015 1412 igneis
1033 1371 1076 1402 D.
1094 1388 1138 1391 —
1155 1367 1209 1408 22,
1235 1368 1258 1401 4
1275 1369 1384 1400 solam
1403 1368 1534 1400 ACEF.
1552 1385 1596 1390 -
1613 1366 1667 1407 22,
1686 1367 1707 1401 6

140 1420 322 1450 incarnata
348 1417 384 1449 C.
410 1435 454 1439 —
486 1414 539 1453 23,
573 1413 594 1446 2
626 1426 797 1447 summum
833 1416 966 1447 BCDE.
998 1433 1041 1437 ——
1067 1413 1121 1453 23,
1147 1412 1167 1446 5
1192 1415 1260 1446 Pro
1286 1418 1319 1446 te
1344 1415 1381 1445 F.
1407 1432 1451 1436 —
1476 1412 1530 1452 24,
1555 1412 1578 1445 4
1604 1415 1645 1446 In
1671 1418 1704 1446 te

139 1465 220 1495 vive
246 1462 457 1494 confidentes
482 1463 520 1493 B.
546 1478 589 1482 --
623 1460 675 1499 24,
703 1459 724 1492 6
752 1461 830 1492 Tua
856 1464 976 1492 sancta
1001 1470 1145 1492 munera
1169 1460 1212 1491 D.
1237 1477 1281 1481 —
1306 1457 1361 1497 25,
1389 1458 1406 1490 1
1434 1459 1548 1496 Salve,
1575 1459 1706 1498 schola,

142 1519 219 1550 spes
246 1507 288 1548 C;
323 1507 445 1545 Salve,
479 1517 558 1548 spes
590 1510 730 1538 nostrae
763 1506 888 1538 salutis
921 1507 965 1538 D.
989 1523 1034 1527 -—
1058 1503 1112 1544 25,
1138 1504 1159 1537 3
1183 1505 1330 1536 Pressus
1359 1506 1400 1535 D.
1425 1521 1469 1525 —-
1495 1502 1549 1543 25,
1574 1502 1596 1536 4
1620 1505 1709 1536 Iuva

140 1557 203 1585 tua
235 1555 365 1596 pietate
398 1553 470 1585 BD.
507 1570 546 1574 —
582 1550 635 1590 25,
668 1550 689 1584 6
713 1551 808 1593 reple
832 1552 944 1593 copiis
970 1552 1038 1585 BF.
1064 1569 1109 1572 —
1133 1548 1187 1590 26,
1208 1548 1230 1582 3
1254 1551 1443 1592 purissima
1469 1551 1511 1582 D.
1537 1567 1581 1571 —
1608 1547 1661 1587 26,
1688 1547 1708 1581 6

140 1600 248 1641 Virgo
273 1598 503 1630 dilectissima
526 1597 570 1629 D.
596 1613 639 1618 -—-
672 1594 727 1635 27,
753 1595 774 1628 2
799 1607 853 1628 me
878 1596 1038 1628 dulcores
1062 1597 1106 1627 D.
1131 1612 1175 1617 —
1201 1594 1254 1634 27,
1280 1592 1301 1627 3
1326 1595 1491 1627 incedant
1515 1596 1564 1634 D,
1597 1596 1708 1626 inten-

141 1644 226 1676 dant
250 1643 291 1676 E.
316 1661 360 1665 —
388 1641 442 1681 27,
467 1641 490 1674 4
514 1643 693 1674 detineant
717 1643 754 1675 C.
780 1659 824 1663 —
849 1639 904 1680 27,
930 1640 950 1674 5
975 1638 1055 1673 Hoc
1079 1642 1202 1673 nutriti
1227 1641 1272 1672 da
1297 1642 1343 1681 C;
1378 1642 1456 1672 Hoc
1481 1641 1576 1672 nutri
1602 1644 1708 1682 tuque

141 1690 282 1721 dulcore
307 1690 343 1721 F.
369 1706 415 1710 —
437 1686 492 1727 27,
519 1688 538 1720 6
562 1688 616 1719 Ad
641 1691 797 1729 optatum
822 1688 865 1719 D.

236 1734 391 1775 „Iubilus
418 1735 528 1765 sancti
545 1733 713 1764 Bernardi
739 1734 877 1765 abbatis
904 1732 947 1764 ad
967 1733 1116 1764 Mariam
1140 1732 1313 1773 virginem
1331 1731 1372 1763 de
1391 1731 1552 1762 omnibus
1571 1731 1708 1762 deliciis

142 1777 317 1812 eiusdem“
344 1780 387 1811 D.
412 1796 457 1800 —
480 1779 548 1810 Die
566 1778 795 1810 Handschrift
812 1779 839 1810 F
865 1777 1025 1809 bemerkt
1050 1788 1093 1808 zu
1117 1777 1248 1808 diesem
1265 1777 1373 1808 Liede
1392 1787 1425 1808 u.
1445 1787 1487 1807 zu
1504 1777 1567 1809 Nr.
1586 1773 1709 1817 395(6)

142 1825 204 1857 das
229 1824 421 1867 Folgende:

234 1870 411 1911 „Simplex
443 1870 667 1911 pertractatio
700 1868 904 1900 deliciarum
936 1869 1087 1910 virginis
1120 1867 1314 1909 gloriosae,
1348 1869 1430 1899 item
1458 1866 1639 1898 meditatio
1667 1866 1709 1898 de

147 1919 363 1948 sacramento
388 1915 510 1946 altaris
535 1915 705 1956 perutilis.

233 1962 399 1994 Universi
431 1961 593 1991 noverint
617 1958 871 1998 christifideles,
906 1959 998 2000 quod
1023 1968 1114 1990 anno
1140 1959 1284 1990 Domini
1312 1955 1399 1989 1276
1419 1958 1590 1989 existente
1617 1967 1708 1988 anno

142 2009 254 2049 primo
295 2005 516 2047 pontificatus
557 2005 700 2037 Domini
741 2014 852 2046 papae
888 2004 1027 2043 Nicolai
1068 2005 1181 2043 tertii,
1223 2005 1282 2046 qui
1319 2003 1512 2035 vocabatur
1549 2002 1710 2034 dominus

141 2053 317 2085 Iohannes
357 2047 561 2092 Gaytans[!]
602 2050 722 2082 eodem
762 2060 853 2082 anno
894 2050 1002 2081 frater
1042 2049 1264 2081 Iohannes
1306 2048 1554 2090 Anglicus,
1603 2047 1711 2080 lector

142 2098 287 2130 fratrum
331 2097 520 2134 minorum,
561 2096 693 2127 Romae
733 2096 928 2137 composuit
968 2095 1055 2126 duas
1094 2095 1344 2133 salutationes,
1386 2103 1489 2125 unam
1528 2093 1570 2124 de
1607 2093 1711 2125 beata

143 2142 279 2185 virgine
304 2143 418 2174 Maria
452 2145 486 2173 et
518 2141 662 2173 alteram
697 2141 739 2172 de
772 2143 989 2172 sacramento
1023 2140 1164 2178 altaris,
1199 2150 1285 2180 quas
1319 2140 1460 2180 scripsit
1492 2140 1527 2169 in
1561 2138 1711 2179 quadam

145 2188 304 2225 scedula,
342 2197 445 2229 quam
487 2186 663 2228 scedulam
698 2186 864 2228 pependit
900 2187 998 2217 iuxta
1034 2186 1162 2217 ostium
1199 2185 1319 2216 altaris
1356 2184 1488 2215 domini
1527 2193 1636 2225 papae
1676 2185 1711 2215 in

144 2234 293 2266 ecclesia
333 2233 426 2264 beati
466 2232 562 2263 Petri
598 2232 740 2263 Romae.
799 2232 846 2263 Et
886 2231 1007 2262 eodem
1048 2240 1139 2261 anno
1177 2240 1240 2272 ego
1281 2229 1509 2261 Iohannes
1550 2229 1712 2261 Iudoci

145 2279 393 2321 Flandrigena,
419 2277 631 2308 Morinensis
656 2276 838 2315 dioecesiS,
864 2277 1001 2308 iuvenis
1026 2275 1175 2307 clericus
1193 2276 1364 2307 exsistens
1383 2275 1420 2305 in
1437 2274 1534 2305 curia
1552 2275 1712 2306 Romana

144 2328 182 2356 et
218 2324 463 2366 impetratione
503 2332 580 2354 mea
616 2326 815 2364 perpetrata
850 2322 886 2352 in
924 2321 1034 2352 forma
1070 2321 1244 2352 communi
1280 2321 1418 2361 copiam
1455 2319 1711 2359 praedictarum

147 2369 398 2401 salutationum
429 2368 566 2400 obtinui
598 2368 762 2410 gratiose.
822 2366 955 2398 Deinde
988 2376 1079 2398 anno
1113 2366 1256 2397 Domini
1297 2363 1382 2397 1326
1415 2375 1478 2406 ego
1513 2364 1712 2406 praedictus

146 2414 320 2447 Iohannes
353 2413 492 2450 Iudoci,
526 2423 631 2444 senex
665 2412 806 2444 effectus
839 2415 874 2444 et
905 2411 1050 2449 debilis,
1085 2412 1169 2452 quia
1203 2421 1263 2452 per
1291 2408 1335 2442 48
1361 2420 1470 2442 annos
1495 2419 1613 2441 curam
1639 2410 1712 2442 ani-

145 2469 281 2491 marum
307 2458 540 2501 personaliter
564 2459 702 2490 obtinui
728 2462 762 2489 et
787 2457 830 2489 ad
855 2466 1021 2499 praesens
1046 2455 1157 2488 habeo
1175 2466 1293 2487 curam
1311 2457 1505 2487 animarum
1526 2455 1713 2496 parochiae

144 2505 312 2537 Montis
337 2504 508 2546 glaciei
534 2504 556 2534 i.
582 2514 611 2535 e.
637 2504 679 2534 de
702 2501 1007 2543 Ysemberghe
1033 2502 1070 2532 in
1095 2502 1270 2533 territorio
1297 2501 1479 2538 Furneusi,
1506 2504 1540 2532 et
1565 2502 1713 2533 maxime

146 2550 348 2582 desiderans
374 2549 522 2580 salutem
549 2549 744 2580 animarum
769 2549 923 2579 omnium
947 2546 1102 2578 fidelium
1130 2547 1419 2584 christianorum,
1453 2550 1486 2577 et
1511 2545 1589 2577 ideo
1614 2555 1713 2588 prae-

147 2595 258 2627 dictas
292 2594 539 2631 salutationes,
574 2603 664 2635 quae
697 2593 901 2635 praevalent
932 2593 1027 2623 omni
1065 2601 1150 2624 auro
1184 2594 1219 2623 et
1249 2594 1393 2633 argento
1420 2595 1453 2622 et
1479 2592 1573 2622 omni
1597 2591 1714 2633 lapide

147 2642 312 2682 pretioso,
343 2641 378 2670 in
404 2639 552 2680 quadam
579 2638 720 2670 scedula
745 2639 893 2679 scriptas
918 2638 1058 2669 nomine
1083 2638 1282 2669 testamenti
1309 2638 1376 2668 mei
1401 2636 1521 2667 multis
1547 2637 1714 2677 praelatis

149 2689 184 2718 et
208 2685 420 2727 presbyteris
444 2685 575 2715 curatis
592 2684 804 2715 Morinensis
818 2683 988 2714 dioecesis
1003 2682 1178 2714 destinare
1194 2692 1360 2724 propono.
1399 2681 1512 2720 Quam
1527 2682 1714 2719 scedulam,

149 2730 282 2762 domini
307 2730 386 2767 mci,
411 2731 447 2760 in
473 2729 630 2760 ecelesiis
654 2729 792 2766 vestris,
819 2729 848 2759 si
873 2728 973 2760 vobis
1000 2727 1180 2769 placuerit,
1206 2727 1352 2759 honeste
1377 2727 1529 2768 ponatis,
1554 2728 1605 2759 ita
1621 2727 1714 2770 quod

153 2776 301 2817 quilibet
326 2774 438 2806 fidelis
462 2774 622 2805 literatus
647 2773 763 2805 valeat
780 2774 915 2815 copiam
933 2773 1098 2804 obtinere.
1138 2772 1262 2804 Valete
1279 2773 1315 2803 in
1332 2776 1451 2803 nostro
1470 2772 1626 2812 salutari,
1653 2782 1715 2815 pro

147 2831 204 2853 me
238 2825 272 2853 et
303 2830 364 2863 pro
398 2820 503 2851 fratre
528 2818 684 2850 Iohanne
708 2818 876 2860 Anglico,
911 2819 1143 2859 compositore
1169 2817 1425 2859 praedictarum
1451 2817 1714 2855 salutationum,

150 2867 180 2898 si
205 2866 385 2907 placuerit,
411 2865 527 2896 velitis
550 2860 682 2896 orare“.
701 2881 744 2885 —
765 2864 831 2895 Die
849 2863 1020 2895 Lesarten
1037 2873 1106 2896 von
1123 2863 1213 2895 ACE
1231 2863 1409 2895 verdanke
1427 2863 1482 2895 ich
1501 2863 1586 2895 Rev.
1604 2865 1649 2895 H.
1667 2863 1714 2894 M.

149 2912 347 2943 Bannister.
