1914 3223
750 188 800 206 '——-
861 179 942 218 393
1002 202 1049 222 .—

483 390 564 427 302.
601 391 658 432 (4.)
695 390 836 426 Oratio
864 392 914 427 ad
939 392 1108 429 Matrem
1136 393 1312 427 Domini.

324 519 443 557 Stella
474 519 601 568 maris,
633 529 729 565 quae
759 520 840 556 sola
871 520 974 566 paris
1006 520 1084 557 sine
1117 521 1273 567 coniuge
1305 520 1462 569 prolem,

320 576 495 613 Iustitiae
527 576 667 612 clarum
700 576 826 622 specie
856 586 971 622 super
1001 577 1126 614 omnia
1156 577 1285 625 solem,

318 632 473 670 Gemma
509 633 659 676 decens,
692 643 778 669 rosa
808 636 897 669 nata
929 643 1074 679 recens,
1107 632 1278 681 perfecta
1313 634 1460 682 decore,

318 689 436 726 Mella
470 689 572 726 cavis
602 688 749 725 inclusa
780 687 877 725 favis
908 689 1056 727 imitata
1087 701 1222 736 sapore

250 749 272 784 5
321 745 566 784 Omnimodos
597 749 682 782 tuus
713 745 833 782 almus
865 745 958 782 odos
989 747 1185 794 praecellit
1217 747 1364 796 odores,

317 802 548 849 Exsuperat‚
581 812 673 848 quos
705 812 772 838 ver
803 807 959 846 reserat,
994 808 1058 839 tua
1089 803 1210 848 gratia
1241 802 1365 842 flor-es.

319 859 535 905 Corporeus
566 862 616 904 te,
650 862 765 906 casta,
798 858 900 895 Deus
933 863 1136 906 conceptus
1167 860 1337 908 inundat,

318 915 521 959 Exoriens,
556 925 703 964 passuS,
735 915 899 952 moriens
931 927 998 952 nos
1031 916 1186 953 crimine
1217 917 1386 955 mundat.

314 971 366 1010 Ut
397 972 557 1008 miseros
588 971 715 1009 trahat
746 972 794 1009 ad
826 983 996 1019 superos7
1029 973 1129 1009 venit
1161 974 1259 1010 altus
1291 974 1338 1010 ad
1370 973 1457 1022 ima,

222 1029 272 1066 10
318 1028 506 1075 Eripitur,
541 1028 627 1065 dum
658 1039 758 1065 mors
792 1029 962 1077 moritur,
996 1029 1196 1075 plasmatio
1228 1029 1364 1076 prima.

316 1085 506 1122 Eximium
538 1084 610 1121 fuit
639 1085 710 1122 hoc
740 1086 895 1122 nimium
927 1085 1007 1128 tibi,
1041 1091 1171 1123 sancta
1203 1087 1342 1135 virago,

316 1142 535 1189 virgineum
567 1142 667 1188 quod
699 1152 769 1188 per
798 1142 980 1189 gremium
1012 1143 1132 1189 patris
1165 1143 1241 1179 exit
1274 1144 1409 1190 imago.

315 1199 526 1245 Amplexus
558 1199 653 1235 solet
685 1198 747 1235 1110
777 1209 889 1235 sexus
920 1200 1061 1237 sentire
1095 1199 1305 1247 pudendos,

314 1255 365 1294 Ut
397 1255 554 1302 paribus
588 1255 634 1292 de
665 1255 870 1292 seminibus
902 1260 1015 1302 queat
1045 1256 1158 1294 cdere
1188 1255 1346 1300 flendos,

219 1312 270 1350 15
317 1309 384 1350 Tu‘
405 1322 493 1349 vero
524 1322 738 1359 praegnans
768 1316 876 1349 utero
907 1323 1137 1359 servansque
1168 1313 1350 1359 pudorem

315 1368 501 1406 Producis
533 1368 735 1406 Dominum
766 1369 861 1405 lucis
893 1369 1068 1415 vitaeque
1099 1370 1283 1406 datorem.

318 1424 488 1462 Luciferi
519 1429 640 1462 mater
670 1425 793 1473 pueri,
826 1430 863 1462 te
894 1426 1054 1462 mundus
1085 1426 1232 1473 adorat,

318 1482 372 1519 Te
402 1481 592 1528 precibus,
624 1485 662 1518 te
694 1482 923 1518 carminibus
956 1483 1113 1519 devotus
1145 1482 1291 1521 adorat.

314 1539 403 1576 Post
436 1538 639 1575 Dominum
669 1542 710 1575 tu
741 1549 828 1585 spes
859 1539 1063 1586 hominum,
1097 1550 1189 1586 quos
1222 1539 1373 1577 conscia
1404 1538 1550 1576 mordet

218 1595 268 1633 20
314 1595 424 1632 Mens
456 1595 624 1644 sceleris,
658 1606 754 1642 quae
781 1606 854 1642 «per
888 1595 1044 1633 Veneris
1076 1597 1248 1642 contagia
1277 1596 1419 1634 sordet.

315 1652 554 1699 Supplicium
585 1656 670 1698 post
697 1652 880 1689 iudicium
908 1656 1098 1689 removeto
1130 1652 1336 1700 gehennae,

316 1708 457 1746 Elisios
492 1709 658 1746 concede
688 1711 771 1755 pios
803 1709 977 1746 habitare
1006 1719 1183 1755 perenne.

204 1856 396 1888 Collectan.
430 1868 492 1889 ms.
527 1868 617 1889 saec.
650 1855 702 1888 13.
756 1856 838 1889 Cod.
873 1856 1043 1888 Oxonien.
1077 1857 1194 1897 Digby
1227 1854 1270 1887 65
1304 1855 1343 1886 Α.
1379 1872 1420 1876 —
1453 1855 1680 1897 Beaugeudre

116 1900 204 1933 1559
231 1912 281 1943 sq.
307 1903 345 1934 B.
364 1921 406 1924 —
424 1901 445 1933 4
471 1906 603 1934 mutata
629 1912 752 1944 saporo
778 1903 816 1933 B.
834 1919 878 1922 —-
895 1900 915 1933 5
941 1902 994 1933 bis
1023 1901 1063 1934 16
1087 1901 1201 1933 fehlen
1226 1902 1266 1933 A.
1284 1918 1328 1922 —-
1349 1897 1390 1932 18
1415 1900 1563 1932 honorat
1581 1902 1618 1932 B.
1637 1918 1681 1921 —

116 1945 156 1979 19
191 1957 258 1989 quo
291 1949 431 1979 conscia
466 1950 502 1979 B.
530 1964 572 1969 —-
596 1945 640 1978 22
670 1947 804 1979 Elisios
838 1947 997 1979 habitare
1029 1948 1105 1988 pios
1137 1947 1287 1978 concede
1318 1956 1468 1988 perenne
1492 1946 1531 1977 B.
1558 1963 1601 1966 ——
1629 1946 1679 1976 An

114 1993 191 2024 dies
218 1992 364 2024 Gedicht
389 1994 434 2024 ist
460 1994 497 2024 in
521 1993 581 2024 der
606 1993 774 2025 Oxforder
799 1994 861 2024 Hs.
888 1992 977 2024 ohne
1003 1992 1133 2024 Absatz
1159 2002 1204 2024 an
1228 1992 1289 2023 das
1316 1994 1464 2023 Carmen
1488 1991 1583 2022 Pet-ri
1605 1992 1679 2022 l'ic-

113 2039 201 2069 toris
228 2037 426 2080 angehiingt
460 2039 606 2077 „Esse‚
643 2038 756 2080 quod
793 2042 859 2069 081
896 2048 944 2069 ex
981 2048 1041 2075 se,
1068 2039 1183 2069 Deus
1217 2035 1299 2069 est“
1336 2040 1399 2069 etc.
1452 2037 1501 2067 Zu
1526 2036 1585 2069 der
1612 2038 1678 2067 Au-

114 2083 196 2115 rede
224 2081 365 2124 „casta“
391 2085 435 2124 (v.
462 2082 494 2123 7)
518 2084 587 2126 vgl.
613 2084 673 2115 Nr.
699 2081 728 2121 2,
760 2081 810 2114 19.

445 2320 523 2355 303.
558 2321 616 2363 (5.)
652 2319 793 2355 Oratio
821 2329 894 2363 pro
923 2318 1107 2353 fidelibus
1133 2318 1348 2353 defunctis.

367 2447 552 2494 Christus‚
585 2459 651 2485 rex
684 2459 840 2495 magnus
870 2451 983 2494 atquc
1013 2447 1085 2484 Dei
1117 2447 1237 2493 patris
1269 2458 1400 2493 agnus,

365 2505 436 2551 Qui
467 2505 569 2552 ligno
600 2504 716 2543 fixum
748 2515 788 2541 se
818 2505 930 2541 morti
962 2503 1123 2540 tradidit
1153 2504 1288 2552 ipsum,

365 2561 422 2600 Ob
452 2566 602 2599 nostros
634 2566 740 2598 actus
772 2560 973 2608 placabilis
1005 2560 1127 2597 hostia
1159 2557 1294 2608 faetus,

365 2618 466 2655 Ante
498 2629 604 2655 suum
636 2618 753 2655 letum
786 2616 836 2654 fel
868 2622 1116 2664 praegustans
1148 2617 1206 2653 vel
1238 2621 1398 2662 acetum,

297 2677 319 2712 5
367 2674 418 2713 Ut
452 2685 519 2711 nos
552 2675 730 2721 eriperet,
763 2685 854 2720 quos
888 2674 943 2710 vis
975 2673 1126 2709 inimica
1158 2677 1316 2720 teneret,

364 2730 517 2768 Arbore
549 2742 618 2777 pro
649 2731 824 2778 quadam,
858 2741 965 2776 quam
999 2728 1167 2776 perfidus
1198 2730 1324 2777 attigit
1356 2731 1481 2768 Adam

367 2788 441 2825 Per
473 2788 712 2834 deceptorem
748 2787 902 2823 vetitum
935 2786 1121 2832 gustando
1152 2797 1338 2832 saporem,

367 2843 479 2882 Unde
509 2843 579 2880 fuit
612 2844 765 2890 dignum
799 2854 868 2889 pro
899 2843 1000 2889 ligno
1031 2853 1171 2889 ponere
1202 2842 1357 2891 lignum,

368 2900 504 2947 Sicque
535 2899 605 2937 fuit
637 2901 776 2937 iustum
811 2910 880 2946 pro
912 2903 1022 2946 gustu
1054 2909 1194 2945 ponere
1224 2904 1384 2946 gustum,
