2031 3289
318 1883 355 1920 ΡΟ

935 206 990 210 —-
1051 183 1128 222 152
1187 205 1242 209 —-
1985 151 1990 223 i

341 324 349 331 .
383 297 491 333 Hanc
520 297 646 333 lucem
678 296 766 332 fidei
1125 298 1160 333 3.
1194 296 1293 332 Hinc
1325 300 1427 332 recte
1457 296 1612 341 spiritus
1986 228 1991 364 i]

440 353 494 389 sol
526 363 637 389 verus
668 352 806 400 attulit,
1251 352 1289 388 in
1320 352 1406 399 igne
1439 353 1539 389 visus
1570 356 1624 388 est
1988 367 1992 403 ὲ

384 410 427 446 In
458 420 570 445 carne
602 409 753 445 verbum
787 419 869 445 cum
1197 409 1319 454 Super
1349 409 1556 456 apostolos,
1990 408 1993 455 ἶ

440 477 506 501 nos
539 465 759 509 visitaverit,
1252 474 1334 501 cum
1366 465 1436 500 hoc
1466 465 1642 511 largitum
1675 470 1742 508 cst,
1990 457 1994 506 Ξ

384 522 511 559 Zelum
545 522 787 558 fortissimum
1196 522 1292 558 Nam
1323 521 1420 567 ignis
1449 532 1554 557 amor
1583 525 1651 571 est,
1991 513 1994 557 ᾖ

441 578 579 614 amoris
610 578 736 614 attulit
1253 577 1315 624 qui
1345 583 1489 614 mentes
1520 578 1673 624 animat,

384 635 467 671 Hac
497 634 589 670 hora
618 634 786 681 spiritus,
1198 634 1249 671 Ut
1278 638 1412 670 testam
1444 634 1582 670 luteam

442 701 548 737 quem
583 690 737 727 verbum
768 691 925 728 miserit.
1254 690 1350 736 ignis
1381 690 1611 727 corroborat.

722 782 760 820 4.
793 781 955 818 Perenni
987 780 1148 817 Domino

848 848 984 883 perpes
1015 837 1064 873 sit
1096 837 1227 883 gloria,
1997 861 2000 884 1

792 894 851 931 Ex
883 905 956 940 quo
987 897 1086 941 sunt,
1130 905 1200 940 per
1230 903 1336 940 quem
1366 898 1464 939 sunt,
1998 886 2002 890 ⁵

851 950 889 986 in
920 961 992 997 quo
1024 954 1109 986 sunt
1140 950 1284 986 omnia:

795 1007 854 1043 Ex
885 1017 957 1052 quo
989 1010 1086 1056 sunt,
1119 1011 1230 1053 pater
1261 1012 1330 1055 est,

850 1074 919 1109 per
948 1074 1057 1109 quem
1088 1068 1187 1103 sunt.
1220 1063 1332 1109 filius,

794 1121 839 1169 In
870 1130 942 1165 quo
974 1123 1072 1166 sunt,
1104 1121 1223 1165 patris
1255 1124 1291 1156 et

838 1175 904 1212 tilii
937 1177 1104 1222 spiritus.

404 1256 443 1286 B.
468 1255 526 1286 fol.
552 1252 634 1285 8421.

863 1308 934 1344 123.
971 1309 1049 1350 (13.)
1085 1307 1136 1343 Ad
1163 1308 1324 1343 sextam.

351 1421 358 1429 .
393 1393 507 1429 Plena
539 1391 697 1428 meridie
1133 1392 1171 1428 53.
1203 1391 1351 1429 Felices
1382 1391 1492 1440 oculi,

447 1450 509 1485 lux
541 1447 631 1485 solis
662 1447 799 1495 radiat,
1260 1448 1367 1485 beata
1400 1448 1552 1495 lumina,

392 1506 602 1551 plenusque
634 1505 736 1541 calor
768 1512 836 1541 cst.
1204 1504 1345 1550 Quibus
1379 1516 1594 1541 concessum
1627 1509 1681 1541 cst

445 1573 517 1609 quo
548 1561 709 1598 mundus
740 1567 900 1607 aestunt,
1260 1562 1331 1598 hac
1362 1560 1436 1597 frui
1467 1562 1599 1611 gloria,

390 1618 642 1655 Beatitudinis
1203 1618 1324 1654 Huius
1355 1623 1392 1653 tc
1423 1618 1614 1665 supplices

446 1676 539 1712 haec
570 1679 627 1711 est
658 1673 855 1722 perfectio,
1263 1686 1449 1724 rogamus,
1483 1675 1655 1719 Domine,

390 1734 480 1769 (jum
511 1733 593 1778 ipsa
625 1731 697 1767 Dei
728 1743 795 1768 nos
1203 1732 1304 1768 Loca
1336 1732 1393 1769 vel
1425 1732 1558 1769 ultima

445 1789 619 1825 incendet
652 1788 758 1826 visio.
1259 1788 1305 1825 da
1336 1788 1444 1824 nobis
1476 1799 1641 1826 cernere.

390 1880 502 1917 Cuius
534 1890 606 1925 quo
638 1876 753 1914 fuerit
1132 1881 1169 1919 4.
1203 1878 1363 1915 Perenni
1394 1879 1555 1917 Domino

447 1937 566 1982 major
598 1935 772 1984 cognitio,
1260 1945 1398 1982 perpes
1429 1936 1477 1971 sit
1507 1935 1638 1982 gloria,

390 1993 516 2039 Major
546 1992 583 2028 in
618 1991 774 2038 singulis
1203 1992 1261 2029 Ex
1293 2003 1365 2039 quo
1396 1996 1492 2035 sunt,
1535 2003 1604 2039 per
1635 2003 1741 2039 quem
1774 1998 1873 2037 sunt,

448 2050 519 2085 erit
551 2049 715 2096 dilectio,
1261 2049 1298 2085 in
1330 2060 1402 2095 quo
1433 2053 1519 2085 sunt
1550 2050 1693 2086 onmia:

392 2107 506 2151 Quem
538 2105 629 2142 nihil
661 2105 764 2142 aliud
1205 2106 1264 2143 Ex
1295 2116 1367 2152 quo
1398 2110 1496 2149 sunt,
1528 2110 1637 2152 pater
1668 2110 1737 2154 est,

446 2163 519 2199 erit
553 2161 784 2209 conspicere,
1262 2172 1331 2209 per
1361 2172 1469 2208 quem
1501 2166 1599 2210 sunt,
1633 2162 1743 2209 tilius,

392 2221 508 2265 Quam
541 2230 629 2257 vera
658 2217 804 2264 perfrui
1206 2220 1249 2255 In
1281 2230 1353 2265 quo
1386 2222 1482 2263 suut,
1515 2219 1635 2264 patris
1668 2225 1702 2255 et

448 2276 694 2313 beatitudine.
1262 2274 1331 2311 filii
1361 2275 1530 2322 spiritus.

410 2354 437 2384 B
463 2354 520 2385 fol.
545 2351 630 2385 8451*

834 2418 908 2454 124.
945 2420 1025 2463 (14.)
1060 2419 1145 2454 Post
1172 2417 1379 2466 prandium.

351 2532 359 2540 .
392 2502 507 2549 Deus,
539 2503 601 2548 qui
635 2512 796 2548 corpora
1136 2505 1173 2539 2.
1208 2502 1374 2549 Ignosce,
1408 2501 1580 2550 Domine,

450 2569 554 2595 creas
586 2563 621 2595 et
651 2559 794 2595 animas
1263 2559 1401 2595 nostris
1433 2557 1661 2604 excessibus,

394 2614 440 2651 Et
477 2614 569 2651 cibis
601 2615 766 2661 propriis
1206 2615 1244 2652 Si
1275 2616 1360 2661 plus
1393 2626 1501 2661 quam
1536 2614 1659 2651 decuit

448 2677 605 2717 utraque
638 2682 797 2721 recreas,
1261 2673 1369 2718 gulae
1401 2672 1635 2720 indulsimus,

391 2728 475 2764 'l‘ibi
509 2733 581 2764 tam
616 2739 773 2776 corpora
1208 2730 1336 2768 Immo.
1367 2728 1548 2774 piissime,

455 2785 615 2831 psallant
650 2796 758 2831 qnam
792 2785 949 2833 animae,
1263 2785 1350 2831 quia
1380 2785 1434 2821 sic
1466 2784 1634 2829 fecimus,

393 2841 488 2877 Esse
519 2842 580 2887 qui
613 2841 748 2878 tribuis
1205 2842 1297 2878 Tam
1333 2841 1404 2877 hoc
1435 2853 1543 2887 quam
1576 2845 1701 2878 cetera

450 2897 524 2934 illis
557 2901 594 2934 et
625 2898 762 2936 vivere.
1262 2898 1444 2945 condona,
1477 2908 1715 2945 quaesumus.
