2031 3289
906 140 1214 181 —186—

488 256 554 295 10.
599 256 706 293 Haec
737 254 926 292 salubrem
959 254 1089 300 dirigit
1122 258 1159 290 et
1190 253 1393 303 cohortem,

598 312 779 349 Primitus
811 310 953 348 Christi
984 310 1138 347 comites
1170 309 1381 356 dehincque

599 366 890 405 Praedicatores
917 365 1020 411 fidei,
1052 370 1094 402 ut
1122 366 1280 402 salutem

841 423 1009 460 Mundus
1039 421 1209 460 haberet.

488 536 554 574 11.
600 534 793 581 Martyres
827 544 909 570 eum
941 533 1153 580 virginibus
1182 534 1333 580 paravit

600 590 663 628 Ad
693 590 873 627 honorem
905 590 1004 637 regis
1034 591 1074 626 in
1104 600 1192 627 arce
1222 590 1362 638 magni,

603 646 856 685 Christianam
891 647 995 683 ducit
1025 647 1074 683 ad
1107 651 1210 683 astra
1239 646 1401 694 plebem,
1434 647 1483 684 ad

845 703 995 740 Gaudia
1026 703 1136 743 vitae.

495 818 558 857 12.
606 817 754 864 Corpus
784 817 878 853 haec
909 815 1052 855 Christi
1083 815 1264 862 copulans
1296 815 1443 855 adunit.

603 873 781 912 Membra
812 884 892 910 cum
925 872 1103 908 membris
1135 871 1254 909 sociat
1284 872 1467 916 valenter,

603 930 780 968 Membra
812 929 991 975 supponit
1021 928 1149 975 capiti,
1183 933 1296 975 caput
1323 939 1405 965 cum

848 986 1018 1031 Corpore
1047 985 1180 1031 iungit.

491 1100 556 1138 13.
602 1099 716 1145 Ecce,
747 1098 842 1135 haec
873 1098 1026 1135 dilect-io
1055 1107 1159 1144 vera,
1190 1097 1284 1134 haec
1313 1107 1383 1133 arx

606 1155 758 1193 Summa
788 1155 981 1202 virtutum,
1015 1158 1127 1202 caput
1159 1159 1196 1190 et
1226 1153 1369 1201 regina,

606 1211 810 1250 Plenitudo
841 1211 935 1247 haec
965 1211 1059 1257 legis
1090 1210 1299 1256 utriusque⁷

848 1267 952 1304 Fons
984 1267 1178 1304 bonitatis.

495 1383 559 1421 14.
607 1381 727 1419 Nemo
758 1380 951 1418 viventum
982 1380 1065 1416 sine
1095 1379 1166 1416 hac
1196 1377 1357 1416 videbit

609 1438 724 1484 Regis
755 1437 901 1474 aeterni
933 1435 1084 1482 faciem,
1116 1435 1184 1472 sed
1214 1440 1300 1472 atra

609 1494 791 1532 Introibit
817 1494 993 1539 Tartara,
1025 1493 1157 1529 horret
1184 1493 1283 1529 hunc
1313 1503 1386 1539 quo

852 1549 1002 1586 Inferus
1032 1549 1186 1587 ardens.

496 1665 564 1705 15.
611 1664 795 1710 Haneque
823 1662 1045 1700 mandatum
1075 1662 1217 1699 vocitat
1247 1671 1384 1698 novum
1415 1665 1560 1710 auctor,

613 1721 724 1757 Hanc
754 1719 895 1757 habere
927 1719 1006 1756 eius
1039 1719 1194 1756 comites
1225 1717 1402 1763 iubebat3

612 1776 735 1814 Valde
763 1776 853 1813 hinc
883 1787 951 1812 nos
981 1775 1080 1812 hanc
1109 1775 1316 1812 habeamus
1347 1785 1476 1813 omnes

853 1833 1013 1869 Pectore
1045 1842 1152 1878 puro.

372 1951 555 1982 Browerus
580 1959 613 1990 p.
638 1945 700 1987 663
727 1946 907 1979 Diimmler
931 1946 976 1984 ΙΙ,
1002 1942 1079 1978 244.

650 2127 731 2162 136.
767 2127 825 2168 (5.)
861 2126 1036 2169 Hymnus
1062 2124 1109 2159 de
1135 2123 1272 2159 Natali
1295 2122 1473 2158 Domini.

744 2231 790 2269 R.
839 2229 991 2268 Christo
1022 2233 1123 2278 nato,
1156 2238 1244 2275 rege
1274 2238 1422 2275 magno,

891 2290 992 2323 totus
1023 2285 1126 2323 orbis
1157 2284 1333 2330 gaudeat.

303 2403 342 2443 1.
374 2402 518 2440 Lumen
549 2401 691 2438 clarum
721 2400 794 2437 rite
824 2398 943 2447 fulget
1118 2399 1156 2436 3.
1189 2397 1300 2434 Hunc
1331 2397 1469 2444 regalis
1503 2397 1608 2444 virgo
1637 2398 1759 2433 mater

431 2462 514 2496 orto
544 2468 678 2504 magno
709 2457 847 2501 sidere,
1245 2459 1356 2500 partu
1388 2453 1557 2500 gaudens
1588 2451 1721 2498 edidit,

374 2515 482 2561 Quod
499 2525 569 2562 per
582 2518 701 2551 totum
714 2513 889 2560 splendet
901 2511 1031 2549 orbem
1189 2512 1307 2558 Quem
1339 2510 1498 2548 Gabriel
1528 2507 1715 2546 nuntiavit

427 2571 579 2608 umbras
610 2570 732 2608 noctis
761 2568 958 2617 aufugans.
1244 2567 1472 2604 salvatorem
1503 2565 1681 2613 gentium.

301 2685 340 2722 2.
375 2683 462 2721 Dux
493 2683 540 2720 de
571 2683 676 2732 Iuda,
708 2692 817 2729 quem
843 2681 1032 2728 propheta
1120 2683 1158 2719 4.
1191 2681 1285 2718 Cum
1316 2683 1488 2726 pastores
1520 2676 1761 2723 excubantes,

430 2740 519 2777 olim
550 2740 623 2776 iam
653 2739 910 2787 praedixerat,
1247 2747 1337 2773 cura
1364 2735 1513 2772 mordet
1545 2744 1630 2771 nam
1661 2732 1796 2780 gregis,

370 2796 510 2833 Laetus
537 2795 657 2844 nobis,
690 2805 788 2841 ecee,
820 2795 922 2831 venit
1189 2793 1322 2830 Clarus
1352 2793 1455 2839 ipsos
1485 2791 1535 2828 ad
1566 2789 1781 2827 laetandum

430 2852 602 2889 Bethlem
632 2862 789 2889 nascens
819 2851 964 2889 inclita.
1244 2849 1465 2886 exhortatur
1494 2846 1659 2884 nuntiuS.
