1914 3223
798 188 852 192 —
914 164 992 216 581
1054 187 1107 192 --

161 278 212 318 25
244 279 296 317 Et
323 280 505 317 inclinato
537 280 662 326 capite
1071 279 1100 317 Ο
1133 290 1246 326 mors,
1278 289 1378 316 mors
1408 275 1667 323 lacrimabilis,

246 335 366 373 Fixus
397 336 436 373 in
468 336 590 373 crucis
622 336 752 383 stipite
1073 335 1196 382 Super
1226 346 1335 382 quam
1368 334 1520 381 plorant
1549 333 1687 378 omnia,

247 392 304 429 Tu
336 392 495 429 emisisti
526 393 703 439 spiritum
986 395 1037 432 45
1070 392 1100 430 Ο
1133 403 1246 435 mors,
1278 402 1379 428 mors
1409 389 1676 435 lamentabilis,

246 448 297 486 Et
327 449 412 486 orbi
442 449 556 486 talem
588 447 793 498 fremitum,
1072 448 1194 496 Super
1224 459 1334 495 quam
1367 446 1459 485 flent
1489 446 1654 492 innoxia,

247 504 356 549 Quod
388 505 546 552 quisque
576 515 646 552 per
677 506 875 543 circuitum
1070 505 1100 544 Ο
1132 516 1246 549 morS,
1279 516 1379 542 mors
1411 503 1661 548 admirabilis,

162 563 213 600 30
246 561 367 599 Tuum
398 562 569 608 percepit
602 562 759 608 obitum,
1071 563 1152 608 Qua
1183 563 1414 599 suscitantur
1443 560 1595 608 mortui,

249 618 300 656 Ut
332 622 468 655 cuncta
496 617 623 655 fletum
657 617 827 656 facerent
1070 619 1099 657 O
1133 629 1243 669 mors,
1278 629 1378 655 mors
1410 617 1632 663 amicabilis,

244 674 293 712 Et
328 675 515 712 elementa
545 678 762 721 tremerent,
985 678 1036 715 50
1068 675 1147 721 Qua
1179 675 1394 712 exaltantur
1425 673 1581 721 strenui,

245 731 296 770 Ut
328 743 420 769 saxa
450 741 491 768 se
523 731 784 779 dirumperent
1070 732 1099 769 O
1131 743 1230 769 mors
1263 742 1381 780 sacra,
1416 741 1515 768 mors
1545 728 1695 775 nobilis,

242 788 293 825 Et
321 788 498 835 sepulcra
528 798 568 825 se
599 789 824 838 panderent,
1071 788 1144 825 Per
1175 799 1282 835 quam
1317 788 1491 825 delentur
1521 787 1677 831 scelera,

161 845 212 884 35
245 845 299 884 Ut
329 850 456 882 terrae
486 848 608 882 motus
639 844 760 893 fieret,
1067 844 1097 882 Ο
1129 855 1229 881 mors
1262 844 1336 891 pia,
1369 855 1469 880 mors
1501 843 1616 887 utilis.

245 901 380 939 Velum
412 901 546 947 templi
576 911 616 938 se
647 901 852 950 scinderet,
1067 901 1141 938 Per
1171 912 1280 948 quam
1314 901 1502 938 donantur
1532 909 1699 942 munera,

247 957 300 996 Ut
331 958 421 995 luna
452 957 713 995 retrocederet
983 961 1033 998 55
1067 959 1237 1007 Praesta,
1270 962 1310 994 ut
1341 957 1434 994 haec
1464 956 1645 993 memoria

247 1014 387 1062 Solque
418 1014 783 1065 contenebresceret,
1071 1014 1150 1051 Nos
1181 1019 1308 1052 teneat
1339 1014 1514 1050 continue

247 1071 300 1110 Ut
331 1071 494 1108 mundus
524 1071 790 1118 ingemisceret
1071 1071 1120 1108 Et
1152 1071 1319 1108 stimulet
1352 1068 1578 1117 praecordia

158 1128 211 1166 40
250 1127 303 1165 Et
332 1132 470 1165 natura
495 1126 590 1164 flens
621 1128 782 1166 diceret:
1072 1127 1219 1174 Corque
1250 1132 1391 1174 pungat
1421 1126 1586 1175 assidue,

241 1184 322 1232 Ego
352 1184 486 1231 lugens
517 1184 663 1234 deficio,
1070 1184 1122 1222 Ut
1154 1184 1269 1220 menti
1300 1184 1424 1220 lumen
1455 1181 1588 1219 influat

242 1241 313 1279 Vel
346 1241 428 1278 Deo
459 1241 557 1278 inest
587 1242 728 1288 passio.
985 1243 1036 1279 60
1069 1241 1120 1278 Et
1151 1241 1187 1277 in
1220 1240 1376 1287 agendis
1406 1240 1580 1285 instruat,

1072 1298 1122 1336 Ut
1155 1309 1221 1334 nos
1254 1308 1275 1334 a
1306 1296 1427 1343 culpis
1460 1299 1572 1332 exuat

375 1348 398 1372 *
659 1350 681 1373 *
1070 1354 1121 1391 Et
1154 1355 1254 1391 vitae
1287 1354 1424 1391 donum
1457 1352 1614 1390 tribuat.

516 1382 538 1406 >k

253 1486 398 1519 Collect.
429 1498 493 1519 ms.
518 1487 706 1526 Ludovici‚
745 1488 843 1520 ducis
868 1488 1110 1528 Aurelianen.,
1147 1498 1236 1519 saec.
1271 1486 1323 1519 15.
1373 1487 1457 1519 Cod.
1481 1485 1631 1518 Parisin.
1657 1482 1733 1517 458.

163 1532 205 1565 A.
231 1548 274 1554 —
300 1532 396 1564 Orat.
426 1543 488 1565 ms.
515 1533 744 1565 Caelestinor.
770 1534 804 1565 S.
831 1534 965 1566 Mariae
990 1533 1033 1565 de
1056 1533 1214 1565 Parisius
1240 1543 1329 1565 saec.
1357 1531 1409 1564 15.
1458 1532 1540 1564 Cod.
1565 1532 1733 1563 Mazarin.

163 1574 252 1609 3897
277 1575 370 1618 (605)
393 1579 433 1616 Β,
458 1596 501 1600 —
527 1580 622 1611 Orat.
648 1589 711 1612 ms.
739 1578 772 1611 S.
798 1580 893 1611 Petri
919 1579 1159 1621 Salisburgen.
1185 1589 1274 1611 saec.
1302 1577 1354 1610 15.
1403 1578 1486 1610 Cod.
1511 1578 1642 1609 Petrin.
1670 1577 1690 1608 b
1716 1577 1732 1607 I

159 1620 214 1655 20.
240 1621 276 1654 C.
302 1640 347 1644 —
371 1624 468 1656 Orat.
493 1635 556 1655 ms.
582 1625 804 1657 Franciscan.
831 1626 1012 1656 Monacen.
1040 1635 1128 1656 saec.
1158 1622 1209 1656 15.
1235 1624 1321 1656 Clm.
1351 1623 1532 1655 Monacen.
1558 1620 1656 1654 9084.
1684 1622 1725 1653 D.

155 1685 198 1690 -
226 1668 372 1701 Collect.
398 1680 461 1701 ms.
486 1670 662 1702 Minorum
680 1671 822 1702 Trecen.
850 1671 932 1702 anni
961 1668 1057 1701 1517.
1099 1670 1369 1702 Cod.Maza1·in.
1395 1666 1460 1701 996
1484 1666 1585 1709 (902).
1627 1667 1669 1699 Ε.
1686 1684 1730 1687 -

155 1714 251 1746 Orat.
281 1724 352 1792 111756
371 1715 547 1757 Cleophae
572 1715 615 1747 de
641 1715 760 1747 Baden
785 1716 869 1747 anni
896 1713 993 1749 1516.
1035 1715 1117 1747 Cod.
1143 1715 1290 1747 Paulan.
1317 1712 1369 1746 25.
1399 1712 1427 1745 1.
1455 1712 1506 1746 18.
1531 1713 1588 1753 (01.
1609 1713 1691 1746 San}
1707 1712 1728 1746 l.

154 1759 282 1791 memb.
355 1761 373 1798 ).
400 1761 437 1792 F.

244 1805 437 1837 Primum
462 1806 666 1838 Verbum.
700 1823 744 1827 —
777 1804 797 1837 5
831 1805 901 1837 und
939 1803 960 1837 6
985 1805 1101 1837 fehlen
1125 1805 1195 1837 AB.
1222 1825 1263 1828 —
1290 1803 1310 1836 6
1335 1806 1415 1836 Iesu
1439 1803 1525 1836 fehlt
1549 1803 1615 1836 CF.
1641 1819 1684 1824 —-
1710 1800 1731 1834 9

153 1849 224 1882 und
259 1847 300 1882 10
333 1850 449 1882 fehlen
473 1851 545 1882 AB.
582 1868 624 1873 —
654 1849 694 1883 13
720 1851 790 1883 und
818 1849 860 1882 14
885 1851 1001 1883 fehlen
1026 1850 1095 1882 AB.
1126 1868 1164 1872 —
1195 1849 1235 1882 15
1259 1851 1404 1883 verbera
1429 1850 1499 1881 AB.
1524 1867 1568 1870 —
1595 1846 1636 1880 16
1661 1858 1731 1879 non

152 1893 294 1927 vincula.
318 1897 388 1928 AB.
423 1914 466 1919 —-
501 1894 540 1928 17
580 1897 650 1928 und
678 1894 718 1928 18
743 1896 943 1938 umgestellt
967 1896 1038 1927 AB.
1063 1912 1107 1917 —
1130 1893 1174 1927 22
1198 1906 1333 1928 crucem
1359 1895 1530 1927 scinderet
1555 1894 1593 1926 C.
1616 1911 1660 1916 —
1686 1890 1730 1924 23

156 1941 249 1972 Dum
274 1941 374 1973 dolor
399 1952 538 1973 sensum
563 1942 609 1978 A;
643 1942 730 1974 Cum
754 1942 854 1974 dolor
879 1952 1018 1973 sensum
1043 1941 1086 1983 133
1114 1945 1233 1984 ageret
1257 1942 1303 1982 133
1330 1944 1472 1983 augeret
1497 1940 1533 1971 C.
1559 1957 1603 1961 —
1627 1937 1667 1971 31
1695 1938 1729 1970 ff.

154 1985 271 2018 fehlen
298 1987 335 2018 F.
360 2004 402 2008 —
427 1985 472 2018 42
496 1987 648 2020 Praebes
679 1988 718 2019 C.
745 2004 788 2008 —
813 1985 857 2019 46
883 1987 929 2018 Et
955 1987 1096 2029 pulsant
1120 1987 1296 2019 desideria
1321 1988 1358 2019 C.

248 2031 494 2064 Secundum
527 2033 725 2065 Verbum.
752 2050 793 2053 —
818 2033 860 2064 In
885 2033 944 2063 AB
976 2032 1068 2064 steht
1093 2033 1282 2073 „Quintum
1314 2029 1479 2064 verbum“
1514 2040 1558 2063 au
1591 2031 1729 2061 zweiter

155 2076 274 2109 Stelle.
303 2095 347 2099 —
372 2075 393 2109 3
417 2080 670 2120 paenitentiam
689 2078 727 2110 F.
752 2095 796 2100 —
821 2077 841 2110 6
867 2077 935 2109 und
962 2076 981 2108 7
1008 2077 1123 2109 fehlen
1144 2078 1209 2109 CF.
1236 2095 1281 2098 —
1298 2077 1318 2109 6
1335 2077 1382 2109 Et
1398 2076 1582 2108 crucifixus
1600 2075 1725 2107 anxius

153 2122 194 2153 A.
231 2139 273 2144 ——
300 2121 340 2155 16
367 2123 465 2155 Sicut
490 2124 637 2155 salvasti
663 2124 729 2156 CF.
755 2141 799 2144 —
824 2123 922 2154 Nach
951 2120 990 2154 16
1016 2123 1104 2155 noch
1130 2122 1277 2154 einmal:
1311 2123 1419 2156 Salva
1442 2122 1663 2162 temetipsum
1690 2124 1725 2151 et

153 2177 216 2199 nos
235 2167 275 2200 A.
299 2186 345 2192 —
372 2166 412 2200 18
436 2169 523 2200 fehlt
539 2169 609 2200 AB.
635 2186 681 2190 —
705 2166 748 2201 20
773 2168 859 2200 fehlt
875 2169 950 2199 AB.
976 2185 1020 2190 —-
1047 2167 1090 2199 25
1116 2168 1311 2199 dulcedinis
1330 2169 1367 2199 Β.
1393 2185 1437 2190 ——-
1465 2165 1509 2200 26
1527 2166 1726 2198 ostenderes

153 2212 254 2245 ABF.
280 2231 321 2235 —
347 2211 391 2246 29
415 2213 498 2246 huic
523 2215 726 2246 memoriam
750 2214 820 2245 AB.
845 2232 891 2237 --
914 2211 955 2245 31
982 2213 1014 2245 ff.
1040 2214 1156 2245 fehlen
1182 2213 1218 2244 F.
1248 2229 1287 2234 —
1313 2210 1354 2244 37
1381 2212 1451 2244 und
1475 2210 1518 2244 38
1543 2211 1658 2243 fehlen
1684 2212 1721 2242 C.

152 2274 197 2279 —-—
220 2255 262 2289 41
288 2259 359 2290 und
383 2256 427 2290 42
452 2259 568 2291 fehlen
585 2260 656 2291 AB.
682 2277 727 2281 —
750 2256 795 2291 43
813 2258 898 2290 Cum
923 2263 961 2290 tu
986 2260 1060 2290 sine
1086 2258 1223 2291 malitia
1241 2258 1311 2290 AB.
1335 2275 1380 2279 -—-
1403 2256 1448 2289 44
1463 2259 1516 2290 Tu
1535 2256 1630 2288 solus
1648 2257 1724 2287 sine

154 2303 226 2334 AB.
252 2321 298 2324 —
322 2301 366 2336 46
390 2305 565 2337 Memento
591 2306 659 2336 mei
684 2305 766 2337 AB.

245 2348 433 2382 Verbum
467 2351 681 2382 Tertium.
706 2367 750 2372 —
775 2348 796 2382 6
822 2351 912 2382 Tota
937 2349 1075 2391 perfusa
1100 2349 1237 2381 fletibus
1263 2349 1332 2381 AB.
1359 2366 1402 2370 -—
1428 2347 1446 2380 7
1472 2347 1541 2380 und
1567 2344 1587 2378 8
1613 2346 1726 2378 fehlen

152 2393 223 2425 AB.
247 2411 293 2415 —
321 2392 362 2427 10
387 2395 457 2427 und
485 2393 522 2427 11
549 2396 666 2428 fehlen
683 2396 752 2427 AB.
778 2413 823 2417 —-
850 2393 890 2428 10
916 2404 1079 2436 percussa
1106 2395 1244 2426 fletibus
1263 2393 1329 2426 CF.
1349 2411 1392 2415 ——
1411 2392 1451 2426 19
1469 2394 1615 2425 Matrem
1633 2391 1723 2423 hanc

151 2438 222 2470 AB.
247 2456 293 2460 —
316 2437 360 2472 23
384 2440 537 2473 Fidelem
563 2445 661 2473 tuum
685 2441 853 2472 famulum
879 2441 947 2472 AB.
975 2457 1018 2461 —-
1041 2437 1085 2471 28
1112 2439 1241 2471 Christi
1270 2439 1443 2481 discipulo
1462 2439 1527 2470 CF.
1553 2454 1597 2459 —-
1621 2434 1664 2468 29
1690 2436 1724 2467 ff.

154 2483 268 2515 fehlen
288 2485 323 2516 F.
352 2504 392 2508 ——
417 2483 460 2518 31
486 2486 657 2518 desolatio
677 2487 714 2519 C.
741 2503 780 2508 —-
807 2484 852 2517 32
869 2485 898 2517 O
923 2495 1012 2527 quae
1037 2486 1157 2517 matris
1183 2485 1355 2517 acerbitas
1374 2485 1410 2517 C.
1438 2503 1478 2507 —-
1497 2482 1541 2515 :34
1558 2483 1625 2514 Pro
1646 2492 1725 2524 rege

153 2528 302 2606 Ξίἑῐηὲθκ
331 2530 481 2607 ΐαηῑιὲιὶιιε
507 2532 653 2608 ΑΙΞἙ-
686 2529 832 2608 3Ξ4ιιέᾱ
868 2528 1146 2607 ²38bteliletntA15.
1184 2528 1296 2607 1559
1321 2530 1353 2606 (3
1375 2531 1455 2562 Iesu
1479 2534 1559 2561 tuae
1586 2528 1654 2560 ΑΒ.
1681 2544 1725 2548 -

258 2585 394 2608 ommen
420 2586 439 2608 o
465 2587 520 2609 me
609 2601 616 2608 .
640 2593 685 2598 -
809 2585 846 2609 ro
872 2586 915 2607 no
945 2586 974 2607 1s
1004 2586 1018 2607 s
1037 2586 1054 2607 e
1095 2585 1159 2614 sup
1201 2586 1246 2606 ici
1265 2586 1302 2607 er
1356 2599 1362 2606 .
1389 2592 1432 2596 —

244 2619 437 2654 Verbum
455 2622 682 2661 Quartum.
707 2640 752 2644 —
777 2620 797 2653 3
823 2623 1060 2662 cuiuscunque
1077 2621 1116 2652 Α.
1144 2586 1184 2642 —13
1211 2618 1231 2651 6
1257 2620 1441 2653 induxeras
1461 2620 1526 2651 CF.
1551 2637 1595 2640 —
1615 2617 1636 2650 6
1654 2617 1724 2649 und

157 2661 178 2696 8
202 2666 406 2698 vertauscht
431 2668 497 2699 CF.
525 2684 569 2689 —
593 2665 613 2698 9
639 2667 731 2699 steht
755 2667 869 2698 hinter
898 2665 934 2698 11
955 2666 1022 2697 CF.
1050 2683 1086 2688 -
1120 2664 1160 2697 15
1185 2665 1272 2698 fehlt
1289 2666 1359 2697 AB.
1385 2683 1428 2687 —
1457 2664 1496 2697 19
1521 2668 1558 2696 ut
1580 2663 1719 2695 vinculo

153 2710 221 2742 CF.
238 2727 283 2732 —
307 2709 348 2743 21
376 2711 445 2750 Qui
470 2712 548 2744 vult
572 2722 632 2754 per
657 2712 747 2744 hanc
772 2713 841 2743 ΑΒ.
867 2728 911 2732 -
936 2709 979 2742 23
1005 2713 1077 2743 Nec
1101 2710 1228 2742 dictam
1254 2712 1444 2752 potentiam
1463 2711 1529 2743 CF.
1554 2726 1599 2730 —
1623 2707 1666 2742 29
1691 2708 1724 2739 ff.

152 2754 268 2787 fehlen
300 2757 338 2789 F.
371 2775 413 2779 —
448 2755 491 2789 29
516 2769 567 2800 sq.
592 2757 663 2788 und
686 2756 728 2789 :31
756 2768 805 2798 sq.
833 2757 1032 2798 umgestellt
1056 2757 1124 2788 ΑΒ.
1151 2773 1194 2777 -
1219 2754 1263 2787 33
1288 2756 1353 2788 fert
1377 2767 1430 2788 me
1456 2756 1501 2795 (ἐς
1533 2755 1585 2786 Ad
1611 2759 1644 2787 te
1669 2764 1723 2786 me

155 2800 289 2833 confert
313 2802 354 2833 A.
379 2819 422 2824 —
450 2800 494 2834 34
519 2803 586 2834 Pro
612 2813 666 2834 me
691 2805 725 2834 te
751 2803 821 2844 pati
849 2802 885 2833 C.
911 2820 955 2823 —

248 2847 435 2880 Verbum
471 2848 689 2887 Quintum
734 2865 778 2868 —
803 2845 822 2877 7
849 2847 918 2878 und
942 2844 963 2878 8
989 2845 1103 2879 fehlen
1127 2847 1198 2878 AB.
1224 2864 1267 2867 —
1292 2844 1313 2878 9
1337 2857 1388 2888 sq.
1414 2845 1484 2878 und
1511 2845 1549 2878 11
1577 2856 1627 2887 sq.
1654 2855 1726 2877 um-

157 2891 298 2934 gestellt
323 2891 389 2925 CF.
414 2910 458 2915 —
483 2891 503 2924 9
529 2893 622 2925 Dum
647 2896 680 2924 te
706 2892 853 2924 mundus
879 2893 1050 2934 aspiceret
1068 2893 1137 2924 AB.
1163 2907 1206 2913 -
1237 2889 1277 2924 10
1302 2891 1440 2923 Nudum
1466 2893 1576 2923 instar
1593 2891 1662 2922 AB.
1685 2906 1725 2911 -
