2031 3289
1017 198 1323 238 —400—

407 313 471 352 14.
502 313 610 351 Sicut
641 312 762 351 turris
792 316 849 349 est
880 311 1033 348 effectus

502 369 577 406 Hic
606 369 753 406 Libani
783 379 895 405 nasus
925 373 1049 404 rectus

562 425 649 463 Sive
678 430 782 462 reeta
814 424 1004 471 discretio,
1061 455 1064 458 Α

504 481 617 529 Nam,
649 482 713 527 qui
745 492 766 517 a
797 486 835 516 te
865 484 922 516 est
952 480 1105 526 electus,

504 538 619 575 Nullo
651 536 796 574 foetore
826 535 988 572 infectus

562 593 638 631 Sub
670 598 734 630 tuo
765 596 823 629 est
852 591 1068 640 praesidi03

502 650 627 697 Felix,
660 649 723 696 qui
753 659 886 685 carens
917 648 1006 684 vitio

505 706 679 745 Foetoris
711 711 748 741 et
779 705 951 751 contagio

561 763 596 800 A
626 768 664 798 te
693 761 755 808 pie
787 765 842 797 est
874 765 1067 806 respectus

505 819 557 856 Et
588 818 692 855 cuius
724 829 763 854 es
795 815 966 854 defensio

507 875 640 912 Turris
669 878 782 920 atque
812 873 1010 920 protectio,

566 931 634 967 Vel
661 931 724 977 qui
750 941 772 967 a
793 934 830 966 te
852 935 909 966 est
930 932 1135 975 protectus,

411 1084 475 1123 15.
507 1083 564 1120 Tu
595 1093 635 1119 es
665 1082 742 1131 illa,
775 1093 873 1128 quae
902 1084 1047 1118 armata

507 1142 559 1179 Ut
590 1138 757 1176 Libanus
790 1137 966 1175 dealbata

566 1196 710 1234 Contra
719 1194 958 1232 Damascum
972 1191 1136 1241 respicit,

507 1254 581 1292 Per
612 1252 717 1289 cuius
749 1259 805 1287 est
838 1251 1054 1297 disgregata

509 1308 720 1347 eandorem
753 1313 789 1344 et
819 1305 985 1344 refutata

568 1365 694 1401 Virtus
725 1364 857 1411 hostis,
888 1363 951 1409 qui
980 1361 1100 1399 inficit

508 1422 667 1460 Animas
701 1426 735 1457 et
767 1431 807 1457 se
835 1420 958 1457 reficit

509 1478 569 1515 Ex
601 1478 795 1525 sanguine,
827 1477 890 1524 qui
920 1475 1041 1512 allicit

567 1534 640 1572 Cor
668 1534 869 1570 humanum
891 1532 940 1569 ad
962 1534 1136 1578 peccata3

507 1591 589 1628 Tua
619 1590 737 1627 virtus
767 1591 865 1627 hune
897 1588 1024 1637 deicit,

509 1647 624 1684 Posse
654 1658 835 1693 suumque
866 1644 1004 1695 deficit,

566 1703 641 1741 Ubi
672 1709 712 1740 tu
743 1714 782 1739 es
810 1704 996 1740 invocata.

409 1858 475 1896 16.
509 1856 636 1903 Caput
662 1857 770 1892 tuum
804 1859 860 1892 est
890 1854 990 1891 filius

509 1913 701 1961 Tenellus,
734 1912 858 1949 mollis
890 1917 926 1948 et
956 1911 1040 1958 pius

577 1968 626 2007 Ut
657 1968 862 2007 Carmelus
893 1969 931 2005 in
962 1965 1096 2017 gratia,

504 2025 605 2063 Eum
638 2025 754 2062 habes
786 2025 973 2071 superiuS‚

509 2082 637 2128 Teque
668 2083 765 2128 regit
794 2081 982 2128 propitius

565 2138 727 2176 Provida
759 2138 958 2186 sapientia,

509 2196 567 2233 Tu
598 2196 676 2231 eius
707 2200 840 2240 mater,
872 2193 950 2231 filia

510 2253 646 2291 Flores
678 2251 712 2287 ei
743 2255 781 2287 et
809 2250 890 2287 lilia

568 2307 762 2354 Collegisti
791 2305 961 2356 inferius,

509 2364 650 2413 Quibus
681 2370 733 2409 tu,
768 2363 871 2409 virgo
903 2364 1017 2412 regia,

509 2422 605 2459 Eum
637 2421 675 2457 in
706 2419 872 2457 amicitia

569 2477 767 2517 coronasti
797 2477 976 2515 exterius,

413 2627 475 2665 17.
506 2625 559 2663 Et
588 2635 718 2662 comae
748 2621 886 2670 capitis
917 2623 975 2660 tui

509 2681 678 2720 Affectus
709 2681 790 2717 eius
816 2681 934 2717 mutui

564 2738 672 2776 Siout
700 2736 800 2785 reyis
830 2742 915 2773 sunt
939 2747 1138 2787 purpura,

509 2795 581 2841 Qui
611 2799 648 2830 te
677 2797 812 2830 ornant
841 2793 985 2830 assidui

509 2852 559 2889 Et
593 2851 774 2887 decorant
805 2850 979 2897 perpetui

569 2907 619 2946 Ut
652 2907 812 2953 quadam
844 2907 1090 2953 capillatura3

1221 745 1285 784 18.

1222 1518 1288 1557 19.

1221 2287 1288 2326 20.

1319 311 1400 348 Tua
1430 315 1516 348 sunt
1546 312 1648 358 regia
1677 312 1773 358 iura,

1317 367 1408 405 Cum
1439 368 1491 404 sis
1520 367 1600 404 sine
1630 367 1716 404 labe
1746 379 1852 415 pura,

1375 425 1426 462 Ut
1456 428 1520 460 tuo
1551 423 1661 460 cedat
1690 424 1774 461 usui

1317 480 1551 526 Dignissima
1582 480 1776 528 vestitura,

1316 535 1481 573 Materia
1510 539 1547 571 et
1577 534 1725 572 factura

1373 592 1569 638 Stupenda
1598 592 1824 631 intellectui.

1316 744 1421 781 Haec
1450 755 1620 791 purpura
1648 745 1829 795 caritatis,

1292 793 1398 847 'Qua
1427 803 1479 845 tu,
1517 807 1637 837 mater
1667 801 1832 849 pietatis,

1375 857 1517 894 Ornata
1547 867 1598 902 es,
1631 857 1834 895 canalibus

1322 913 1459 950 Vincta
1490 917 1547 949 est
1577 924 1660 949 cum
1690 913 1759 950 tibi
1791 914 1902 963 datis,

1319 969 1529 1008 Coniuncta
1557 980 1596 1005 es
1627 971 1865 1016 praeparatis

1376 1026 1536 1072 Angelis
1566 1026 1888 1075 ministrantibus;

1320 1082 1548 1119 Transmissi
1581 1082 1628 1119 de
1659 1082 1884 1120 caelestibus

1320 1139 1371 1175 Hi
1401 1137 1572 1176 referunt
1603 1138 1816 1176 hominibus

1377 1194 1529 1231 Gratias
1561 1195 1717 1232 collatas
1748 1196 1879 1242 gratis,

1321 1251 1475 1300 Rursus,
1495 1261 1590 1297 quae
1601 1256 1686 1288 sunt
1697 1251 1736 1288 in
1746 1251 1949 1300 mentibus,

1321 1307 1479 1344 Sursum
1511 1306 1636 1344 ferunt
1665 1318 1705 1344 se
1735 1308 1875 1345 talibus

1377 1364 1634 1401 Monstrantes
1662 1365 1812 1401 canales
1842 1364 1948 1403 satis.

1320 1517 1442 1566 Quam
1462 1516 1626 1563 pulchra
1646 1527 1695 1564 es,
1719 1516 1948 1564 dulcissima,

1320 1574 1446 1622 Quam
1476 1573 1624 1616 decora,
1656 1573 1873 1620 carissima,

1375 1629 1427 1666 In
1457 1630 1631 1675 supernis
1662 1629 1820 1679 deliciis,

1321 1686 1385 1724 Sol
1419 1687 1465 1723 de
1496 1691 1559 1723 tua
1591 1686 1799 1723 clarissima

1321 1742 1612 1781 Pulchritudine
1641 1743 1805 1780 maxima

1377 1799 1512 1845 Stupet
1543 1799 1717 1836 retractis
1748 1798 1892 1849 radiis;

1321 1855 1439 1893 Novis
1469 1854 1635 1892 florescit
1664 1855 1812 1902 gaudiis

1321 1912 1472 1950 Caelum
1505 1916 1617 1958 atque
1645 1911 1859 1958 praeconiis

1377 1969 1434 2005 De
1465 1973 1502 2004 te
1535 1974 1573 2005 et
1603 1969 1722 2005 omnis
1755 1968 1881 2006 anima

1320 2024 1580 2063 Reverberata
1611 2025 1736 2062 nimiis

1321 2081 1595 2129 splendoribus
1626 2088 1663 2118 et
1693 2080 1808 2118 variis

1378 2137 1464 2176 Tibi
1494 2139 1612 2175 servit
1643 2137 1865 2176 humillima.

1319 2286 1481 2324 Statura
1510 2287 1578 2323 tua
1608 2287 1662 2323 est
1693 2289 1801 2332 grata

1318 2343 1369 2380 Et
1398 2341 1552 2389 palmae
1583 2341 1801 2379 assimilata

1376 2401 1524 2445 Aspere
1558 2399 1687 2435 vivens
1716 2398 1756 2435 in
1785 2398 1873 2447 imo,

1321 2455 1502 2502 Superius
1535 2455 1734 2492 dulcorata
1891 2460 1893 2462 “

1320 2514 1447 2558 Atque
1479 2510 1603 2548 fmctu
1633 2514 1789 2548 onerata

1378 2568 1553 2605 Dulcium
1585 2566 1926 2617 praedulcissim03

1320 2625 1378 2662 Tu
1408 2635 1447 2661 es
1477 2635 1496 2662 a
1529 2624 1778 2661 remotissimo

1322 2681 1529 2718 Horizonte
1561 2685 1597 2717 et
1627 2680 1759 2717 ultimo

1378 2737 1491 2783 Nota,
1523 2737 1610 2784 quia
1641 2737 1808 2775 exaltata

1321 2794 1364 2830 In
1396 2794 1477 2831 loco
1509 2804 1547 2830 es
1578 2793 1760 2830 altissimo

1321 2852 1446 2897 Atque
1477 2849 1794 2887 excellentissimo

1379 2907 1568 2953 Perpetuo
1599 2906 1794 2944 collocata.
