2031 3289
963 185 1015 189 —
1076 162 1157 202 502
1217 185 1269 189 ——

655 278 692 313 6.
724 276 788 312 Me
816 276 854 312 ni
885 276 1047 313 zelasses
1078 280 1131 323 tu,
1163 275 1319 322 quando
1350 286 1520 323 caruem,

724 332 788 368 Me
820 332 857 368 ni
887 332 1086 376 salvasses‚
1119 332 1193 369 iam
1224 342 1342 369 essem
1375 332 1571 379 reprobus,

726 388 775 424 Ni
806 387 1093 434 triumphasses‚
1127 388 1300 425 caelestis
1331 388 1457 426 aditus

782 443 877 480 Mihi
909 444 1045 481 invius.

661 529 695 566 7.
729 528 828 564 Vere
857 528 1001 565 zelator
1031 532 1071 565 tu
1104 527 1355 569 fidelissimus

728 585 826 620 Vere
856 584 1023 621 salvator
1053 589 1094 621 tu
1124 585 1464 633 constantissimuS‚

727 641 783 677 Tu
815 640 1045 687 praemiator
1074 641 1424 688 superlargissimus

783 696 884 734 Satis
913 696 1109 735 omnibus.-

658 782 695 819 8.
728 781 826 818 Nam
857 786 895 817 te
925 785 1104 818 nascente
1135 780 1329 818 confertur
1358 782 1536 831 pretium,

729 838 784 874 Te
814 838 997 875 moriente
1029 837 1189 875 solvitur
1221 838 1403 885 debitum⁷

727 894 781 930 Te
813 898 1032 942 resurgente
1063 894 1246 940 panditur
1276 895 1462 940 meritum,

783 950 906 987 Datur
935 951 1157 997 praemium.

657 1041 694 1075 9.
728 1036 845 1081 Quam
876 1036 1056 1082 gaudioso
1087 1040 1128 1072 tu
1159 1036 1248 1072 mihi
1280 1036 1438 1084 genum,

669 1137 674 1142 ,
726 1092 844 1137 Quam
875 1091 1068 1129 fructuose
1100 1096 1140 1128 tu
1170 1092 1261 1128 mihi
1292 1096 1472 1140 mortuus,

731 1149 848 1194 Quam
881 1148 1044 1195 gloriose
1076 1148 1244 1185 cernitur
1274 1159 1413 1185 vacuus

784 1205 884 1241 Tuus
916 1205 1101 1242 tumulus!

634 1290 695 1327 10.
729 1290 783 1326 Te
814 1290 1013 1335 honorare,
1046 1293 1158 1336 prout
1188 1299 1287 1325 nunc
1317 1294 1471 1337 appeto,

728 1346 782 1382 Te
812 1346 1023 1394 redamare,
1058 1349 1238 1392 quantum
1269 1356 1367 1382 nunc
1400 1345 1532 1390 debeo,

730 1403 857 1449 Teque
888 1402 1057 1448 laudare,
1088 1401 1258 1448 quamvis
1288 1403 1480 1448 nequiero,

787 1459 987 1506 Nunquam
1019 1458 1164 1496 tacebo.

637 1545 700 1582 ll.
732 1545 767 1580 A
798 1554 870 1590 quo
903 1547 1062 1588 creatuS‚
1094 1543 1176 1580 laus
1207 1543 1256 1579 sit
1286 1543 1464 1591 ingenito,

738 1601 808 1637 Per
838 1610 947 1646 quem
979 1600 1158 1647 salvam,
1191 1599 1310 1636 honor
1340 1599 1390 1636 sit
1419 1601 1556 1649 genito,

735 1657 779 1693 In
811 1667 882 1702 quo
916 1660 1080 1704 renatus,
1115 1656 1228 1692 decus
1258 1656 1457 1703 paraclito,

791 1712 961 1760 Simplici
992 1712 1086 1751 Deo.

439 1795 686 1827 Carolsruhan.
719 1793 797 1828 368.
832 1796 871 1827 A.
904 1813 948 1817 —
979 1795 1143 1828 Zwollen.
1176 1793 1253 1828 434.
1278 1797 1318 1828 B.
1346 1815 1386 1818 -<
1416 1794 1452 1835 1,
1490 1794 1503 1826 1
1542 1797 1659 1827 omnia
1684 1797 1722 1828 B.
1748 1813 1792 1819 —-
1817 1794 1856 1836 2,
1890 1793 1915 1828 2

347 1842 564 1873 demonstras
590 1842 628 1873 B.
654 1861 697 1864 —
722 1838 762 1880 3,
796 1839 817 1872 2
840 1845 879 1872 tu
905 1841 990 1873 fehlt
1014 1842 1053 1874 B.
1079 1860 1122 1864 —
1148 1838 1186 1879 6,
1218 1839 1233 1872 l
1260 1842 1313 1872 Ne
1337 1842 1373 1872 ni
1399 1851 1551 1872 ainarses
1577 1842 1614 1873 B.
1640 1859 1675 1863 —
1711 1839 1748 1879 7,
1777 1840 1792 1873 1
1818 1842 1912 1875 Vere

348 1890 481 1919 amator
506 1888 545 1918 B.
572 1904 612 1909 —
640 1885 678 1924 7,
711 1884 732 1917 2
757 1889 795 1918 tu
820 1888 1073 1918 invictissimus
1098 1887 1138 1918 B.
1163 1903 1207 1907 —
1231 1884 1269 1924 9,
1308 1885 1323 1917 1
1350 1887 1462 1925 Quam
1487 1887 1637 1928 pretiose
1661 1888 1700 1919 B.
1727 1903 1769 1908 —
1797 1885 1856 1927 10,
1887 1885 1908 1919 2

350 1932 548 1964 readamare
573 1933 613 1963 B.
637 1949 680 1953 —
708 1930 767 1970 10,
799 1930 820 1963 3
844 1933 1036 1973 nequivero
1063 1933 1100 1964 B.
1128 1948 1168 1953 -—
1196 1929 1256 1970 10,
1281 1929 1303 1962 4
1327 1932 1504 1974 Numquid
1530 1932 1568 1963 B.
1593 1950 1637 1955 —
1664 1933 1730 1964 Die
1756 1932 1909 1965 Melodie

351 1978 410 2009 ‹les
438 1977 564 2009 Liedes
590 1978 635 2009 ist
659 1978 713 2008 die
739 1977 798 2008 des
824 1979 985 2018 Hymnus
1011 1978 1101 2008 Iste
1134 1977 1380 2008 confessor.

560 2127 641 2163 4⁸2.
679 2128 758 2169 (25.)
794 2129 851 2162 De
878 2127 1084 2163 beneficiis
1110 2128 1183 2162 Dei
1210 2127 1492 2172 spiritualibus
1521 2128 1700 2171 hymnus.

400 2225 435 2260 1.
469 2223 498 2260 Ο
532 2223 623 2269 quid
654 2223 792 2270 laudis,
824 2223 914 2269 quid
945 2224 1096 2261 honoris
1184 2226 1220 2261 3.
1253 2224 1282 2262 Ο
1315 2223 1430 2260 vitale
1461 2224 1742 2274 nutrimentum,

524 2279 696 2316 Reddam
729 2279 798 2316 tibi
830 2279 968 2324 debite,
1308 2281 1405 2316 Prae
1437 2281 1581 2317 cunetis
1611 2280 1791 2327 optabile,

467 2336 604 2373 Factus
638 2336 748 2373 homo
780 2336 815 2372 vi
845 2337 996 2383 amoris,
1255 2336 1492 2373 Praecellens
1523 2336 1839 2374 medicamentum

525 2392 649 2430 Patris
681 2392 883 2439 unigenite,
1309 2393 1368 2429 Tu
1398 2393 1611 2440 languentis
1642 2393 1800 2439 animae,

470 2450 538 2485 l‘er
578 2459 686 2495 quem
724 2449 896 2486 omnibus
926 2448 964 2486 in
995 2449 1096 2486 horis
1253 2449 1911 2498 Cibansmentemdansaugmentum

522 2505 644 2542 Tanto
676 2506 795 2543 donor
826 2516 991 2543 munere.
1309 2505 1469 2543 Virtutis
1501 2513 1537 2542 et
1568 2507 1722 2553 gloriae.

396 2593 432 2628 2.
470 2590 520 2626 'se
552 2601 636 2626 nam
672 2590 709 2626 iu
742 2600 855 2628 carne
887 2590 1035 2627 vivente
1185 2591 1223 2630 4.
1255 2590 1341 2636 Eia,
1374 2601 1432 2626 ine
1463 2597 1642 2637 quantum
1673 2591 1808 2628 amasti

525 2646 668 2692 Spiritu
701 2645 884 2694 vivificor,
1315 2647 1494 2684 Vocatum
1526 2658 1617 2694 prae
1647 2647 1813 2694 milibus,

468 2702 521 2738 Te
552 2713 715 2748 poenose
745 2703 928 2740 moriente
1255 2704 1324 2749 Qui
1356 2709 1393 2739 te
1424 2708 1542 2740 totum
1574 2704 1635 2741 hic
1666 2704 1815 2742 donasti

528 2761 688 2796 Peccato
720 2760 943 2796 commorior
1311 2760 1378 2798 Pie
1409 2759 1502 2797 meis
1532 2760 1673 2804 usibus,

471 2817 586 2861 Inque
618 2815 741 2852 cibum
773 2821 810 2852 te
840 2815 1016 2853 tradente
1254 2815 1547 2863 Fruendumque
1577 2821 1662 2863 post
1693 2816 1854 2854 servasti

525 2872 608 2908 ‘sibi
641 2876 739 2909 totus
770 2872 890 2911 unior.
1315 2872 1369 2909 Te
1401 2883 1482 2909 cum
1514 2873 1588 2910 tuis
1619 2872 1802 2912 omnibus.
