2031 3289
951 146 1260 186 —134—

531 257 598 296 10.
643 258 886 305 Fulgensque
915 259 1041 295 lumen
1072 259 1239 307 gentium
1269 260 1307 297 in
1338 260 1470 307 oculis,

643 314 814 352 Gloriam
846 315 970 360 plebis
1001 315 1157 352 Israelis
1184 316 1366 363 germini3

642 370 794 407 Positus
826 371 888 407 hic
919 375 976 407 est
1004 371 1044 408 in
1075 372 1221 408 ruinam
1253 372 1424 410 scandali

642 427 694 464 Et
724 426 762 463 in
795 427 956 464 salutem
986 427 1101 464 Iacob
1132 428 1264 475 stirpis
1295 439 1446 476 aureae,

643 483 776 520 Donec
806 488 956 520 secreta
986 484 1202 521 revelentur
1233 485 1415 525 cordium.

532 572 597 611 11.
642 573 783 621 Ipsius,
815 573 951 620 inquit,
982 577 1059 619 tua,
1092 578 1224 611 sancta
1247 575 1432 621 genetrix,

642 629 838 666 Transibit
867 630 965 666 ictus
996 630 1114 676 gladii
1144 641 1214 677 per
1244 630 1420 669 animam.

641 685 827 723 Servabat
857 686 935 723 alto
962 687 1122 733 mystica
1152 686 1220 723 sub
1251 691 1405 733 pectore

642 742 768 779 Maria
794 742 913 779 verba
944 741 1142 780 conferens
1172 743 1365 791 alacriter,

642 798 765 835 Dictis
797 799 971 845 supernis
1003 800 1159 836 credula
1186 799 1364 839 fideliter.

531 889 591 927 12.
642 888 753 926 Doxa
783 889 833 925 sit
863 889 965 935 patri
995 900 1065 936 per
1095 890 1278 927 immensa
1308 891 1460 928 saecula

640 945 693 982 Et
722 946 809 982 Iesu
840 945 1004 993 Christo,
1035 946 1156 992 patris
1188 947 1392 994 unigenito,

640 1002 779 1047 Decus,
812 1006 993 1048 potestas,
1024 1003 1145 1039 virtus
1176 1014 1291 1050 super
1321 1004 1477 1040 aethera

644 1057 784 1095 Sancto
815 1069 884 1105 per
913 1069 1022 1095 omne
1053 1060 1242 1096 saeculum
1275 1060 1475 1106 paraclito,

643 1114 745 1151 Laus
775 1114 938 1160 infinita,
970 1115 1090 1152 honor
1121 1121 1156 1152 et
1187 1116 1400 1164 imperium.

415 1205 544 1245 Hymn.
570 1214 633 1235 ms.
660 1203 927 1235 Severinianum
955 1214 1043 1235 saec.
1072 1202 1124 1236 10.
1150 1215 1201 1236 ex.
1244 1205 1328 1237 Cod.
1346 1206 1505 1237 Vatican.
1524 1204 1622 1238 7172.
1640 1208 1682 1239 A.
1698 1223 1743 1229 ——
1761 1208 1886 1250 Hymn.

322 1259 384 1280 ms.
403 1249 670 1281 Severinianum
689 1259 780 1281 saec.
802 1247 851 1281 10.
871 1260 923 1281 ex.
957 1250 1040 1281 Cod.
1054 1250 1214 1282 Vatican.
1232 1248 1328 1282 1092.
1342 1251 1382 1282 B.
1396 1269 1441 1272 —
1458 1252 1561 1284 Grad.
1580 1263 1642 1284 ms.
1657 1253 1690 1285 S.
1705 1254 1888 1285 Laurentii

323 1296 359 1325 in
383 1293 571 1333 Verano(‘?)
603 1304 692 1326 saec.
729 1292 817 1325 ¹⁰l11.
866 1295 949 1327 Cod.
984 1295 1140 1337 Angelic.
1172 1296 1210 1327 B.
1236 1297 1289 1327 III
1317 1292 1368 1327 18.
1399 1296 1434 1327 C.
1459 1314 1501 1317 —
1532 1298 1675 1340 Georgii
1700 1299 1888 1331 Cassandri

323 1341 455 1381 Hymni
481 1340 724 1377 ecclesiastici,
752 1339 873 1372 Colon.
901 1338 999 1379 1556,
1023 1351 1055 1382 p.
1082 1339 1146 1372 241
1173 1341 1206 1372 ff.
1232 1341 1274 1372 D.

415 1383 443 1422 1,
481 1384 496 1416 1
522 1385 684 1426 Refulget
713 1386 764 1423 D;
798 1385 983 1417 candidum
1009 1386 1046 1418 C.
1071 1404 1116 1407 —
1143 1384 1172 1425 1,
1204 1385 1224 1418 2
1255 1389 1334 1428 post
1359 1396 1501 1419 aureum
1524 1389 1567 1419 D.
1594 1406 1635 1410 -
1664 1386 1700 1427 1,
1733 1387 1753 1421 5
1778 1389 1886 1430 prolis

322 1431 365 1467 C,
396 1431 548 1462 nominis
579 1431 652 1461 CD.
686 1447 728 1451 —-—
762 1429 800 1468 2,
836 1429 851 1461 1
886 1432 992 1472 Regis
1026 1436 1162 1463 sacrato
1192 1432 1236 1467 B;
1272 1436 1427 1463 sanctum
1464 1432 1499 1465 C.
1533 1451 1577 1454 —
1602 1432 1632 1473 2,
1665 1431 1686 1465 2
1710 1434 1886 1467 subiectus

321 1477 439 1507 omnia
472 1476 550 1516 AB;
585 1477 679 1507 omni
710 1476 844 1507 calamo
872 1477 915 1507 D.
951 1493 994 1498 ——
1026 1474 1056 1514 2,
1088 1474 1109 1508 3
1138 1478 1312 1518 Dignatus
1345 1482 1436 1509 esset
1468 1479 1528 1519 qui
1560 1481 1652 1521 regis
1678 1479 1720 1511 de
1745 1479 1885 1512 sedibus

322 1522 358 1553 C.
384 1538 429 1542 —
454 1519 484 1559 2,
510 1519 532 1552 4
557 1521 610 1552 Ab
635 1531 715 1552 arce
740 1522 811 1553 CI).
837 1538 882 1542 ——
907 1519 938 1559 2,
964 1520 984 1552 5
1010 1522 1151 1553 Caelum
1177 1524 1237 1564 qui
1262 1524 1340 1562 AB;
1374 1527 1465 1554 terra
1492 1525 1534 1557 C:
1560 1525 1787 1566 fundavitque
1812 1525 1883 1557 CD.

322 1584 365 1588 —
390 1564 421 1602 3,
447 1564 468 1597 2
494 1566 722 1608 adimpletum
747 1568 785 1598 C.
810 1584 854 1588 —
877 1565 909 1605 4,
936 1565 956 1598 2
981 1569 1091 1599 umeri
1111 1569 1328 1599 castissimus
1354 1569 1390 1600 C.
1418 1588 1458 1591 -—-
1484 1567 1516 1607 4,
1542 1567 1563 1600 2
1580 1570 1703 1601 Dulcis
1718 1570 1885 1602 adstricta

322 1612 367 1651 C,
400 1612 528 1643 Dulcia
554 1613 701 1643 strictim
726 1613 770 1643 D.
794 1630 839 1634 —
863 1610 895 1650 4,
911 1610 934 1643 4
959 1613 1104 1654 Deoque
1127 1624 1210 1645 vero
1237 1614 1370 1645 homini
1396 1615 1619 1656 impresserat
1644 1616 1714 1646 AB.
1742 1633 1783 1638 -—
1807 1614 1838 1653 4,
1863 1614 1884 1647 5

322 1658 389 1689 Ore
423 1657 530 1696 ABC3
565 1657 656 1698 quod
691 1661 773 1688 sunt
805 1657 841 1689 C.
873 1675 917 1679 —
942 1656 982 1696 5,
1016 1656 1036 1689 2
1061 1659 1200 1690 lacteoli
1227 1659 1373 1699 plumuli
1400 1660 1436 1691 C.
1461 1677 1504 1683 ν-
1529 1659 1567 1695 5,
1601 1658 1622 1692 3
1647 1660 1782 1693 Dedero
1807 1661 1883 1700 AB;

322 1703 501 1734 Dederunt
526 1703 569 1742 C,
597 1703 634 1733 in
658 1703 745 1734 fehlt
769 1703 839 1734 AB.
865 1722 908 1726 —
934 1702 963 1740 5,
996 1702 1019 1735 4
1042 1704 1148 1745 Regis
1174 1704 1282 1736 veluti
1309 1707 1350 1742 C,
1385 1705 1491 1746 Legis
1516 1706 1626 1737 veluti
1650 1707 1699 1739 D:
1733 1706 1883 1747 promul-

319 1748 452 1789 gabant
476 1749 587 1779 sancti
613 1758 651 1779 os
677 1749 714 1780 C.
740 1765 785 1769 —
809 1747 839 1786 5,
868 1747 888 1780 5
915 1749 1044 1788 Quales
1070 1760 1130 1790 per
1154 1751 1239 1780 istas
1256 1750 1354 1782 ABC.
1380 1767 1424 1771 —
1449 1748 1479 1782 6.
1506 1749 1526 1781 2
1551 1753 1588 1782 in
1613 1752 1695 1783 orbe
1711 1752 1761 1788 D;
1788 1753 1884 1784 iuxta

324 1803 429 1825 senex
447 1793 484 1824 C.
509 1810 553 1814 —
579 1791 609 1831 6,
634 1790 655 1824 3
673 1793 852 1825 caelifluos
871 1794 906 1826 C.
925 1811 969 1815 —
987 1792 1017 1831 6,
1035 1793 1055 1826 5
1073 1795 1171 1826 verbi
1188 1795 1255 1826 Dei
1273 1797 1432 1826 conscius
1451 1797 1520 1828 AB.
1540 1813 1581 1818 —-
1600 1795 1630 1834 7,
1651 1795 1667 1828 1
1687 1800 1886 1838 susceperat

323 1840 366 1870 D.
391 1856 435 1860 —
465 1837 497 1876 7,
521 1836 542 1870 3
567 1842 685 1880 posset
709 1839 780 1871 AB.
805 1856 849 1860 —
882 1837 913 1877 7,
939 1838 961 1870 4
986 1840 1063 1871 Nisi
1088 1840 1222 1871 videret
1244 1841 1314 1872 AB.
1340 1857 1382 1862 —-
1418 1839 1447 1879 7,
1474 1840 1494 1872 5
1518 1843 1593 1881 Que
1617 1843 1714 1873 misit
1738 1843 1780 1882 C;
1813 1842 1882 1874 alto

320 1885 458 1925 genitor
486 1883 528 1915 de
546 1884 635 1915 solio
652 1884 722 1916 AB.
742 1903 783 1907 ——
802 1881 834 1923 8,
855 1883 870 1915 1
890 1885 1052 1926 Suscepit
1070 1895 1219 1926 namque
1237 1887 1312 1925 AB;
1338 1886 1379 1918 de
1399 1888 1559 1919 manibus
1578 1888 1614 1919 C.
1631 1904 1677 1908 —
1693 1884 1724 1923 8,
1743 1886 1763 1918 2
1779 1888 1883 1929 Regis

320 1929 1167 2007 {upgffdffssssssmgffafflig-Csseffiisseffpiff
1194 1932 1236 1962 D·
1255 1948 1306 2007 9*
1319 1929 1751 2010 38‘v31'dfflni5fflffe3'ss'fis
1775 1934 1883 2010 Cia—4

343 1999 350 2013 τ
823 1999 830 2014 7
967 1992 975 2006 ¹
1140 2000 1147 2006 ·
1181 1993 1226 1997 -“
1278 2000 1286 2015 2
1704 2003 1711 2010 ·
1736 1995 1778 1999 —
1828 2001 1849 2017 ν,

320 2021 485 2061 pietatem
510 2021 648 2051 unicam
677 2020 713 2052 C.
740 2038 779 2041 —
807 2018 839 2059 9,
865 2019 885 2051 5
910 2022 1016 2052 facies
1042 2022 1078 2053 C.
1104 2039 1148 2042 —
1176 2020 1227 2060 10,
1256 2020 1271 2053 1
1298 2023 1502 2064 Fulgentem
1529 2024 1564 2060 C,
1591 2023 1759 2065 Fulgente
1776 2024 1819 2055 D.
1839 2039 1881 2045 —

323 2063 374 2103 10,
400 2063 420 2096 2
444 2065 566 2098 Gloria
584 2066 626 2100 C:
652 2066 761 2097 Israel
780 2067 823 2105 C,
849 2067 1015 2106 germinis
1041 2067 1146 2098 ABD.
1172 2085 1214 2089 —
1242 2065 1292 2105 10,
1319 2066 1340 2099 5
1365 2072 1497 2100 secreta
1522 2068 1677 2100 cordium
1702 2069 1882 2111 sepellient
1992 2067 1997 2100 l

320 2111 364 2145 C;
391 2121 427 2143 se
452 2111 600 2152 pallient
625 2112 666 2142 D.
691 2128 736 2132 ——
763 2110 814 2149 11,
843 2110 858 2142 1
886 2113 1001 2153 Ipsius
1027 2123 1104 2144 ecce
1131 2112 1201 2143 CD.
1226 2130 1271 2134 —
1300 2112 1350 2146 11,
1377 2112 1397 2144 2
1421 2114 1602 2145 Transibit
1625 2115 1719 2145 intus
1743 2114 1880 2156 gladius

319 2155 362 2190 C:
388 2167 449 2197 per
473 2157 618 2187 nimiam
644 2157 713 2187 AB.
737 2174 782 2178 -—
809 2155 860 2195 11,
885 2155 906 2188 3
933 2157 1104 2190 Servabat
1128 2161 1224 2189 casto
1250 2159 1321 2189 AB.
1348 2175 1389 2180 ——
1418 2156 1470 2195 12,
1499 2157 1514 2190 1
1542 2170 1591 2201 sq.
1617 2160 1654 2190 in
1679 2160 1756 2192 CD:
1993 2160 1997 2195 Ι

1992 2234 1996 2256 ι

772 2219 892 2251 Gloria
918 2220 992 2256 tibi,
1018 2220 1109 2257 Iesu,
1136 2222 1250 2262 magni
1277 2221 1429 2252 nominis

770 2264 818 2296 Et
842 2265 918 2303 tibi,
945 2268 1024 2296 nate
1049 2266 1159 2306 patris
1185 2267 1374 2307 unigenite,

318 2329 399 2358 nato
437 2329 536 2368 pater
573 2327 753 2367 unigenito
792 2326 828 2358 C.
866 2344 909 2348 —
949 2325 1008 2364 12,
1046 2325 1066 2359 3
1104 2331 1218 2368 potest
1251 2328 1286 2359 C.
1325 2345 1368 2349 -—
1403 2325 1459 2366 12,
1498 2326 1519 2359 4
1551 2339 1669 2360 omnes
1705 2326 1879 2361 saeculum
1993 2317 2019 2363 }¹

319 2371 526 2412 paraclitum
560 2371 596 2403 C.
622 2390 665 2394 —-
694 2373 891 2414 „Incipiunt
920 2374 1012 2403 versi
1038 2374 1074 2404 in
1099 2373 1345 2405 Purificatione
1371 2377 1512 2405 sanetae
1538 2372 1703 2406 Mariae“.
1729 2374 1772 2409 C:
1809 2374 1879 2414 „De
1994 2378 1996 2391 *

317 2420 437 2448 sancto
463 2414 643 2449 Simeone“
670 2418 714 2449 D.
738 2434 784 2439 —
809 2417 971 2459 „Paulini
996 2416 1177 2460 Aquileg.“
1207 2419 1247 2449 D.

715 2550 795 2586 101.
832 2550 888 2591 (3.)
924 2551 1115 2593 Tempore
1141 2549 1493 2598 Quadragesimae.

592 2634 627 2672 1.
675 2634 827 2681 Insigne
857 2637 1040 2678 sanctum,
1073 2637 1220 2680 tempus
1250 2634 1486 2680 acceptabile
1993 2654 1996 2680 ς

676 2690 832 2739 Assum,
866 2690 999 2726 salutis
1030 2690 1110 2727 dies
1142 2690 1392 2739 venerabiles,
1994 2690 1995 2693 ’

678 2747 805 2784 Plenis
836 2746 936 2783 olivo
966 2757 1105 2793 sponso
1136 2758 1217 2784 cum
1249 2747 1489 2794 lampadibus

676 2803 879 2840 Curramus
907 2814 1034 2840 omnes
1066 2803 1213 2840 obviam
1247 2802 1446 2850 palmifero

678 2859 813 2896 Mundi
845 2860 1009 2907 superbo
1040 2865 1218 2906 superato
1248 2860 1432 2906 principe.

1882 3120 2031 3289 Δ
