2031 3289
839 218 931 234 .—
989 194 1073 235 448
1131 216 1187 221 —

296 312 331 351 7.
367 309 587 358 Benedicta,
619 309 724 346 cuius
755 309 834 346 vita

421 366 572 404 Summo
603 365 682 412 regi
713 365 855 411 placita

369 424 525 462 Hostem
547 421 694 470 stravit,
718 421 868 467 culpam
888 420 994 468 lavit,

422 478 665 516 Restauravit
695 477 858 525 perdita.

296 581 333 620 8.
365 579 496 617 Mater
527 578 611 626 Dei,
644 587 777 625 preces
808 577 842 614 ei

424 635 572 682 Funde,
604 645 699 682 quae
725 645 793 671 nos
814 634 997 681 muniant,

369 693 509 729 Preces
541 690 670 738 funde,
702 694 743 728 ut
773 690 962 727 secundae

426 748 603 795 Quaeque
633 757 694 784 res
724 746 912 785 eveniant.

295 852 332 889 9.
366 850 466 888 Tuas
497 858 629 896 preces
660 846 834 885 efficaces

421 906 517 944 Esse
546 915 735 952 nunquam
765 903 934 951 ambigit,

366 962 542 1009 Quisquis
559 961 681 1006 illum,
697 971 807 1007 quem
819 960 998 1007 pusillum

425 1017 647 1064 Lactavisti,
682 1017 820 1064 diligit.

269 1121 339 1160 10.
373 1120 490 1167 Virgo
520 1119 616 1156 lenis
650 1130 672 1156 a
704 1118 856 1155 venenis

425 1177 490 1214 Me
524 1175 700 1213 draconis
730 1174 864 1223 libera,

376 1233 490 1271 Cuius
522 1232 600 1269 doli
631 1232 734 1268 celsa
763 1230 843 1278 poli

433 1287 685 1326 Labefactant
717 1287 857 1325 sidera.

272 1391 337 1432 11.
368 1391 502 1438 Pensa,
535 1400 664 1437 pensa,
688 1399 798 1435 quam
819 1389 1001 1425 immensa

426 1447 559 1485 Carnis
590 1446 639 1483 sit
669 1444 870 1493 fragilitas,

368 1505 486 1551 Quam
516 1502 683 1549 iniquum
715 1502 907 1539 inimicum

430 1560 572 1597 Nostra
602 1557 677 1596 fert
708 1558 942 1596 humanitas!

272 1662 337 1700 12.
376 1661 448 1698 Dei
480 1661 578 1709 aula,
611 1659 858 1697 circumvalla

431 1717 511 1754 Tuo
541 1727 608 1753 nos
650 1715 866 1763 munimine

371 1774 469 1811 Reos
501 1773 616 1819 solve,
649 1773 768 1809 iustos
801 1770 898 1821 fove,

431 1829 644 1866 Imbecilles
676 1829 834 1866 sustine.

277 1933 340 1970 13.
371 1930 580 1968 Mediatrix
611 1933 649 1966 et
679 1929 863 1966 salvatrix

428 1985 666 2023 Infirmarum
699 1985 892 2030 mentium,

373 2043 476 2080 Fave
506 2042 615 2086 votis,
650 2042 743 2079 dans
774 2041 939 2088 aegrotis

432 2100 611 2146 Optatum
643 2098 864 2135 remedium.

278 2204 342 2241 14.
377 2201 508 2240 Caecis
539 2201 665 2237 lumen
698 2205 735 2237 et
765 2210 922 2237 acumen

431 2257 614 2304 Caligosis
646 2266 795 2303 repara,

376 2314 480 2351 Leva
510 2323 676 2360 pressos,
708 2313 795 2349 iuva
827 2310 960 2360 fessos,

435 2370 652 2407 Maerentes
685 2369 866 2406 exhilara..

280 2469 343 2506 15.
376 2466 590 2513 Egenorum
619 2470 656 2502 et
687 2465 898 2502 vinctorum

433 2522 638 2561 Consolare
668 2522 859 2569 gemitum,

377 2578 593 2626 Peregrinis
625 2582 661 2614 et
694 2578 852 2624 captivis

435 2635 592 2673 Gratum
624 2644 737 2681 posce
767 2634 944 2673 reditum.

282 2734 345 2771 16.
379 2733 430 2771 Ut
462 2731 647 2768 laetantes
676 2729 896 2777 navigantes

442 2787 601 2824 Veniant
631 2786 680 2824 ad
710 2786 852 2831 littora,

380 2844 574 2880 Violentos
608 2843 742 2880 claude
774 2847 904 2879 ventos

435 2900 541 2937 Mota
573 2899 709 2936 sedans
740 2909 916 2945 aequora.

1083 308 1149 346 17.
1181 307 1356 345 Inimicos
1388 306 1449 344 fac
1478 308 1618 345 amicos

1237 364 1288 401 Et
1318 363 1500 411 benignos
1531 364 1703 414 invicem,

1181 420 1233 459 Ut
1264 431 1338 457 non
1369 430 1533 467 gravem,
1565 421 1632 458 sed
1659 430 1814 458 suavem

1238 475 1450 514 Sentiamus
1480 476 1655 514 iudicem.
1684 482 1688 486 “

1085 577 1150 616 18.
1184 578 1259 615 Pro
1290 576 1455 622 Iudaeis,
1487 577 1578 613 licet
1609 577 1696 625 reis,

1239 633 1359 670 Tuum
1390 644 1481 680 roga
1511 632 1642 678 filium,

1185 689 1236 728 Ut
1257 694 1463 736 agnoscant
1484 689 1584 726 hunc
1600 693 1635 725 et
1653 692 1812 736 poscant

1239 746 1332 783 Eius
1359 745 1600 782 adiutorium.

1086 848 1149 885 19.
1182 846 1212 884 Ο
1244 846 1424 893 magistra
1455 851 1490 883 et
1522 846 1696 884 ministra

1241 904 1362 940 Verae
1392 902 1614 949 sapientiae,

1183 959 1262 997 Fac
1291 969 1352 995 me
1377 964 1520 996 rectum
1543 964 1580 995 et
1602 957 1815 1006 perfectum

1241 1016 1284 1052 In
1316 1015 1377 1053 via
1405 1015 1586 1053 iustitiae.

1090 1118 1155 1156 20.
1188 1118 1306 1155 Posce
1336 1120 1477 1164 natum,
1508 1120 1551 1154 ut
1579 1122 1724 1155 reatum

1244 1173 1372 1210 Meum
1401 1173 1484 1219 ipse
1516 1172 1652 1223 deleat,

1187 1229 1238 1267 Et
1262 1229 1437 1276 implora,
1468 1232 1510 1266 ut
1539 1229 1578 1266 in
1612 1230 1705 1267 hora

1245 1285 1385 1323 Mortis
1415 1285 1469 1322 nil
1500 1295 1559 1322 me
1589 1290 1744 1324 terreat.

1087 1388 1153 1426 21.
1187 1387 1262 1425 Ora
1292 1397 1429 1434 regem,
1461 1392 1503 1424 ut
1533 1387 1587 1424 sic
1617 1388 1736 1435 legem

1241 1443 1366 1491 Ipsius
1397 1444 1620 1490 custodiam,

1189 1500 1239 1539 Ut
1271 1511 1318 1537 ex
1349 1500 1489 1538 mundo
1520 1500 1751 1538 transeundo

1244 1557 1384 1595 Laetus
1417 1556 1516 1594 hunc
1546 1557 1740 1604 aspiciam.

1093 1659 1159 1696 22.
1192 1658 1221 1696 Ο
1253 1658 1377 1707 beata,
1408 1658 1462 1695 sic
1493 1662 1650 1704 peccata

1249 1715 1338 1752 Tuis
1371 1714 1455 1752 dele
1485 1713 1675 1762 precibus,

1195 1771 1296 1816 Quae
1327 1771 1508 1820 commisi,
1541 1770 1711 1818 paradisi

1250 1828 1303 1866 Ut
1332 1828 1521 1874 quiescam
1553 1826 1720 1865 sedibus.

1093 1929 1160 1967 23.
1193 1928 1247 1965 Te
1278 1928 1442 1966 colentes
1474 1926 1535 1965 fac
1565 1928 1785 1975 gaudentes,

1249 1984 1392 2022 Cuncta
1421 1984 1567 2031 pellens
1600 1984 1713 2021 noxia

1192 2041 1241 2078 Et
1272 2051 1446 2089 procura,
1480 2045 1520 2079 ut
1550 2051 1726 2078 mansura

1249 2096 1496 2135 Perfruamur
1526 2097 1657 2144 gloria.

1094 2201 1158 2238 24.
1191 2199 1312 2236 Maris
1341 2199 1463 2246 stella,
1496 2198 1550 2235 sic
1581 2197 1766 2245 compella

1247 2256 1372 2292 Aures
1403 2255 1537 2292 summi
1567 2254 1717 2302 iudicis,

1194 2312 1248 2351 Ut
1277 2322 1344 2349 nos
1374 2309 1481 2348 festis
1511 2321 1581 2348 rex
1613 2310 1788 2348 caelestis
1835 2321 1838 2323 ’

1252 2367 1377 2406 Societ
1407 2367 1601 2415 angelicis.

1091 2465 1156 2503 25.
1187 2465 1240 2503 Ut
1270 2463 1308 2500 in
1339 2467 1440 2500 sorte
1469 2467 1505 2500 et
1537 2463 1691 2500 cohorte

1248 2521 1502 2567 Supernorum
1535 2519 1672 2557 civium

1192 2576 1442 2614 Numeremur
1472 2580 1509 2613 et
1541 2576 1725 2613 laetemur

1249 2633 1292 2670 In
1324 2636 1426 2670 terra
1457 2632 1675 2670 viventium.

1098 2730 1163 2767 26.
1198 2729 1306 2766 Vitae
1338 2728 1447 2766 dator
1479 2731 1516 2764 et
1545 2727 1753 2774 plasmator

1251 2787 1308 2822 Ac
1338 2784 1557 2831 redemptor
1586 2783 1759 2832 hominis,

1195 2841 1322 2879 Clavis
1352 2840 1493 2887 David,
1524 2849 1633 2887 quem
1654 2838 1820 2886 portavit

1256 2897 1397 2935 Venter
1427 2897 1550 2934 almae
1580 2895 1747 2943 virginis.
