2031 3289
845 188 1152 230 —572—

246 305 283 342 5.
328 303 428 341 Crux
458 304 495 340 in
528 303 654 352 corde,
687 313 780 340 crux
809 302 849 340 in
877 312 942 340 ore
1033 303 1098 342 12.
1145 302 1239 341 Cum
1280 306 1485 350 temptatus
1526 307 1563 340 et
1601 302 1780 351 afflictus,

327 360 498 407 Quodam
528 359 659 396 intimo
690 369 826 406 sapore
1145 358 1359 396 Derelictus
1390 359 1497 406 quasi
1526 359 1654 412 victus·

386 416 461 452 Det
490 415 560 452 tibi
587 415 839 462 dulcedinem,
1205 415 1258 452 Es
1288 415 1389 452 inter
1419 416 1623 463 angustias,

332 471 434 509 Crux
469 472 509 508 in
540 471 718 508 membris
749 471 962 508 dominetur
1150 470 1236 508 Non
1272 471 1324 508 sis
1356 472 1466 518 piger
1496 482 1616 519 neque
1644 471 1781 520 lentus,

331 528 380 565 Et
411 527 550 574 ubique
581 528 742 564 situetur
1151 526 1226 565 Sed
1257 527 1457 576 sollicitus,
1488 528 1670 577 intentus,

391 586 496 621 Intra
525 589 643 621 totum
675 584 875 623 hominem.
1207 583 1328 622 Cruce
1359 583 1522 621 frontem
1553 585 1711 624 munias,

250 700 285 736 6.
337 696 413 734 Cor
443 707 466 734 a
496 707 607 733 eruce
638 696 837 734 sorbeatur
1042 697 1108 735 13.
1156 696 1248 733 Cum
1280 696 1442 743 quiescis
1473 700 1511 733 et
1540 696 1706 743 laboras,

333 753 384 790 Et
416 753 454 790 in
485 753 588 790 illam
621 753 793 799 rapiatur
1152 753 1311 799 Quando
1334 752 1449 800 rides,
1472 753 1623 799 quando
1644 752 1784 803 ploras,

389 810 542 846 Amoris
575 809 763 858 incendio,
1211 809 1326 846 Doles
1358 809 1437 845 sive
1467 809 1647 856 gaudeas,

334 865 530 912 Dissipata
562 866 686 904 carnis
717 865 800 903 rixa
1154 865 1312 912 Quando
1339 865 1466 915 vades,
1500 865 1650 912 quando
1671 865 1787 916 venis,

335 922 445 959 Mens
477 922 527 958 sit
556 927 636 959 tota
668 921 848 959 crucifixa
1154 922 1199 959 In
1229 921 1381 959 solaciis
1413 926 1450 958 et
1479 921 1612 968 poenis

394 978 567 1025 Spiritali
598 979 748 1026 gaudio.
1215 978 1374 1016 Crucem
1406 978 1521 1015 corde
1551 983 1694 1016 teneas.

254 1081 288 1117 7.
334 1079 544 1126 Specialem
579 1078 636 1116 fer
666 1090 830 1116 amorem
1046 1080 1111 1118 14.
1160 1079 1260 1117 Crux
1301 1079 1338 1116 in
1381 1079 1553 1116 omnibus
1589 1079 1792 1126 pressuris,

334 1136 387 1173 Et
419 1136 666 1182 praecipuum
698 1136 876 1173 honorem
1156 1135 1320 1172 Multum
1351 1136 1530 1182 gravibus
1562 1140 1598 1172 et
1630 1135 1733 1173 duris

393 1192 525 1230 Crucis
556 1191 790 1239 salutiferae‚
1215 1192 1287 1229 Est
1318 1196 1437 1240 tutum
1471 1192 1689 1239 remedium,

336 1249 430 1287 Cum
463 1248 614 1286 fervore
646 1249 895 1285 medullarum
1160 1248 1263 1286 Crux
1294 1248 1332 1285 in
1364 1249 1496 1295 poenis
1528 1253 1566 1285 et
1593 1248 1790 1286 tormentis

336 1305 432 1342 Nisu
463 1306 599 1342 virium
631 1310 781 1342 tuarum
1158 1305 1228 1342 Est
1260 1305 1422 1342 dulcedo
1453 1306 1539 1353 piae
1570 1305 1705 1342 mentis

395 1362 495 1398 Velis
527 1362 624 1399 hanc
657 1362 828 1408 diligere.
1214 1361 1265 1398 Et
1296 1372 1424 1399 verum
1457 1360 1655 1408 refugium.

253 1465 291 1503 8.
339 1464 382 1500 In
414 1464 613 1510 praeclara
645 1474 755 1500 cruce
785 1463 896 1500 stude
1049 1464 1114 1502 15.
1163 1463 1263 1501 Crux
1296 1468 1350 1500 est
1382 1474 1478 1501 vena
1507 1463 1690 1512 paradisi,

337 1519 389 1556 Et
418 1520 456 1556 in
487 1521 608 1566 ipsam
640 1524 677 1556 te
710 1520 863 1557 reclude
1160 1521 1203 1557 In
1234 1531 1306 1566 qua
1337 1520 1455 1557 solum
1488 1524 1573 1556 sunt
1606 1518 1748 1567 confisi,

396 1577 538 1623 Magna
569 1587 651 1612 cum
683 1576 851 1626 laetitia3
1217 1576 1285 1621 Qui
1319 1577 1488 1613 vicerunt
1521 1577 1668 1621 omnia3

341 1632 493 1670 Christo
525 1633 576 1669 sis
608 1633 778 1670 confixus
810 1632 926 1679 cruci,
1160 1633 1261 1671 Crux
1294 1638 1349 1669 est
1377 1633 1508 1669 mundi
1537 1633 1738 1679 medicina,

339 1689 391 1727 Ut
419 1692 460 1726 tu
491 1690 618 1726 valeas
649 1689 809 1735 perduci
1160 1690 1235 1726 Per
1265 1700 1376 1735 quam
1409 1689 1556 1726 bonitas
1590 1689 1718 1726 divina

395 1745 528 1782 Secum
561 1746 610 1783 ad
643 1746 832 1782 caelestia.
1218 1745 1326 1782 Fecit
1358 1745 1560 1784 mirabilia.

255 1849 291 1885 9.
339 1848 486 1893 Quaere
501 1858 661 1895 crucem,
681 1858 820 1894 quaere
833 1847 972 1896 clavos,
1050 1847 1113 1886 16.
1161 1847 1262 1884 Crux
1294 1851 1350 1883 est
1382 1847 1483 1884 salus
1515 1847 1736 1896 animarum,

339 1904 484 1949 Quaere
516 1915 660 1949 manus,
698 1904 815 1950 pedes
848 1914 973 1949 cavos,
1159 1905 1299 1941 Verum
1332 1904 1455 1940 lumen
1486 1908 1522 1940 et
1543 1903 1794 1952 praeclarum,

397 1961 544 2006 Quaere
576 1959 715 1997 fossam
747 1961 901 2008 lateris3
1215 1960 1266 1997 Et
1299 1960 1460 1997 dulcedo
1492 1960 1684 2009 cordium3
1847 1955 1851 1957 “

340 2016 398 2053 Ibi
430 2017 583 2063 plaude,
616 2017 668 2053 ibi
699 2018 821 2063 gaude
1160 2016 1260 2053 Crux
1291 2021 1347 2053 est
1380 2017 1458 2053 vita
1488 2016 1685 2054 beatorum

339 2073 428 2112 Sine
462 2072 597 2110 fraude
628 2084 771 2110 summa
802 2073 926 2121 laude,
1157 2073 1207 2110 Et
1239 2073 1438 2110 thesaurus
1468 2071 1722 2119 perfectorum

395 2130 730 2176 Quantumcunque
761 2130 916 2176 poteris,
1216 2129 1267 2166 Et
1299 2130 1413 2166 decor
1444 2135 1479 2165 et
1514 2129 1704 2176 gaudium.

227 2232 290 2270 10.
339 2231 446 2268 Istud
470 2237 620 2277 pactum
639 2243 711 2268 non
729 2231 777 2268 sit
795 2229 970 2278 fractum,
1045 2232 1110 2270 17.
1156 2231 1258 2269 Crux
1297 2237 1353 2267 est
1393 2231 1587 2277 speculum
1627 2230 1790 2278 virtutis,
1849 2241 1853 2243 ’

338 2287 438 2324 Crux
452 2288 656 2334 praecedat
675 2291 972 2336 omnemactum‚
1158 2287 1357 2325 Gloriosae
1389 2287 1465 2324 dux
1498 2287 1644 2330 salutis,

395 2343 445 2382 Ut
476 2345 682 2381 succedant
713 2355 918 2392 prospera;
1213 2344 1309 2381 Tota
1340 2354 1427 2390 spes
1459 2342 1650 2394 fidelium3

339 2400 442 2438 Crux
477 2408 533 2439 est
566 2402 709 2447 optima
739 2401 900 2447 medela,
1160 2400 1262 2437 Crux
1294 2404 1348 2437 est
1383 2400 1497 2437 decus
1524 2400 1791 2437 salvandorum

338 2457 477 2494 Contra
514 2457 732 2494 zabulorum
765 2457 841 2494 tela
1159 2457 1206 2494 Et
1240 2457 1419 2493 solacium
1451 2467 1579 2493 eorum

396 2513 519 2550 Valde
552 2513 763 2552 salutifera.
1217 2514 1340 2560 Atque
1373 2513 1617 2551 desiderium.

2000 2564 2003 2587 Ι

226 2615 289 2653 11.
337 2614 396 2652 Sis
425 2615 463 2651 in
496 2625 607 2651 cruce
639 2614 781 2652 Christi
813 2619 926 2661 totuS,
1051 2614 1114 2652 18.
1163 2614 1264 2651 Crux
1279 2619 1333 2651 est
1348 2615 1465 2663 navis,
1480 2618 1791 2662 cruxestportus‚
2000 2602 2003 2622 “

336 2672 519 2717 Prompto
550 2671 674 2708 animo
707 2671 866 2708 devotus
1162 2670 1264 2708 Crux
1297 2671 1516 2708 deliciarum
1547 2671 1690 2715 hortus,

395 2727 517 2764 Iubilo
551 2728 789 2776 dulcedini83
1222 2728 1263 2764 In
1297 2737 1369 2773 quo
1401 2726 1535 2764 florent
1567 2727 1713 2772 omnia3

338 2783 495 2821 Servum
530 2784 598 2821 Dei
632 2795 723 2821 crux
758 2782 942 2830 defendit,
1161 2784 1262 2821 Crux
1294 2789 1351 2820 est
1382 2782 1491 2820 fortis
1522 2787 1714 2821 armatura

338 2840 637 2886 Comprehendit
668 2846 703 2877 et
735 2841 901 2878 ostendit
1159 2840 1209 2877 Et
1240 2840 1426 2886 protectio
1456 2850 1589 2877 secura

397 2897 502 2932 viam
537 2897 789 2935 rectitudinis.
1217 2896 1244 2933 C
1249 2901 1424 2933 enter-ens
1458 2895 1666 2934 daemonia.
