2031 3289
357 314 380 351 9

330 505 379 543 10

330 697 376 736 11

331 890 380 927 12

952 198 1258 239 —238—

393 323 426 349 a.
468 313 541 356 En,
572 313 722 358 ancilla,
1169 315 1192 350 9
1207 312 1229 349 b

471 370 584 406 Cuius
615 369 718 406 stilla

525 425 579 461 Te
610 425 764 462 lactavit
795 426 1006 472 parvulum⁷

393 516 426 544 a.
468 505 616 542 Memor
646 510 736 554 esto,

470 561 628 607 Quando
657 565 800 598 maesto

525 617 758 654 Blandiebar
787 617 924 654 osculis

393 708 426 733 a.
468 696 553 733 Hac
583 706 650 744 spe
688 696 800 733 dueta

468 753 550 789 Nec
579 753 734 790 seducta

526 809 580 846 Te
610 814 650 846 ut
679 814 807 846 natum
838 808 913 845 alui

393 899 426 928 a.
468 889 582 934 Ergo⁷
614 887 668 925 fili

470 945 610 982 Puerili

526 1002 646 1039 Deum
676 1005 806 1049 tegens
836 1001 1011 1049 tegmine,

1283 314 1355 350 Per
1386 313 1482 349 hane
1512 313 1600 350 audi

1281 369 1331 406 Et
1362 369 1499 406 exaudi

1340 426 1393 462 Te
1424 426 1607 462 colentem
1639 426 1829 473 populum.

1143 507 1191 544 10
1206 505 1242 544 b.
1282 506 1410 551 Teque
1439 504 1589 542 flentem

1284 562 1350 598 Vel
1384 562 1574 598 ludentem

1341 617 1561 654 Nutriebam
1594 618 1767 657 saeculis,

1144 697 1243 736 llb.
1280 696 1331 733 Et
1361 696 1517 741 orando,

1284 753 1507 790 Venerando

1338 809 1442 846 Sicut
1474 809 1593 846 Deum
1626 810 1735 849 colui.

1145 889 1194 926 12
1208 888 1244 928 b.
1283 889 1395 935 Quem
1429 887 1616 937 fovebam,

1283 945 1398 990 Quem
1429 946 1638 984 mulcebam

1340 1002 1538 1040 Latentem
1570 1003 1638 1040 sub
1670 1003 1832 1052 homine,

749 1083 814 1120 13.
846 1081 1041 1118 Exaudias
1073 1092 1141 1127 pro
1172 1081 1243 1118 hae
1273 1080 1430 1127 familia,

814 1170 817 1171 γ
847 1138 922 1176 Oro
953 1142 1074 1175 mater
1103 1138 1235 1175 matris
1266 1137 1417 1176 fiducia.

421 1217 563 1250 Colleet.
589 1227 650 1247 ms.
677 1216 961 1257 Aquieinetiense
987 1225 1076 1248 saec.
1104 1213 1156 1247 12.
1205 1215 1287 1247 Cod.
1314 1218 1464 1248 Duaeen.
1490 1214 1567 1248 381.
1592 1218 1656 1248 mit
1679 1217 1759 1248 Mel.
1777 1217 1818 1248 A.
1843 1233 1885 1239 —

329 1263 472 1296 Collect.
499 1272 560 1293 me.
588 1263 621 1293 S.
647 1263 791 1293 Martini
817 1271 838 1292 a
863 1262 1002 1303 Campis
1029 1272 1118 1293 saec.
1144 1259 1229 1292 ¹²(1‘3.
1255 1262 1302 1292 in.
1343 1262 1426 1293 Cod.
1450 1262 1599 1293 Parisin.
1628 1260 1667 1293 17
1679 1260 1754 1295 716.
1779 1262 1818 1294 Β.
1841 1279 1886 1284 -

327 1310 464 1341 Prosar.
491 1318 552 1338 nis.
581 1307 847 1338 Marchianense
873 1317 962 1338 saec.
990 1304 1040 1338 15.
1091 1307 1172 1339 Cod.
1200 1308 1352 1338 Duacen.
1381 1304 1454 1338 123.
1481 1309 1518 1339 U.
1543 1324 1586 1329 —
1614 1306 1681 1345 lb,
1716 1305 1737 1340 3
1761 1307 1887 1340 clamet
1928 1335 1931 1337 ,

330 1356 366 1386 C.
394 1373 432 1376 -
459 1352 523 1386 421.
549 1350 569 1384 3
595 1353 873 1394 supplicantibus
900 1353 936 1385 C.
962 1370 1005 1373 ——
1029 1350 1092 1390 41),
1122 1351 1137 1383 1
1164 1353 1214 1383 Ac
1235 1353 1272 1384 C.
1298 1371 1341 1375 —
1367 1351 1427 1389 73,
1453 1351 1474 1384 3
1499 1356 1533 1384 et
1557 1363 1654 1384 meus
1677 1351 1763 1385 fehlt
1779 1353 1817 1385 C.
1842 1370 1884 1374 —

328 1398 395 1437 Tb,
429 1397 449 1430 2
483 1398 569 1430 fehlt
594 1399 630 1430 C.
663 1415 706 1419 —-
737 1396 805 1435 Tb,
838 1396 859 1429 3
885 1398 1129 1439 Supplicantes
1155 1398 1199 1438 (ἐς
1238 1407 1300 1429 aus
1334 1396 1384 1429 ‘la
1416 1398 1485 1429 und
1516 1397 1566 1431 71)
1597 1400 1644 1429 ist
1675 1399 1739 1430 mit
1767 1398 1885 1430 diesen

330 1445 593 1486 Auslassungen
620 1444 696 1474 eine
722 1442 998 1475 Schlussklausel
1023 1443 1194 1484 gebildet3
1220 1443 1281 1474 das
1306 1445 1445 1475 weitere
1469 1443 1555 1475 fehlt
1579 1444 1616 1476 C.

730 1599 811 1636 254.
847 1601 905 1644 (5.)
939 1601 1070 1636 Prosa
1094 1601 1140 1635 de
1166 1602 1309 1636 saneta
1332 1600 1480 1635 Maria.

785 1707 818 1744 1.
853 1705 1036 1752 Gabrieli‚
1069 1706 1222 1754 caelesti
1253 1707 1395 1752 nuntio,

853 1764 1036 1809 Iungatur
1066 1763 1159 1799 haec
1191 1763 1326 1807 contio,

439 2728 554 2764 (allis
596 2733 720 2764 rectus
757 2738 830 2764 non
862 2732 1064 2775 errantum,

499 2785 629 2820 Redde
657 2788 787 2831 gratae
817 2794 862 2821 ac
893 2783 1025 2821 beatae

551 2841 629 2878 Nos
661 2841 819 2888 patriae.

7 1880 9 1889 ,
328 1846 399 1883 23.
441 1843 603 1881 Dicens:
637 1844 731 1888 Ave,
763 1843 900 1890 Maria,
1142 1841 1215 1882 2b.
1254 1842 1413 1888 Stupent
1446 1848 1546 1879 tuum
1578 1846 1724 1879 uterum

0 1930 9 1946 ,,
441 1899 554 1937 Cuius
585 1899 633 1936 ad
664 1899 824 1946 imperia
1256 1898 1478 1936 Profudisse
1509 1904 1691 1944 tenerum,

0 1951 9 2000 }';
441 1956 606 2003 Caelum,
639 1960 754 2004 terra,
787 1954 907 1992 maria
1255 1955 1375 1992 Deum
1405 1960 1543 2000 tamen,
1575 1966 1745 2002 puerum,

0 2011 9 2059 ’ᾗ
498 2013 605 2050 Genu
635 2012 802 2050 flectunt.
1311 2013 1438 2049 Mater
1469 2012 1586 2059 virgo.

4 2088 7 2129 ἱ
329 2094 396 2130 3a.
437 2092 527 2139 Quis
559 2096 595 2128 te
626 2102 782 2128 cernens
808 2091 906 2127 hune
927 2091 1070 2127 lactare
1143 2090 1216 2129 ab.
1254 2092 1371 2136 Quam
1402 2091 1627 2138 praedulces
1657 2091 1746 2128 illae
1767 2102 1881 2136 mam-

4 2140 7 2196 Ι
440 2149 570 2186 Fletus
601 2154 729 2195 posset
759 2153 971 2194 temperare
1615 2158 1708 2190 mae,

3 2197 7 2263 J
495 2206 603 2242 Dono
633 2209 755 2242 tactus
787 2204 923 2250 pueri?
1252 2206 1414 2250 Quarum
1446 2204 1558 2241 stillis
1582 2204 1686 2241 dirae
1707 2203 1877 2242 flammae

2 2278 6 2338 i
1308 2261 1580 2308 Restinguntur
1609 2260 1742 2298 inferi!

2 2356 5 2394 ς
327 2344 397 2380 4a.
441 2341 633 2379 Mirantur
664 2342 830 2390 aethera,
1145 2341 1216 2379 lb.
1256 2339 1416 2377 Infantis
1447 2341 1625 2378 lacrimae

440 2399 558 2436 Panni
590 2403 738 2445 tergunt
771 2398 929 2442 scelera,
1256 2397 1395 2434 Sordes
1424 2397 1550 2434 lavant
1582 2398 1763 2435 animae.-

327 2482 398 2518 52.
440 2479 469 2516 O
502 2489 608 2525 puer,
641 2490 661 2515 O
693 2478 847 2528 lactens,
1143 2477 1217 2515 51).
1257 2477 1326 2524 Qui
1354 2487 1394 2514 es
1425 2477 1501 2524 lux,
1533 2477 1596 2524 qui
1627 2487 1666 2514 es
1696 2477 1784 2524 dux,

497 2535 526 2573 Ο
558 2535 610 2572 fili
643 2535 812 2581 virginis,
1311 2534 1380 2579 Qui
1412 2543 1451 2570 es
1482 2545 1556 2580 pax
1588 2533 1762 2580 hominis,

555 2589 622 2628 Dei
655 2591 775 2638 patris
806 2591 927 2638 unice,
1369 2590 1636 2637 Supplicantes
1668 2591 1825 2638 respice.

327 2673 396 2710 63..
440 2671 590 2709 Clarum
623 2671 728 2707 sidus
759 2670 1013 2717 navigantum,
1140 2670 1211 2709 Ob.
1251 2671 1291 2707 In
1325 2681 1396 2716 qua
1429 2680 1553 2716 regem
1586 2670 1623 2706 in
1656 2669 1792 2706 decore

1252 2726 1299 2763 Et
1333 2731 1370 2762 te
1401 2731 1556 2763 matrem
1589 2726 1627 2762 in
1659 2726 1861 2772 splendore

1310 2783 1568 2830 Sempiternae
1587 2783 1891 2831 contemplemur*

1365 2840 1518 2877 Gloriae

781 2921 815 2959 7.
850 2920 922 2957 Per
953 2924 1105 2957 aeterna
1135 2919 1296 2959 saecula.
