<?xml version="1.0" encoding="UTF-8"?>
<!DOCTYPE html PUBLIC "-//W3C//DTD XHTML 1.0 Transitional//EN"
    "http://www.w3.org/TR/xhtml1/DTD/xhtml1-transitional.dtd">
<html xmlns="http://www.w3.org/1999/xhtml" xml:lang="en" lang="en">
 <head>
  <title>
</title>
<meta http-equiv="Content-Type" content="text/html;charset=utf-8" />
  <meta name='ocr-system' content='tesseract 3.04.00' />
  <meta name='ocr-capabilities' content='ocr_page ocr_carea ocr_par ocr_line ocrx_word'/>
</head>
<body>
  <div class='ocr_page' id='page_1' title='image "./hymnographilatin01drevuoft_0720.png"; bbox 0 0 2031 3289; ppageno 0'>
   <div class='ocr_carea' id='block_1_1' title="bbox 917 165 1224 206">
    <p class='ocr_par' dir='ltr' id='par_1_1' title="bbox 917 165 1224 206">
     <span class='ocr_line' id='line_1_1' title="bbox 917 165 1224 206; baseline 0 0"><span class='ocrx_word' id='word_1_1' title='bbox 917 165 1224 206; x_wconf 79' lang='lat'>—164—</span> 
     </span>
    </p>
   </div>
   <div class='ocr_carea' id='block_1_2' title="bbox 761 342 1381 387">
    <p class='ocr_par' dir='ltr' id='par_1_2' title="bbox 761 342 1381 387">
     <span class='ocr_line' id='line_1_2' title="bbox 761 342 1381 387; baseline 0.005 -11"><span class='ocrx_word' id='word_1_2' title='bbox 761 342 842 379; x_wconf 85' lang='grc'><strong>119.</strong></span> <span class='ocrx_word' id='word_1_3' title='bbox 877 342 934 385; x_wconf 89' lang='lat'><strong>(3.)</strong></span> <span class='ocrx_word' id='word_1_4' title='bbox 968 343 1014 377; x_wconf 87' lang='lat' dir='ltr'>In</span> <span class='ocrx_word' id='word_1_5' title='bbox 1039 343 1220 379; x_wconf 77' lang='lat' dir='ltr'><strong>Adventu</strong></span> <span class='ocrx_word' id='word_1_6' title='bbox 1243 343 1381 387; x_wconf 84' lang='lat' dir='ltr'>Regis.</span> 
     </span>
    </p>
   </div>
   <div class='ocr_carea' id='block_1_3' title="bbox 620 447 1465 499">
    <p class='ocr_par' dir='ltr' id='par_1_3' title="bbox 620 447 1465 499">
     <span class='ocr_line' id='line_1_3' title="bbox 620 447 1465 499; baseline 0.001 -15"><span class='ocrx_word' id='word_1_7' title='bbox 620 479 628 488; x_wconf 87' lang='lat'><em>.</em></span> <span class='ocrx_word' id='word_1_8' title='bbox 674 447 747 493; x_wconf 92' lang='lat' dir='ltr'>En,</span> <span class='ocrx_word' id='word_1_9' title='bbox 778 447 889 484; x_wconf 84' lang='lat' dir='ltr'>adest</span> <span class='ocrx_word' id='word_1_10' title='bbox 918 447 1058 485; x_wconf 85' lang='lat' dir='ltr'>Caesar</span> <span class='ocrx_word' id='word_1_11' title='bbox 1087 448 1172 494; x_wconf 86' lang='lat' dir='ltr'>pius</span> <span class='ocrx_word' id='word_1_12' title='bbox 1203 452 1241 485; x_wconf 88' lang='lat' dir='ltr'>et</span> <span class='ocrx_word' id='word_1_13' title='bbox 1269 448 1465 499; x_wconf 85' lang='lat' dir='ltr'>benignus,</span> 
     </span>
    </p>
   </div>
   <div class='ocr_carea' id='block_1_4' title="bbox 674 503 1446 655">
    <p class='ocr_par' dir='ltr' id='par_1_4' title="bbox 674 503 1446 655">
     <span class='ocr_line' id='line_1_4' title="bbox 675 503 1347 550; baseline -0.001 -8"><span class='ocrx_word' id='word_1_14' title='bbox 675 503 776 542; x_wconf 83' lang='lat' dir='ltr'>Orbe</span> <span class='ocrx_word' id='word_1_15' title='bbox 806 505 869 550; x_wconf 88' lang='lat' dir='ltr'>qui</span> <span class='ocrx_word' id='word_1_16' title='bbox 899 508 977 541; x_wconf 89' lang='lat' dir='ltr'>toto</span> <span class='ocrx_word' id='word_1_17' title='bbox 1008 504 1140 541; x_wconf 83' lang='lat' dir='ltr'>rutilat</span> <span class='ocrx_word' id='word_1_18' title='bbox 1169 515 1347 542; x_wconf 86' lang='lat' dir='ltr'>coruscus</span> 
     </span>
     <span class='ocr_line' id='line_1_5' title="bbox 674 560 1446 608; baseline 0.001 -11"><span class='ocrx_word' id='word_1_19' title='bbox 674 560 801 607; x_wconf 84' lang='lat' dir='ltr'><strong>Atque</strong></span> <span class='ocrx_word' id='word_1_20' title='bbox 830 571 922 606; x_wconf 87' lang='lat' dir='ltr'>prae</span> <span class='ocrx_word' id='word_1_21' title='bbox 954 561 1097 597; x_wconf 86' lang='lat' dir='ltr'>eunctis</span> <span class='ocrx_word' id='word_1_22' title='bbox 1127 560 1296 598; x_wconf 84' lang='lat' dir='ltr'>bonitate</span> <span class='ocrx_word' id='word_1_23' title='bbox 1326 562 1446 608; x_wconf 89' lang='lat' dir='ltr'>pollet</span> 
     </span>
     <span class='ocr_line' id='line_1_6' title="bbox 809 616 1152 655; baseline 0 -2"><span class='ocrx_word' id='word_1_24' title='bbox 809 616 969 653; x_wconf 90' lang='lat' dir='ltr'>Munere</span> <span class='ocrx_word' id='word_1_25' title='bbox 999 617 1152 655; x_wconf 86' lang='lat' dir='ltr'>Christi.</span> 
     </span>
    </p>
   </div>
   <div class='ocr_carea' id='block_1_5' title="bbox 620 729 1539 945">
    <p class='ocr_par' dir='ltr' id='par_1_5' title="bbox 620 729 1507 778">
     <span class='ocr_line' id='line_1_7' title="bbox 620 729 1507 778; baseline 0.001 -11"><span class='ocrx_word' id='word_1_26' title='bbox 620 761 628 770; x_wconf 91' lang='lat'>.</span> <span class='ocrx_word' id='word_1_27' title='bbox 676 730 858 777; x_wconf 85' lang='lat' dir='ltr'>Cernuus,</span> <span class='ocrx_word' id='word_1_28' title='bbox 892 729 1074 776; x_wconf 87' lang='lat' dir='ltr'>prudens,</span> <span class='ocrx_word' id='word_1_29' title='bbox 1106 729 1270 776; x_wconf 86' lang='lat' dir='ltr'>sapiens,</span> <span class='ocrx_word' id='word_1_30' title='bbox 1302 729 1507 778; x_wconf 88' lang='lat' dir='ltr'>modestus,</span> 
     </span>
    </p>

    <p class='ocr_par' dir='ltr' id='par_1_6' title="bbox 672 785 1440 834">
     <span class='ocr_line' id='line_1_8' title="bbox 672 785 1440 834; baseline 0 -11"><span class='ocrx_word' id='word_1_31' title='bbox 672 786 781 824; x_wconf 89' lang='lat' dir='ltr'>Mitis</span> <span class='ocrx_word' id='word_1_32' title='bbox 813 789 851 822; x_wconf 87' lang='lat' dir='ltr'>et</span> <span class='ocrx_word' id='word_1_33' title='bbox 881 785 1057 834; x_wconf 80' lang='lat' dir='ltr'>clemens,</span> <span class='ocrx_word' id='word_1_34' title='bbox 1090 786 1309 823; x_wconf 85' lang='lat' dir='ltr'>moderatus</span> <span class='ocrx_word' id='word_1_35' title='bbox 1340 790 1440 834; x_wconf 86' lang='lat' dir='ltr'>actu,</span> 
     </span>
    </p>

    <p class='ocr_par' dir='ltr' id='par_1_7' title="bbox 674 841 1539 945">
     <span class='ocr_line' id='line_1_9' title="bbox 674 841 1539 890; baseline 0.001 -11"><span class='ocrx_word' id='word_1_36' title='bbox 674 843 921 889; x_wconf 82' lang='lat' dir='ltr'>Temperans,</span> <span class='ocrx_word' id='word_1_37' title='bbox 952 841 1075 889; x_wconf 87' lang='lat' dir='ltr'>fortis,</span> <span class='ocrx_word' id='word_1_38' title='bbox 1108 842 1249 888; x_wconf 88' lang='lat' dir='ltr'>probus</span> <span class='ocrx_word' id='word_1_39' title='bbox 1280 846 1318 879; x_wconf 88' lang='lat' dir='ltr'>et</span> <span class='ocrx_word' id='word_1_40' title='bbox 1347 843 1539 890; x_wconf 83' lang='lat' dir='ltr'>honestus,</span> 
     </span>
     <span class='ocr_line' id='line_1_10' title="bbox 810 899 1204 945; baseline 0.003 -10"><span class='ocrx_word' id='word_1_41' title='bbox 810 899 954 936; x_wconf 85' lang='lat' dir='ltr'>Censor</span> <span class='ocrx_word' id='word_1_42' title='bbox 984 902 1021 935; x_wconf 91' lang='lat' dir='ltr'>et</span> <span class='ocrx_word' id='word_1_43' title='bbox 1051 909 1204 945; x_wconf 80' lang='lat' dir='ltr'>aequus,</span> 
     </span>
    </p>
   </div>
   <div class='ocr_carea' id='block_1_6' title="bbox 618 1011 1470 1059">
    <p class='ocr_par' dir='ltr' id='par_1_8' title="bbox 618 1011 1470 1059">
     <span class='ocr_line' id='line_1_11' title="bbox 618 1011 1470 1059; baseline -0.001 -11"><span class='ocrx_word' id='word_1_44' title='bbox 618 1043 626 1052; x_wconf 84' lang='lat'><strong><em>.</em></strong></span> <span class='ocrx_word' id='word_1_45' title='bbox 675 1012 749 1049; x_wconf 87' lang='lat' dir='ltr'>Hic</span> <span class='ocrx_word' id='word_1_46' title='bbox 780 1011 894 1048; x_wconf 83' lang='lat' dir='ltr'>decus</span> <span class='ocrx_word' id='word_1_47' title='bbox 926 1011 1044 1048; x_wconf 82' lang='lat' dir='ltr'>Iudae</span> <span class='ocrx_word' id='word_1_48' title='bbox 1074 1011 1255 1048; x_wconf 81' lang='lat' dir='ltr'>ecclesiae</span> <span class='ocrx_word' id='word_1_49' title='bbox 1286 1015 1470 1059; x_wconf 84' lang='lat' dir='ltr'>paterque</span> 
     </span>
    </p>
   </div>
   <div class='ocr_carea' id='block_1_7' title="bbox 673 1066 1481 1228">
    <p class='ocr_par' dir='ltr' id='par_1_9' title="bbox 673 1066 1481 1228">
     <span class='ocr_line' id='line_1_12' title="bbox 673 1066 1481 1115; baseline -0.001 -10"><span class='ocrx_word' id='word_1_50' title='bbox 673 1068 793 1106; x_wconf 80' lang='lat' dir='ltr'>Ornat</span> <span class='ocrx_word' id='word_1_51' title='bbox 822 1068 920 1104; x_wconf 81' lang='lat' dir='ltr'>hanc</span> <span class='ocrx_word' id='word_1_52' title='bbox 949 1068 1083 1104; x_wconf 87' lang='lat' dir='ltr'>sollers</span> <span class='ocrx_word' id='word_1_53' title='bbox 1115 1071 1263 1104; x_wconf 85' lang='lat' dir='ltr'>recreat</span> <span class='ocrx_word' id='word_1_54' title='bbox 1293 1066 1481 1115; x_wconf 88' lang='lat' dir='ltr'>fovetque,</span> 
     </span>
     <span class='ocr_line' id='line_1_13' title="bbox 673 1124 1371 1173; baseline -0.001 -11"><span class='ocrx_word' id='word_1_55' title='bbox 673 1124 825 1169; x_wconf 88' lang='lat' dir='ltr'>Erudit,</span> <span class='ocrx_word' id='word_1_56' title='bbox 859 1124 988 1173; x_wconf 84' lang='lat' dir='ltr'>munit,</span> <span class='ocrx_word' id='word_1_57' title='bbox 1024 1124 1115 1161; x_wconf 89' lang='lat' dir='ltr'>colit</span> <span class='ocrx_word' id='word_1_58' title='bbox 1142 1124 1371 1171; x_wconf 88' lang='lat' dir='ltr'>instruitque</span> 
     </span>
     <span class='ocr_line' id='line_1_14' title="bbox 808 1179 1143 1228; baseline -0.003 -9"><span class='ocrx_word' id='word_1_59' title='bbox 808 1179 996 1228; x_wconf 85' lang='lat' dir='ltr'>Dogmate</span> <span class='ocrx_word' id='word_1_60' title='bbox 1025 1181 1143 1227; x_wconf 88' lang='lat' dir='ltr'>largo.</span> 
     </span>
    </p>
   </div>
   <div class='ocr_carea' id='block_1_8' title="bbox 619 1292 1437 1339">
    <p class='ocr_par' dir='ltr' id='par_1_10' title="bbox 619 1292 1437 1339">
     <span class='ocr_line' id='line_1_15' title="bbox 619 1292 1437 1339; baseline -0.002 -7"><span class='ocrx_word' id='word_1_61' title='bbox 619 1326 626 1333; x_wconf 91' lang='lat'><strong><em>.</em></strong></span> <span class='ocrx_word' id='word_1_62' title='bbox 674 1293 749 1330; x_wconf 86' lang='lat' dir='ltr'>Hic</span> <span class='ocrx_word' id='word_1_63' title='bbox 779 1298 912 1339; x_wconf 85' lang='lat' dir='ltr'>potens</span> <span class='ocrx_word' id='word_1_64' title='bbox 943 1294 1059 1330; x_wconf 87' lang='lat' dir='ltr'>armis</span> <span class='ocrx_word' id='word_1_65' title='bbox 1090 1293 1252 1331; x_wconf 92' lang='lat' dir='ltr'>Domino</span> <span class='ocrx_word' id='word_1_66' title='bbox 1284 1292 1437 1331; x_wconf 83' lang='lat' dir='ltr'>favente</span> 
     </span>
    </p>
   </div>
   <div class='ocr_carea' id='block_1_9' title="bbox 672 1349 1521 1509">
    <p class='ocr_par' dir='ltr' id='par_1_11' title="bbox 672 1349 1521 1509">
     <span class='ocr_line' id='line_1_16' title="bbox 675 1349 1416 1399; baseline 0.001 -13"><span class='ocrx_word' id='word_1_67' title='bbox 675 1349 828 1386; x_wconf 90' lang='lat' dir='ltr'>Viribus</span> <span class='ocrx_word' id='word_1_68' title='bbox 858 1354 988 1396; x_wconf 81' lang='lat' dir='ltr'>gentes</span> <span class='ocrx_word' id='word_1_69' title='bbox 1019 1350 1194 1396; x_wconf 88' lang='lat' dir='ltr'>reprimit</span> <span class='ocrx_word' id='word_1_70' title='bbox 1221 1350 1416 1399; x_wconf 84' lang='lat' dir='ltr'>superbas,</span> 
     </span>
     <span class='ocr_line' id='line_1_17' title="bbox 672 1406 1521 1454; baseline 0 -10"><span class='ocrx_word' id='word_1_71' title='bbox 672 1407 818 1444; x_wconf 85' lang='lat' dir='ltr'>Harum</span> <span class='ocrx_word' id='word_1_72' title='bbox 849 1411 886 1442; x_wconf 88' lang='lat' dir='ltr'>et</span> <span class='ocrx_word' id='word_1_73' title='bbox 916 1406 977 1442; x_wconf 86' lang='lat' dir='ltr'>hic</span> <span class='ocrx_word' id='word_1_74' title='bbox 1007 1406 1130 1443; x_wconf 85' lang='lat' dir='ltr'>vietor</span> <span class='ocrx_word' id='word_1_75' title='bbox 1159 1406 1368 1454; x_wconf 85' lang='lat' dir='ltr'>subigendo</span> <span class='ocrx_word' id='word_1_76' title='bbox 1400 1406 1521 1444; x_wconf 83' lang='lat' dir='ltr'>calcat</span> 
     </span>
     <span class='ocr_line' id='line_1_18' title="bbox 809 1462 1194 1509; baseline 0.003 -9"><span class='ocrx_word' id='word_1_77' title='bbox 809 1462 916 1500; x_wconf 88' lang='lat' dir='ltr'>Colla</span> <span class='ocrx_word' id='word_1_78' title='bbox 944 1463 1194 1509; x_wconf 84' lang='lat' dir='ltr'>triumphans.</span> 
     </span>
    </p>
   </div>
   <div class='ocr_carea' id='block_1_10' title="bbox 616 1575 1423 1615">
    <p class='ocr_par' dir='ltr' id='par_1_12' title="bbox 616 1575 1423 1615">
     <span class='ocr_line' id='line_1_19' title="bbox 616 1575 1423 1615; baseline -0.002 -1"><span class='ocrx_word' id='word_1_79' title='bbox 616 1606 625 1615; x_wconf 93' lang='lat'><strong><em>.</em></strong></span> <span class='ocrx_word' id='word_1_80' title='bbox 673 1576 788 1613; x_wconf 89' lang='lat' dir='ltr'>Cuius</span> <span class='ocrx_word' id='word_1_81' title='bbox 822 1575 1006 1612; x_wconf 82' lang='lat' dir='ltr'>adventus</span> <span class='ocrx_word' id='word_1_82' title='bbox 1037 1576 1240 1612; x_wconf 87' lang='lat' dir='ltr'>miserante</span> <span class='ocrx_word' id='word_1_83' title='bbox 1272 1575 1423 1613; x_wconf 88' lang='lat' dir='ltr'>Christo</span> 
     </span>
    </p>
   </div>
   <div class='ocr_carea' id='block_1_11' title="bbox 669 1630 1406 1784">
    <p class='ocr_par' dir='ltr' id='par_1_13' title="bbox 669 1630 1406 1784">
     <span class='ocr_line' id='line_1_20' title="bbox 669 1630 1406 1681; baseline -0.001 -12"><span class='ocrx_word' id='word_1_84' title='bbox 669 1632 722 1669; x_wconf 82' lang='lat' dir='ltr'>Et.</span> <span class='ocrx_word' id='word_1_85' title='bbox 752 1633 875 1669; x_wconf 86' lang='lat' dir='ltr'>nitens</span> <span class='ocrx_word' id='word_1_86' title='bbox 907 1632 1064 1668; x_wconf 87' lang='lat' dir='ltr'>multum</span> <span class='ocrx_word' id='word_1_87' title='bbox 1095 1630 1212 1668; x_wconf 83' lang='lat' dir='ltr'>facies</span> <span class='ocrx_word' id='word_1_88' title='bbox 1243 1637 1406 1681; x_wconf 77' lang='lat' dir='ltr'>serenat,</span> 
     </span>
     <span class='ocr_line' id='line_1_21' title="bbox 671 1688 1343 1735; baseline -0.001 -9"><span class='ocrx_word' id='word_1_89' title='bbox 671 1688 814 1726; x_wconf 88' lang='lat' dir='ltr'>Civitas</span> <span class='ocrx_word' id='word_1_90' title='bbox 845 1693 962 1725; x_wconf 88' lang='lat' dir='ltr'>temet</span> <span class='ocrx_word' id='word_1_91' title='bbox 992 1689 1178 1735; x_wconf 86' lang='lat' dir='ltr'>populosa</span> <span class='ocrx_word' id='word_1_92' title='bbox 1207 1699 1343 1735; x_wconf 88' lang='lat' dir='ltr'>nempe</span> 
     </span>
     <span class='ocr_line' id='line_1_22' title="bbox 804 1745 1034 1784; baseline 0.009 -2"><span class='ocrx_word' id='word_1_93' title='bbox 804 1745 1034 1784; x_wconf 78' lang='lat' dir='ltr'>Aurelianis,</span> 
     </span>
    </p>
   </div>
   <div class='ocr_carea' id='block_1_12' title="bbox 614 1857 1409 1905">
    <p class='ocr_par' dir='ltr' id='par_1_14' title="bbox 614 1857 1409 1905">
     <span class='ocr_line' id='line_1_23' title="bbox 614 1857 1409 1905; baseline -0.004 -8"><span class='ocrx_word' id='word_1_94' title='bbox 614 1888 623 1898; x_wconf 91' lang='lat'><strong>.</strong></span> <span class='ocrx_word' id='word_1_95' title='bbox 671 1858 772 1895; x_wconf 86' lang='lat' dir='ltr'>Hine</span> <span class='ocrx_word' id='word_1_96' title='bbox 801 1858 884 1895; x_wconf 88' lang='lat' dir='ltr'>Deo</span> <span class='ocrx_word' id='word_1_97' title='bbox 914 1857 1046 1894; x_wconf 88' lang='lat' dir='ltr'>laudes</span> <span class='ocrx_word' id='word_1_98' title='bbox 1078 1857 1179 1904; x_wconf 82' lang='lat' dir='ltr'>agita</span> <span class='ocrx_word' id='word_1_99' title='bbox 1209 1868 1409 1905; x_wconf 87' lang='lat' dir='ltr'>perennes,</span> 
     </span>
    </p>
   </div>
   <div class='ocr_carea' id='block_1_13' title="bbox 668 1914 1448 2074">
    <p class='ocr_par' dir='ltr' id='par_1_15' title="bbox 668 1914 1448 2074">
     <span class='ocr_line' id='line_1_24' title="bbox 670 1914 1408 1962; baseline -0.003 -10"><span class='ocrx_word' id='word_1_100' title='bbox 670 1915 783 1953; x_wconf 91' lang='lat' dir='ltr'>Cuius</span> <span class='ocrx_word' id='word_1_101' title='bbox 814 1915 876 1951; x_wconf 85' lang='lat' dir='ltr'>hie</span> <span class='ocrx_word' id='word_1_102' title='bbox 905 1919 998 1951; x_wconf 85' lang='lat' dir='ltr'>nutu</span> <span class='ocrx_word' id='word_1_103' title='bbox 1029 1914 1249 1960; x_wconf 86' lang='lat' dir='ltr'>properavit</span> <span class='ocrx_word' id='word_1_104' title='bbox 1281 1914 1331 1951; x_wconf 88' lang='lat' dir='ltr'>ad</span> <span class='ocrx_word' id='word_1_105' title='bbox 1359 1918 1408 1962; x_wconf 88' lang='lat' dir='ltr'>te,</span> 
     </span>
     <span class='ocr_line' id='line_1_25' title="bbox 668 1970 1448 2008; baseline -0.001 0"><span class='ocrx_word' id='word_1_106' title='bbox 668 1971 791 2008; x_wconf 90' lang='lat' dir='ltr'>Huius</span> <span class='ocrx_word' id='word_1_107' title='bbox 823 1976 860 2007; x_wconf 87' lang='lat' dir='ltr'>et</span> <span class='ocrx_word' id='word_1_108' title='bbox 889 1971 1033 2008; x_wconf 85' lang='lat' dir='ltr'>vultum</span> <span class='ocrx_word' id='word_1_109' title='bbox 1063 1970 1212 2007; x_wconf 86' lang='lat' dir='ltr'>tibimet</span> <span class='ocrx_word' id='word_1_110' title='bbox 1242 1970 1448 2007; x_wconf 79' lang='lat' dir='ltr'>videndum</span> 
     </span>
     <span class='ocr_line' id='line_1_26' title="bbox 805 2027 1130 2074; baseline 0 -9"><span class='ocrx_word' id='word_1_111' title='bbox 805 2027 999 2074; x_wconf 86' lang='lat' dir='ltr'>Praebuit,</span> <span class='ocrx_word' id='word_1_112' title='bbox 1032 2037 1130 2065; x_wconf 85' lang='lat' dir='ltr'>ecee.</span> 
     </span>
    </p>
   </div>
   <div class='ocr_carea' id='block_1_14' title="bbox 612 2130 1559 2357">
    <p class='ocr_par' dir='ltr' id='par_1_16' title="bbox 612 2130 1559 2191">
     <span class='ocr_line' id='line_1_27' title="bbox 612 2130 1559 2191; baseline -0.002 -11"><span class='ocrx_word' id='word_1_113' title='bbox 612 2169 623 2180; x_wconf 86' lang='lat'><strong>.</strong></span> <span class='ocrx_word' id='word_1_114' title='bbox 667 2141 748 2178; x_wconf 89' lang='lat' dir='ltr'>Has</span> <span class='ocrx_word' id='word_1_115' title='bbox 780 2144 891 2178; x_wconf 81' lang='lat' dir='ltr'>canat</span> <span class='ocrx_word' id='word_1_116' title='bbox 922 2140 1045 2177; x_wconf 84' lang='lat' dir='ltr'>clerus</span> <span class='ocrx_word' id='word_1_117' title='bbox 1079 2139 1190 2176; x_wconf 90' lang='lat' dir='ltr'>simul</span> <span class='ocrx_word' id='word_1_118' title='bbox 1220 2139 1339 2176; x_wconf 91' lang='lat' dir='ltr'>omnis</span> <span class='ocrx_word' id='word_1_119' title='bbox 1371 2144 1409 2176; x_wconf 86' lang='lat' dir='ltr'>et</span> <span class='ocrx_word' id='word_1_120' title='bbox 1436 2130 1559 2191; x_wconf 79' lang='lat' dir='ltr'>plebs,</span> 
     </span>
    </p>

    <p class='ocr_par' dir='ltr' id='par_1_17' title="bbox 671 2198 1517 2244">
     <span class='ocr_line' id='line_1_28' title="bbox 671 2198 1517 2244; baseline 0 -10"><span class='ocrx_word' id='word_1_121' title='bbox 671 2198 750 2235; x_wconf 89' lang='lat' dir='ltr'>Has</span> <span class='ocrx_word' id='word_1_122' title='bbox 781 2208 897 2234; x_wconf 86' lang='lat' dir='ltr'>senex</span> <span class='ocrx_word' id='word_1_123' title='bbox 927 2201 1068 2244; x_wconf 84' lang='lat' dir='ltr'>pangat</span> <span class='ocrx_word' id='word_1_124' title='bbox 1098 2207 1194 2244; x_wconf 91' lang='lat' dir='ltr'>puer</span> <span class='ocrx_word' id='word_1_125' title='bbox 1221 2201 1334 2242; x_wconf 85' lang='lat' dir='ltr'>atque</span> <span class='ocrx_word' id='word_1_126' title='bbox 1365 2207 1517 2244; x_wconf 88' lang='lat' dir='ltr'>parvus,</span> 
     </span>
    </p>

    <p class='ocr_par' dir='ltr' id='par_1_18' title="bbox 671 2252 1405 2357">
     <span class='ocr_line' id='line_1_29' title="bbox 671 2252 1405 2301; baseline -0.001 -10"><span class='ocrx_word' id='word_1_127' title='bbox 671 2254 821 2301; x_wconf 88' lang='lat' dir='ltr'>Pauper</span> <span class='ocrx_word' id='word_1_128' title='bbox 851 2258 888 2290; x_wconf 87' lang='lat' dir='ltr'>et</span> <span class='ocrx_word' id='word_1_129' title='bbox 921 2254 1026 2290; x_wconf 90' lang='lat' dir='ltr'>dives</span> <span class='ocrx_word' id='word_1_130' title='bbox 1061 2252 1218 2290; x_wconf 87' lang='lat' dir='ltr'>reboent</span> <span class='ocrx_word' id='word_1_131' title='bbox 1248 2256 1405 2290; x_wconf 86' lang='lat' dir='ltr'>ovantes</span> 
     </span>
     <span class='ocr_line' id='line_1_30' title="bbox 807 2311 1102 2357; baseline -0.007 -9"><span class='ocrx_word' id='word_1_132' title='bbox 807 2311 965 2348; x_wconf 83' lang='lat' dir='ltr'>Pectore</span> <span class='ocrx_word' id='word_1_133' title='bbox 996 2320 1102 2357; x_wconf 89' lang='lat' dir='ltr'>puro.</span> 
     </span>
    </p>
   </div>
   <div class='ocr_carea' id='block_1_15' title="bbox 613 2420 1420 2468">
    <p class='ocr_par' dir='ltr' id='par_1_19' title="bbox 613 2420 1420 2468">
     <span class='ocr_line' id='line_1_31' title="bbox 613 2420 1420 2468; baseline -0.004 -7"><span class='ocrx_word' id='word_1_134' title='bbox 613 2452 622 2461; x_wconf 95' lang='lat'><strong>.</strong></span> <span class='ocrx_word' id='word_1_135' title='bbox 669 2422 752 2460; x_wconf 89' lang='lat' dir='ltr'>Hoc</span> <span class='ocrx_word' id='word_1_136' title='bbox 783 2423 918 2459; x_wconf 87' lang='lat' dir='ltr'>chorus</span> <span class='ocrx_word' id='word_1_137' title='bbox 950 2422 1042 2459; x_wconf 88' lang='lat' dir='ltr'>cleri</span> <span class='ocrx_word' id='word_1_138' title='bbox 1072 2421 1277 2468; x_wconf 88' lang='lat' dir='ltr'>populique</span> <span class='ocrx_word' id='word_1_139' title='bbox 1307 2420 1420 2458; x_wconf 84' lang='lat' dir='ltr'>turba</span> 
     </span>
    </p>
   </div>
   <div class='ocr_carea' id='block_1_16' title="bbox 667 2478 1506 2638">
    <p class='ocr_par' dir='ltr' id='par_1_20' title="bbox 667 2478 1506 2638">
     <span class='ocr_line' id='line_1_32' title="bbox 669 2478 1506 2528; baseline -0.002 -12"><span class='ocrx_word' id='word_1_140' title='bbox 669 2478 900 2526; x_wconf 82' lang='lat' dir='ltr'>Sapphicum</span> <span class='ocrx_word' id='word_1_141' title='bbox 932 2489 1082 2515; x_wconf 84' lang='lat' dir='ltr'>carmen</span> <span class='ocrx_word' id='word_1_142' title='bbox 1114 2478 1284 2515; x_wconf 83' lang='lat' dir='ltr'>recinens</span> <span class='ocrx_word' id='word_1_143' title='bbox 1317 2483 1506 2528; x_wconf 87' lang='lat' dir='ltr'>precetur,</span> 
     </span>
     <span class='ocr_line' id='line_1_33' title="bbox 667 2534 1464 2583; baseline -0.004 -10"><span class='ocrx_word' id='word_1_144' title='bbox 667 2535 745 2573; x_wconf 90' lang='lat' dir='ltr'>Des</span> <span class='ocrx_word' id='word_1_145' title='bbox 776 2535 989 2573; x_wconf 87' lang='lat' dir='ltr'>Hludovico</span> <span class='ocrx_word' id='word_1_146' title='bbox 1019 2539 1072 2583; x_wconf 87' lang='lat' dir='ltr'>ut,</span> <span class='ocrx_word' id='word_1_147' title='bbox 1105 2535 1220 2582; x_wconf 91' lang='lat' dir='ltr'>Deus,</span> <span class='ocrx_word' id='word_1_148' title='bbox 1250 2534 1464 2582; x_wconf 84' lang='lat' dir='ltr'>imperandi</span> 
     </span>
     <span class='ocr_line' id='line_1_34' title="bbox 782 2592 1122 2638; baseline 0.003 -8"><span class='ocrx_word' id='word_1_149' title='bbox 782 2593 969 2638; x_wconf 86' lang='lat' dir='ltr'>Tempora</span> <span class='ocrx_word' id='word_1_150' title='bbox 999 2592 1122 2638; x_wconf 83' lang='lat' dir='ltr'>longa.</span> 
     </span>
    </p>
   </div>
   <div class='ocr_carea' id='block_1_17' title="bbox 613 2702 1550 2921">
    <p class='ocr_par' dir='ltr' id='par_1_21' title="bbox 613 2702 1550 2855">
     <span class='ocr_line' id='line_1_35' title="bbox 613 2702 1550 2753; baseline -0.003 -10"><span class='ocrx_word' id='word_1_151' title='bbox 613 2734 622 2744; x_wconf 93' lang='lat'><strong>.</strong></span> <span class='ocrx_word' id='word_1_152' title='bbox 669 2705 898 2752; x_wconf 90' lang='lat' dir='ltr'>Prosperum</span> <span class='ocrx_word' id='word_1_153' title='bbox 930 2704 1093 2741; x_wconf 85' lang='lat' dir='ltr'>clemens</span> <span class='ocrx_word' id='word_1_154' title='bbox 1125 2702 1223 2741; x_wconf 85' lang='lat' dir='ltr'>ferat</span> <span class='ocrx_word' id='word_1_155' title='bbox 1252 2714 1360 2741; x_wconf 92' lang='lat' dir='ltr'>omne</span> <span class='ocrx_word' id='word_1_156' title='bbox 1390 2713 1550 2753; x_wconf 87' lang='lat' dir='ltr'>semper,</span> 
     </span>
     <span class='ocr_line' id='line_1_36' title="bbox 669 2759 1445 2807; baseline -0.004 -8"><span class='ocrx_word' id='word_1_157' title='bbox 669 2762 792 2800; x_wconf 84' lang='lat' dir='ltr'>Pellat</span> <span class='ocrx_word' id='word_1_158' title='bbox 822 2762 1023 2798; x_wconf 78' lang='lat' dir='ltr'>adversum</span> <span class='ocrx_word' id='word_1_159' title='bbox 1055 2761 1187 2807; x_wconf 88' lang='lat' dir='ltr'>procul</span> <span class='ocrx_word' id='word_1_160' title='bbox 1218 2764 1255 2797; x_wconf 88' lang='lat' dir='ltr'>et</span> <span class='ocrx_word' id='word_1_161' title='bbox 1283 2759 1445 2806; x_wconf 84' lang='lat' dir='ltr'>repellat</span> 
     </span>
     <span class='ocr_line' id='line_1_37' title="bbox 668 2818 1308 2855; baseline -0.002 0"><span class='ocrx_word' id='word_1_162' title='bbox 668 2818 790 2855; x_wconf 91' lang='lat' dir='ltr'>Huius</span> <span class='ocrx_word' id='word_1_163' title='bbox 819 2823 857 2854; x_wconf 85' lang='lat' dir='ltr'>et</span> <span class='ocrx_word' id='word_1_164' title='bbox 888 2819 1002 2855; x_wconf 86' lang='lat' dir='ltr'>vitam</span> <span class='ocrx_word' id='word_1_165' title='bbox 1034 2821 1185 2854; x_wconf 88' lang='lat' dir='ltr'>tueatur</span> <span class='ocrx_word' id='word_1_166' title='bbox 1214 2827 1308 2854; x_wconf 81' lang='lat' dir='ltr'>aevo</span> 
     </span>
    </p>

    <p class='ocr_par' dir='ltr' id='par_1_22' title="bbox 804 2874 1198 2921">
     <span class='ocr_line' id='line_1_38' title="bbox 804 2874 1198 2921; baseline 0.003 -11"><span class='ocrx_word' id='word_1_167' title='bbox 804 2874 992 2921; x_wconf 89' lang='lat' dir='ltr'>Tempore</span> <span class='ocrx_word' id='word_1_168' title='bbox 1021 2874 1198 2912; x_wconf 68' lang='lat' dir='ltr'>clemens</span> 
     </span>
    </p>
   </div>
   <div class='ocr_carea' id='block_1_18' title="bbox 1869 0 2031 3289">
    <p class='ocr_par' dir='ltr' id='par_1_23' title="bbox 1869 0 2031 3289">
     <span class='ocr_line' id='line_1_39' title="bbox 1869 0 2031 3289; baseline 0 0"><span class='ocrx_word' id='word_1_169' title='bbox 1869 0 2031 3289; x_wconf 95' lang='lat' dir='ltr'> </span> 
     </span>
    </p>
   </div>
  </div>
 </body>
</html>
