2031 3289
929 193 1239 234 —368—

307 307 358 345 10
372 317 406 345 a.
451 307 552 344 Hine
583 307 686 344 vultu
717 307 883 354 propitio
1123 309 1174 347 10
1188 307 1224 346 b.
1265 308 1346 353 Qua
1375 307 1447 356 leo,
1479 307 1560 354 bos,
1590 308 1717 355 aquila

447 363 609 400 humana
640 362 737 400 facie
1261 364 1368 400 vultu
1398 363 1572 400 horribili

446 418 661 466 praefulget
1261 424 1566 466 praemonstrant

445 476 484 512 in
517 476 630 512 caelis
1260 476 1436 513 virtutem

444 532 550 568 iuxta
580 531 755 568 thronum
1263 532 1474 569 divinorum

445 598 611 624 summae
642 588 798 634 gratiae,
1258 587 1498 627 terribilium.

306 677 353 716 11
373 688 409 715 a.
450 677 504 714 At
533 681 586 726 tu,
618 676 826 725 Matthaee,
1124 680 1171 717 11
1187 678 1224 717 b.
1265 678 1439 717 Clemens
1470 681 1643 723 respecta

448 733 575 770 cordis
607 738 644 769 et
673 733 799 770 vultus
831 733 995 776 humani,
1262 734 1373 771 simul
1400 738 1437 770 et
1466 733 1641 781 precibus
1673 743 1774 782 cura,

444 790 595 836 plagam
626 790 774 836 generis
805 789 957 826 humani
1261 791 1358 827 sicut
1386 794 1451 827 tua
1482 795 1539 826 est
1569 794 1709 828 curata.

688 875 752 912 12.
799 874 878 920 Quo
909 878 973 910 tuo

792 929 883 967 freti
913 931 1028 967 auxili

792 997 862 1035 per
893 987 1086 1024 Christum
1117 987 1171 1023 sic
1201 998 1376 1024 sanemur

791 1055 813 1080 a
844 1043 1010 1090 peccatis
1040 1043 1225 1087 omnibus,

796 1104 838 1136 ut
868 1104 906 1136 te
937 1104 1108 1137 sanatum
1140 1100 1340 1137 credimus.

391 1187 494 1220 Grad.
521 1198 583 1219 ms.
609 1188 866 1227 Secoviense(?)
890 1198 981 1221 saec.
1009 1186 1061 1219 12.
1110 1188 1191 1220 Cod.
1216 1187 1459 1219 Vindobonen.
1489 1185 1612 1219 13314.
1638 1189 1676 1218 Α.
1695 1205 1739 1209 —
1755 1189 1853 1219 Miss.

299 1243 361 1264 ms.
396 1233 605 1265 Secoviense
637 1243 725 1264 saec.
763 1231 811 1264 12.
861 1233 944 1266 Cod.
968 1234 1134 1266 Graecen.
1158 1231 1236 1265 479.
1262 1234 1301 1264 B.
1326 1250 1369 1254 —-
1396 1233 1531 1264 Prosar.
1557 1243 1619 1263 ms.
1647 1234 1854 1265 Seeoviense

299 1288 390 1310 saec.
428 1276 480 1311 12.
536 1278 618 1310 Cod.
656 1278 822 1310 Graecen.
862 1276 958 1310 1584.
995 1279 1032 1310 C.
1066 1297 1110 1301 —
1142 1280 1241 1310 Miss.
1278 1289 1340 1309 ms.
1373 1278 1642 1310 Vindobonense
1677 1288 1766 1310 saec.
1800 1276 1852 1311 15.

297 1322 556 1364 (Privatbesitz)
581 1325 622 1355 D.

388 1366 451 1402 3b.
482 1368 496 1400 1
522 1370 615 1400 Dum
640 1369 690 1409 D3
716 1369 921 1400 mundarum
947 1368 983 1399 C.
1009 1385 1052 1390 ——
1077 1366 1138 1406 51),
1163 1365 1183 1399 3
1208 1370 1345 1409 genesis
1372 1369 1414 1400 D.
1440 1385 1482 1389 —
1508 1368 1575 1406 62,
1605 1366 1626 1400 8
1649 1371 1748 1401 taxat
1775 1368 1852 1408 (lies

300 1413 401 1455 texit)
429 1415 671 1456 genealogiam
704 1415 744 1446 D.
780 1432 819 1436 —-
855 1413 920 1453 6b,
954 1412 975 1445 6
1007 1424 1048 1445 ae
1078 1423 1188 1445 novae
1213 1415 1251 1444 A.
1284 1431 1324 1434 —
1358 1411 1427 1451 8a,
1460 1413 1482 1444 4
1514 1414 1700 1445 revelantis
1734 1415 1776 1446 D.
1812 1431 1851 1436 —

298 1457 367 1497 8b,
403 1458 418 1490 1
444 1461 494 1491 Ac
517 1460 588 1491 BC.
618 1476 654 1481 —
682 1457 741 1496 81),
766 1457 787 1491 3
813 1459 857 1491 ad
882 1469 918 1491 se
943 1459 1045 1491 BCD.
1071 1476 1113 1480 —
1138 1456 1198 1495 9a,
1242 1457 1257 1490 1
1291 1461 1381 1490 enim
1418 1460 1453 1491 Β.
1479 1476 1523 1480 --
1548 1457 1614 1496 9a,
1649 1456 1670 1490 3
1694 1458 1760 1491 hoc
1785 1460 1853 1492 sibi

297 1505 341 1536 D.
366 1522 411 1526 —
437 1503 529 1542 Hb,
559 1502 579 1535 2
605 1508 639 1536 et
664 1505 812 1546 pleniter
835 1505 938 1536 BCD.
964 1522 1004 1526 —
1033 1504 1122 1536 Mel:
1159 1501 1266 1534 Laus
1290 1502 1366 1543 tibi,
1390 1501 1540 1544 Christe,
1565 1502 1626 1545 qui
1657 1513 1691 1536 es
1717 1505 1852 1537 creator

296 1548 392 1589 (oder
415 1547 590 1582 Psallam.
624 1567 666 1571 —
700 1550 776 1592 Vgl.
804 1551 908 1581 Mone
932 1550 996 1587 ΙΙΙ,
1030 1546 1104 1587 128,
1129 1549 1189 1580 der
1213 1549 1269 1580 die
1296 1550 1451 1590 Sequens
1476 1560 1538 1581 aus
1572 1550 1600 1580 B
1625 1550 1764 1581 mitteilt
1787 1551 1852 1582 mit

297 1595 375 1627 dem
401 1595 686 1627 verstiimmelten
710 1596 886 1637 Anfange:
913 1595 954 1626 In
980 1595 1091 1626 Deum
1117 1595 1277 1626 exsultet.

658 1774 740 1810 286.
775 1773 856 1817 (23.)
890 1774 936 1808 In
960 1773 1104 1809 Natale
1128 1773 1491 1816 Evangelistarum.

739 1882 772 1920 1.
820 1880 991 1927 Regnum
1020 1882 1125 1916 tuum

824 1947 978 1984 regnum
1010 1936 1174 1973 omnium
1204 1935 1452 1983 saeculorum,

822 1993 995 2040 Domine,
1028 2003 1094 2029 rex
1125 2002 1267 2040 regum.

292 2078 365 2116 222.
407 2077 521 2115 Cuius
554 2078 658 2124 regni
691 2078 847 2125 gloriam
1109 2076 1182 2115 2b.
1225 2077 1344 2114 Plena
1373 2076 1491 2113 oeulis
1521 2080 1698 2123 quattuor

406 2137 443 2170 et
470 2135 676 2180 potentiam
1219 2133 1397 2170 animalia

405 2194 507 2227 tuam
537 2190 740 2237 loquuntur
1219 2194 1306 2227 ante
1336 2194 1372 2226 et
1403 2192 1516 2227 retro.

292 2282 363 2321 3a.
404 2280 495 2323 Leo,
528 2280 681 2327 vitulus⁷
713 2281 835 2326 homo,
1107 2279 1180 2319 3b.
1220 2280 1387 2330 Marcus,
1420 2279 1554 2325 Lucas,
1586 2280 1836 2329 Matthaeus„

403 2337 530 2383 aquila
560 2335 751 2383 profunda
1217 2336 1402 2373 Iohannes
1432 2337 1580 2374 occulta

402 2393 544 2430 rimans
574 2394 776 2441 mysteria:
1217 2392 1323 2429 verbi
1354 2397 1568 2431 eructuans,

289 2485 361 2522 4a.
395 2484 559 2529 Quorum
593 2482 714 2521 forma
745 2488 782 2520 et
813 2483 996 2530 doctrina,
1103 2482 1176 2523 4b.
1220 2484 1340 2520 Homo
1372 2481 1514 2532 factus,
1552 2482 1619 2520 bos
1648 2483 1687 2520 in
1715 2492 1838 2532 cruce,

402 2540 553 2578 Christe
582 2551 665 2577 cum
697 2540 838 2587 regina,
1214 2540 1285 2588 leo,
1319 2550 1400 2576 cum
1433 2540 1609 2587 resurgis,

400 2607 539 2643 sponsa
569 2601 643 2642 tua,
1212 2596 1338 2642 aquila

399 2652 625 2700 significaris
655 2653 827 2693 ecclesia.
1213 2663 1327 2700 super
1356 2656 1458 2690 astra
1489 2652 1591 2689 Deus
1621 2652 1792 2690 volitans.

287 2745 356 2782 521.
399 2743 449 2780 Et
479 2744 661 2780 ecclesiae
1100 2743 1174 2783 5b.
1216 2742 1487 2790 Crucifigentes

398 2801 476 2836 nati
508 2800 677 2837 homines
1210 2811 1249 2836 se
1281 2811 1362 2836 cum
1395 2799 1495 2836 vitiis

398 2860 439 2892 ut
469 2856 636 2893 membra
667 2856 752 2894 novi
1209 2857 1246 2893 iu
1279 2855 1400 2893 crucis
1431 2867 1494 2892 ara

1990 2820 1993 2837 l

398 2919 483 2949 sunt
516 2913 689 2963 hominis,
1210 2917 1296 2950 sunt
1325 2912 1444 2951 vituli.
1987 2885 1994 2957 Ξ

1990 2968 1999 2990 ἱ
