1914 3223
768 164 1071 204 -457—

91 306 94 310 .
136 278 234 309 Haec
260 279 385 308 cuncta
409 276 565 308 facinora
590 277 628 307 Ο.
656 294 698 298 —-
724 275 785 314 21,
818 275 839 308 3
865 287 907 308 ne
933 278 1106 309 cunctaris
1131 277 1171 308 Ο.
1199 294 1239 304 .-
1266 275 1327 315 21,
1358 275 1379 308 4
1406 288 1506 319 posse
1532 276 1574 316 F;
1603 277 1701 317 Roga

135 326 249 354 mente
282 321 421 354 subdita
455 321 496 353 E.
530 338 573 342 —
604 318 666 354 22.
703 319 724 353 2
755 322 929 353 daemocis
964 323 1008 361 Β,
1042 323 1277 354 daemoniacis
1312 323 1398 357 KM:
1434 322 1549 363 Affligi
1583 320 1624 353 E.
1662 338 1697 342 ——

139 364 194 407 23,
222 367 242 398 2
265 366 381 398 Malus
407 376 550 408 serpeus
574 365 623 404 E;
651 369 757 398 Dirus
782 367 885 398 draco
912 368 951 399 O.
977 385 1021 391 —
1047 366 1100 405 23,
1126 366 1147 399 3
1172 368 1356 409 superanti
1383 368 1422 399 L.
1448 385 1491 389 —
1516 363 1570 404 24,
1599 364 1613 397 1
1635 366 1701 399 Sed

135 414 164 444 si
190 413 277 444 forte
302 411 345 443 E.
371 428 414 432 —
439 409 499 450 24,
528 409 550 443 4
575 411 641 443 Per
666 412 763 443 illam
789 412 843 452 M3
870 413 1018 454 recipias
1045 414 1112 452 1)1;
1139 414 1312 455 suscipias
1339 412 1378 444 O.
1407 430 1445 434 -
1473 410 1528 451 26,
1553 410 1574 444 2
1600 412 1700 443 Nunc

134 457 262 490 habere
288 457 327 489 O.
354 474 397 478 —
423 454 484 495 26,
519 454 540 488 4
566 458 720 488 oraveris
745 457 787 488 E.
813 474 858 479 —
885 455 946 494 27,
973 455 993 488 2
1021 458 1068 488 sis
1095 459 1136 498 Ἐς
1173 459 1315 490 Cunctis
1342 459 1473 489 sanctis
1499 457 1700 490 viventibus

132 503 172 533 O.
198 521 241 525 —
266 499 320 540 27,
345 500 367 534 4
392 501 535 533 Cunctis
561 501 616 533 his
643 503 702 534 DI.
729 518 771 523 —
797 499 851 539 28,
882 501 896 534 1
922 503 1024 534 linire
1050 504 1116 535 BF.
1144 520 1184 525 —
1211 502 1272 540 215,
1298 501 1319 535 2
1343 503 1457 535 Corda
1483 503 1572 535 solet
1590 503 1631 534 D.
1659 519 1701 524 —

132 545 212 586 28,4
245 547 444 589 rogantium
469 547 508 579 O.
535 564 580 568 —
606 546 667 579 29.
701 544 722 578 2
746 547 845 578 Facit
878 551 911 579 ct
937 558 1115 589 resurgere
1142 549 1191 589 N3
1224 549 1341 580 Faciet
1369 559 1546 591 resurgere
1574 548 1630 580 10.
1660 564 1700 569 —

133 595 200 625 Str.
226 590 270 625 30
287 592 374 624 fehlt
389 592 428 624 Β.
447 608 489 613 ——
507 589 560 629 30,
587 590 608 625 3
627 602 769 624 aversos
789 593 922 631 DlKL;
943 596 977 624 et
995 594 1192 625 submersos
1212 593 1474 626 DEIKLMNO.
1495 611 1525 616 —
1553 591 1607 631 31,
1631 591 1646 623 1
1668 596 1698 625 et

131 638 221 670 hanc
246 637 359 670 clama
383 638 422 668 L.
449 654 489 658 —
516 635 570 675 32,
600 636 614 669 1
635 638 716 669 Veri
745 637 840 676 solis,
867 639 895 669 si
923 638 1012 669 hanc
1038 639 1123 670 solis
1142 639 1305 670 DIEMO.
1330 657 1373 661 —
1392 642 1459 671 Str.
1486 636 1529 671 33
1555 638 1639 671 fehlt
1659 639 1700 670 N.

223 693 470 735 Rhythmus
495 694 541 726 11.
566 710 610 715 —-
637 692 667 732 1,
692 691 713 725 2
738 694 876 726 Laudes
902 705 979 726 mea
1004 697 1122 727 anima
1146 697 1185 728 O.
1212 713 1255 717 —
1282 694 1310 733 1,
1337 695 1357 725 3
1376 696 1462 727 Eius
1487 701 1597 738 gesta,
1624 699 1700 728 eius

130 740 219 771 festa
245 739 385 778 BFK03
418 739 506 771 Eius
532 740 623 772 bona
649 749 784 781 semper
809 749 894 771 sona
919 740 966 771 M.
992 758 1036 761 —
1064 739 1101 778 1,
1127 739 1149 772 4
1173 741 1457 782 splendidissime
1482 742 1528 782 133
1558 745 1701 784 semper

131 785 229 817 illam
267 784 429 826 praedica
465 785 512 816 M.
550 802 591 807 —
629 782 669 823 2,
709 782 729 816 2
766 784 871 817 Suam
910 785 1151 818 celsitudinem
1188 787 1236 825 E;
1279 787 1365 818 Eius
1405 786 1699 828 pulchritudinem

129 831 170 862 L.
195 847 240 851 —
264 828 297 868 4,
325 828 341 861 1
368 831 423 862 He
448 840 596 872 persona
621 830 722 862 nobis
748 830 839 862 dona
864 831 891 862 Ι.
918 848 959 852 -
983 829 1015 866 4,
1042 828 1062 863 3
1089 842 1139 873 sq.
1165 832 1287 863 nehem
1314 832 1450 872 obigem
1470 833 1575 864 Text:
1602 833 1700 864 Haec

130 876 252 917 regina
276 875 318 907 de
343 876 446 907 ruina
467 877 471 914 l
494 876 615 907 Faciet
637 878 671 908 tc
697 886 837 918 surgere
863 877 901 907 B.
929 893 968 896 -
997 875 1027 914 5,
1053 874 1074 907 2
1098 877 1228 919 virgini
1256 878 1324 908 BL.
1351 895 1394 898 —
1419 876 1450 916 5,
1478 876 1498 907 3
1524 878 1622 917 Quae
1648 879 1699 909 111-

130 920 247 953 fictum
272 920 313 953 G.
339 937 382 942 —
407 918 447 958 5,
481 918 503 951 4
527 922 617 952 Miro
643 923 756 952 mutat
780 931 921 953 munere
946 922 982 954 C.
1009 939 1052 943 -—
1078 920 1119 960 6,
1144 921 1165 953 2
1190 923 1270 954 Mea
1295 922 1415 954 laudes
1442 924 1558 954 anima
1583 924 1629 954 M.
1656 941 1697 944 —

129 964 160 1003 6,
185 963 207 998 3
231 966 320 997 Eius
345 965 436 998 bono
462 966 510 1005 F,
538 967 654 997 Huius
680 966 772 998 bona
797 967 840 1006 L;
868 966 956 998 Eius
982 967 1082 1003 festa,
1108 969 1182 999 eius
1208 972 1307 1009 gesta
1329 969 1374 999 M.
1402 985 1443 990 —
1470 966 1500 1006 6,
1526 966 1547 999 4
1573 969 1635 1000 illa
1654 970 1698 1007 Β,

129 1011 214 1043 Cole
231 1010 515 1052 splendidissima
533 1011 580 1042 M.
601 1028 646 1033 -
662 1009 692 1050 7,
713 1010 727 1042 1
748 1012 845 1044 Neue
864 1012 1005 1044 Initiale
1023 1012 1071 1053 G3
1090 1013 1218 1045 Omnes
1237 1015 1269 1045 81
1288 1023 1410 1045 sensus
1429 1015 1493 1045 mei
1510 1014 1549 1045 L.
1568 1031 1601 1035 —
1629 1011 1660 1051 8,
1682 1012 1697 1044 1

129 1057 239 1088 Ν81110
273 1059 366 1088 certe
391 1055 464 1089 GO.
501 1073 541 1078 ——
576 1054 614 1095 9,
650 1054 671 1088 2
697 1057 762 1088 Dei
788 1062 931 1089 matrem
957 1058 1004 1088 M.
1030 1074 1071 1078 —
1099 1056 1136 1092 9,
1171 1056 1191 1089 3
1218 1058 1317 1099 fingit
1342 1058 1435 1090 korr.
1463 1060 1497 1090 in
1523 1058 1630 1099 fingat
1656 1060 1699 1091 C:

129 1101 256 1133 Nullus
289 1101 383 1133 dicat
417 1101 508 1143 quod
535 1102 580 1142 G;
616 1106 654 1133 ut
686 1103 838 1144 attingat
863 1104 902 1134 A.
928 1120 970 1124 —
1004 1101 1042 1141 9,
1077 1101 1099 1134 4
1125 1104 1240 1135 Huius
1267 1104 1356 1135 UDI.
1384 1121 1422 1125 —
1451 1106 1518 1137 Str.
1548 1102 1588 1136 10
1615 1103 1700 1136 fehlt

129 1147 172 1178 N.
208 1164 252 1168 —
287 1144 344 1185 10,
380 1145 395 1178 1
431 1151 599 1189 quantum
633 1147 732 1179 decet
755 1147 795 1179 L.
827 1166 872 1169 —
908 1145 965 1186 10,
1001 1146 1021 1179 2
1045 1148 1134 1180 Eius
1160 1148 1307 1180 laudans
1332 1150 1379 1180 M.
1405 1167 1448 1170 —
1478 1147 1534 1187 10,
1564 1148 1585 1181 3
1611 1149 1698 1180 Eius

129 1195 256 1224 cuncta
282 1193 328 1232 Ο,
355 1192 454 1232 Quae
479 1202 562 1234 prae
588 1193 722 1223 cunctis
740 1193 806 1224 Dei
834 1194 964 1225 sanctis
990 1195 1030 1225 L.
1055 1212 1098 1216 —
1128 1191 1178 1232 10,
1203 1192 1225 1225 4
1242 1194 1321 1225 Erit
1346 1205 1480 1236 semper
1505 1195 1699 1236 praeelecta

128 1237 169 1268 L.
195 1255 236 1258 —
263 1237 330 1269 Str.
359 1236 397 1268 11
425 1234 513 1269 fehlt
530 1238 572 1269 N.
590 1254 633 1259 -—
655 1236 706 1276 11,
727 1235 748 1268 2
764 1238 838 1269 Piis
857 1242 993 1270 constat
1010 1240 1184 1271 mentibus
1202 1240 1281 1277 EG,
1308 1240 1381 1270 Piis
1399 1240 1506 1271 distat
1524 1240 1698 1271 mentibus

128 1283 167 1314 F.
193 1299 236 1304 --
265 1280 316 1322 11,
342 1280 362 1315 3
380 1283 429 1315 Ut
453 1282 632 1314 intendam
658 1294 711 1314 me
736 1284 933 1324 impendam
951 1285 992 1317 G.
1018 1302 1062 1306 —
1081 1282 1130 1322 12,
1158 1283 1178 1316 2
1195 1285 1331 1322 Nullus,
1357 1285 1460 1326 digne
1478 1286 1519 1317 G.
1537 1302 1579 1307 —
1602 1283 1653 1323 12,
1678 1284 1699 1317 3

128 1327 250 1359 Vanus
282 1331 398 1360 tamen
432 1328 479 1367 G,
512 1328 566 1359 vel
601 1329 745 1360 insanus
779 1328 820 1360 E.
853 1346 894 1350 ——
934 1327 989 1367 12,
1023 1327 1045 1361 4
1078 1330 1143 1361 Est
1175 1331 1234 1372 qui
1270 1341 1345 1362 eam
1380 1332 1434 1364 M:
1469 1340 1543 1362 eam
1577 1332 1697 1362 reticet

131 1373 176 1404 D.
201 1390 244 1394 —
273 1371 330 1411 14,
363 1371 383 1404 2
407 1373 591 1405 Illustrant
616 1374 686 1405 ΓΚ.
715 1391 758 1395 -
787 1373 844 1410 14,
871 1372 893 1405 4
916 1376 1043 1406 Miram
1068 1375 1154 1406 dant
1177 1375 1404 1417 fragrantiam
1429 1377 1466 1408 C.
1494 1394 1534 1397 —
1561 1378 1628 1408 Str.
1659 1375 1697 1407 15

133 1419 248 1450 hinter
282 1416 332 1450 19.
359 1418 395 1450 C.
427 1438 470 1442 —
505 1417 561 1457 15,
600 1418 615 1450 1
650 1420 753 1451 nobis
786 1420 901 1451 lumen
926 1421 966 1451 B.
996 1438 1038 1441 —
1067 1419 1126 1459 15,
1159 1418 1182 1452 4
1213 1421 1403 1452 claustrum
1429 1421 1466 1452 C.
1492 1439 1535 1442 —
1562 1425 1629 1452 Str.
1658 1419 1698 1452 16

127 1463 215 1495 fehlt
240 1464 277 1494 C.
304 1481 345 1485 —
375 1462 427 1498 16.
458 1463 471 1495 1
500 1463 602 1496 homo
629 1466 763 1496 tristem
790 1466 816 1496 Ι.
843 1483 883 1487 --
913 1463 964 1503 16,
989 1463 1010 1497 2
1036 1466 1184 1497 Audivit
1208 1468 1415 1498 sententiam
1437 1467 1479 1498 E.
1499 1484 1542 1488 —
1560 1466 1627 1498 Str.
1657 1464 1696 1498 17

125 1509 213 1540 fehlt
236 1509 277 1541 N.
312 1526 349 1531 —
389 1508 447 1548 17,
482 1507 503 1541 2
527 1510 638 1541 Nobis
671 1511 872 1552 specialiter
897 1511 934 1543 C.
967 1528 1012 1532 —-
1044 1509 1104 1548 17,
1136 1510 1158 1542 4
1183 1513 1293 1544 Decet
1325 1522 1400 1543 eam
1425 1513 1497 1544 LO.
1525 1529 1566 1533 —
1595 1509 1645 1549 18,
1676 1510 1696 1542 ‘2

125 1553 280 1596 depellat
304 1555 347 1586 K.
373 1572 417 1576 —
444 1552 503 1593 18,
531 1552 552 1587 3
577 1558 611 1587 et
635 1555 788 1597 depellat
814 1556 851 1586 F.
876 1573 918 1578 -
946 1553 996 1594 18,
1022 1554 1044 1588 4
1069 1556 1159 1588 Sunt
1184 1567 1413 1599 quaecunque
1438 1557 1625 1589 AcDEGI.
1655 1576 1695 1579 —

129 1597 190 1638 19,
215 1597 236 1630 2
261 1601 374 1632 Natus
396 1601 471 1633 eius
497 1600 681 1632 CDFIKL.
708 1618 752 1622 —-
778 1599 837 1638 19,
863 1598 884 1633 3
909 1601 957 1633 Et
980 1601 1080 1634 finita
1104 1603 1149 1641 G3
1184 1603 1300 1634 carnis
1326 1603 1420 1634 lucta
1447 1603 1485 1634 L.
1516 1620 1558 1623 —
1584 1603 1697 1635 CDIN

124 1645 247 1677 ziehen
264 1645 397 1678 dieStr.
414 1643 428 1677 1
446 1645 515 1677 und
530 1643 617 1678 2des
628 1646 812 1687 folgenden
823 1646 912 1678 noch
922 1657 963 1678 zu
973 1647 1104 1679 diesem
1116 1648 1286 1688 Hymnus.
1322 1649 1423 1680 Dann
1435 1647 1569 1680 schiebt
1582 1649 1610 1679 N
1622 1649 1696 1680 ein:

173 1732 201 1766 1.
239 1736 406 1777 Speciosa
431 1736 510 1778 plus
537 1746 640 1779 quam
666 1747 744 1768 rosa
989 1737 1020 1768 7.
1058 1739 1245 1778 Inquinavi
1270 1738 1370 1770 sorde
1395 1740 1495 1780 gravi

284 1781 399 1823 Magis
425 1781 576 1814 candens
601 1782 689 1819 lilio,
1103 1784 1461 1825 Mente1n,‚linguam,
1487 1794 1603 1825 opera,

239 1826 370 1858 Carens
396 1828 483 1868 pari,
510 1827 682 1869 singulari
1057 1826 1115 1860 Ad
1140 1829 1305 1860 delendas
1333 1840 1450 1861 omnes
1478 1829 1626 1867 mendas,

283 1871 367 1903 Sola
391 1872 498 1914 digna
522 1872 614 1913 fili0;
1103 1875 1201 1914 Quae
1228 1886 1280 1906 me
1306 1875 1456 1912 laedunt,
1484 1884 1640 1915 propera.

169 1937 201 1970 2.
237 1939 321 1971 Plus
348 1939 473 1972 decora
499 1950 603 1982 quam
628 1951 765 1979 aurora,
990 1940 1021 1973 8.
1060 1943 1164 1974 Casta
1190 1952 1316 1984 parens
1343 1943 1421 1974 labe
1446 1953 1578 1982 carens,

284 1986 387 2017 Luna
409 1986 678 2027 praecellentior
1107 1988 1239 2019 Salutis
1266 1998 1448 2029 puerpera,

238 2029 285 2062 Et
309 2031 435 2063 solaris
460 2031 642 2063 luminaris
1058 2033 1168 2064 Stella
1195 2035 1310 2070 maris,
1337 2034 1380 2064 ab
1407 2035 1533 2065 amaris

290 2075 402 2108 Radio
428 2077 618 2116 intensior,
1107 2079 1257 2110 Casibus
1283 2089 1337 2110 me
1363 2079 1486 2110 libera.

170 2139 202 2174 3.
232 2143 315 2175 Flos
341 2144 482 2186 regalis,
507 2145 694 2187 virginalis
993 2144 1024 2178 9.
1064 2148 1171 2179 Sacra
1197 2147 1291 2185 vitis,
1317 2157 1386 2178 uva
1412 2148 1517 2178 mitis.

284 2189 392 2221 Chori
418 2189 479 2221 lux
505 2191 656 2232 egregia,
1107 2193 1161 2223 Da
1189 2196 1318 2233 potum,
1345 2203 1445 2233 quem
1472 2193 1564 2225 sitio,

239 2234 351 2274 Quam
376 2234 418 2266 de
443 2236 537 2267 Iesse
563 2239 673 2267 ortam
700 2245 774 2267 esse
1061 2237 1109 2269 Ut
1135 2237 1292 2268 affectum
1318 2247 1436 2279 geram
1462 2241 1592 2268 rectum

287 2280 403 2321 Stirpe
429 2283 567 2312 constat
588 2282 702 2322 regia3
1108 2283 1279 2323 Purgatus
1308 2292 1327 2314 a
1355 2283 1452 2313 vitio.

171 2345 204 2378 4.
245 2347 341 2379 Dans
368 2347 507 2380 odorem
533 2349 713 2381 meliorem
973 2347 1024 2382 10.
1062 2351 1166 2382 Fluat
1192 2351 1287 2382 stilla
1312 2350 1353 2381 (18
1380 2351 1534 2382 mamilla

286 2391 406 2424 Murra
432 2397 465 2425 et
490 2398 654 2430 aromate,
1107 2395 1290 2429 Gloriosae
1315 2397 1473 2437 virginis,

242 2437 432 2470 Odoratum
459 2440 568 2481 magis
592 2442 728 2479 gratum
1059 2441 1195 2473 Fundat
1221 2452 1342 2478 rorem,
1371 2443 1429 2482 qui
1455 2441 1612 2473 ardorem

288 2484 391 2515 Omni
417 2483 664 2525 thymiamate3
1106 2487 1301 2527 Extinguat
1328 2486 1496 2518 libidinis.

172 2549 204 2583 5.
241 2551 359 2593 Purga
384 2555 532 2584 mentem
558 2554 627 2584 iam
652 2553 837 2585 foetentem
976 2553 1026 2585 11.
1065 2554 1094 2585 O
1120 2554 1247 2596 puella,
1275 2554 1458 2596 interpella

290 2597 337 2628 Et
361 2602 558 2638 corruptam
584 2599 750 2639 graviter,
1110 2600 1221 2631 Tuum
1248 2610 1308 2641 pro
1335 2610 1387 2631 1118
1414 2599 1521 2630 filium

243 2642 443 2683 Resipiscat
469 2646 502 2674 et
526 2644 595 2675 ian]
621 2643 733 2675 discat
1063 2645 1111 2676 Et
1135 2645 1278 2686 dignare
1304 2656 1380 2676 meo
1406 2644 1487 2676 dare

288 2687 458 2729 Fragrare
485 2690 640 2721 suaviter
1105 2690 1226 2721 Dolori
1252 2690 1449 2721 consilium.

173 2753 205 2788 6.
244 2756 371 2787 Foetor
393 2757 525 2797 gravis,
549 2758 609 2799 qui
635 2757 676 2788 de
704 2759 820 2799 pravis
976 2755 1027 2789 12.
1064 2759 1162 2799 Roga
1189 2758 1310 2796 Deum,
1337 2769 1378 2789 ne
1404 2768 1457 2789 me
1484 2768 1578 2790 reum

286 2800 448 2833 Procedit
473 2801 660 2839 radicibus,
1110 2803 1260 2834 Damnet
1287 2807 1426 2845 propter
1451 2805 1611 2842 crimina,

245 2846 287 2877 In
312 2845 450 2877 odorem
477 2847 653 2878 meliorem
1061 2848 1128 2879 Sed
1155 2848 1283 2880 afflicto
1311 2859 1371 2889 pro
1397 2848 1523 2880 delicto

287 2891 409 2922 Versis
434 2891 534 2924 cedat
558 2893 706 2924 vicibus.
1107 2893 1210 2925 Vitae
1236 2894 1364 2935 pandat
1396 2890 1528 2926 limina.
