2031 3289
427 299 491 346 Et,
523 311 603 336 cum
635 300 715 338 dics
746 300 836 336 mihi

486 357 631 393 venerit
660 357 804 402 ultima,
1115 358 1209 396 610.

428 417 551 456 Unum
585 418 815 464 manipulum

301 474 394 512 600.
483 485 591 520 quem
622 472 754 516 feram,
787 474 878 510 mihi
910 474 958 511 da

426 536 478 573 Et.
508 548 643 581 mnam,
677 547 785 582 quam
817 536 997 574 Dominus

1240 301 1338 348 Non,
1369 301 1457 348 quia
1488 302 1614 339 deficit

1297 357 1422 394 verbis
1452 359 1621 408 materia,

1240 419 1315 456 Sed
1344 420 1430 466 quia
1459 421 1584 457 sensui

1297 475 1404 512 deest
1434 477 1582 523 peritia,

1241 538 1292 574 Et
1322 537 1448 574 multis
1478 538 1592 575 timeo
1626 555 1632 558 ·

302 773 396 810 605.

376 1068 418 1101 77
443 1070 515 1101 vel:
541 1070 662 1102 Neudo
689 1073 887 1112 promeruit.
905 1089 949 1094 —
966 1069 1029 1103 481
1051 1073 1117 1112 Qui
1145 1073 1320 1104 assistitis.
1337 1090 1380 1094 —
1397 1071 1462 1105 497
1488 1082 1538 1115 sq.
1558 1076 1642 1115 quot
1659 1077 1739 1105 sunt
1759 1075 1844 1106 eius.

486 592 682 641 commisit,
718 593 881 640 duplica,

428 654 485 690 Ne
516 654 663 700 pigrum
695 655 825 701 puniat

484 710 621 747 vindex
649 711 847 758 sententia,

430 772 504 809 Sed
535 771 626 808 felix
656 771 833 819 perfruar

483 839 575 875 pace
606 833 643 865 et
674 829 804 876 gloria.

427 891 500 927 Hic
531 901 619 938 ergo
651 891 796 938 capiam

483 950 589 993 grata
620 948 782 997 silentia,

287 1132 331 1135 —
356 1113 418 1146 511
449 1115 496 1146 Et
519 1115 617 1147 mihi.
645 1134 683 1138 ——

330 1657 366 1694 ‘0’1

302 1950 365 1988 10.

306 2251 370 2289 15.

302 2847 366 2883 25.

1118 656 1166 693 61

1115 950 1208 987 620.

1296 593 1449 641 gignere
1480 595 1617 635 taedia.

1204 687 1210 694 .
1243 656 1337 699 Ave,
1369 656 1433 692 lux
1464 658 1617 704 saeculi,

1294 712 1419 749 Maria
1450 711 1607 759 fulgida,

1242 774 1463 811 Sanctorum
1495 776 1658 812 omnium

1297 830 1580 877 gloriosissima,

1240 892 1334 930 Esto
1365 903 1507 930 memor
1536 893 1641 941 mihi,

1299 949 1421 996 gaude
1451 960 1521 998 per
1551 951 1711 989 saecula.

774 1287 848 1324 105.
884 1290 942 1332 (3.)
977 1288 1183 1334 Rhythmns
1210 1288 1370 1325 Tertius.

403 1415 521 1453 Stella
552 1416 673 1453 stellis
704 1416 874 1454 omnibus

456 1471 605 1519 fulgore
636 1473 833 1519 celebrior,
914 1466 921 1474 ’

400 1536 526 1572 Mater
557 1538 642 1574 Iesu
673 1536 837 1583 Domini,

457 1593 562 1639 virgo
593 1593 691 1630 vitro
720 1593 863 1644 purior,

401 1655 515 1701 Virgo
547 1655 788 1704 venerabilis,

455 1716 586 1749 sancta
616 1712 758 1749 sanctis
789 1713 966 1762 sanctior,

399 1775 629 1821 Imperatrix
660 1774 811 1822 regibus

455 1831 776 1879 honorificentior,

399 1894 559 1931 Pietatis
591 1893 726 1942 opibus

455 1951 599 1987 cunctis
630 1950 867 1999 locupletior,

401 2014 558 2051 Sensum
589 2012 731 2049 habens
763 2013 928 2051 sobrium

457 2073 494 2106 et
526 2069 743 2116 religiosum
775 2081 851 2119 cor,

401 2131 507 2168 Nulli
537 2131 646 2178 prole
677 2132 819 2170 caelica

456 2188 515 2225 vel
547 2189 715 2225 secunda
746 2190 805 2226 vel
837 2189 954 2237 prior,

404 2251 433 2288 O
465 2250 773 2297 incomparabilis

459 2311 495 2343 et
528 2307 670 2344 cunctis
701 2308 968 2356 praestantior,

400 2369 509 2407 Omni
540 2369 823 2416 pulchritudine

459 2426 763 2473 desiderabilior,

401 2489 538 2526 Sancta
572 2488 703 2525 domus
735 2489 898 2537 Domini,

459 2545 694 2582 firmamento
725 2545 880 2594 firmior,

402 2607 514 2644 Cuius
546 2619 654 2644 omne
685 2613 839 2654 superat

457 2674 572 2709 genus
604 2665 761 2702 odorum
793 2665 898 2710 odor,

402 2726 515 2763 Cuius
547 2727 584 2763 in
616 2726 804 2774 obsequiis

457 2794 610 2830 magnus
640 2783 801 2820 habetur
830 2784 971 2830 honor,

399 2845 556 2893 Lignum
589 2845 835 2892 imputribile,

454 2900 520 2938 flos
551 2902 634 2941 nive
667 2903 877 2951 candidior,

1117 1897 1182 1934 35.

1120 2192 1184 2228 40.

1118 2493 1185 2529 45.

1118 2787 1182 2824 50.

1214 1417 1331 1465 Virga
1362 1418 1487 1456 cedris
1517 1419 1667 1469 Libani,

1270 1474 1362 1512 satis
1393 1476 1630 1521 eminentior,

1213 1538 1425 1585 Margarita
1453 1538 1606 1584 saeculi,

1268 1606 1360 1632 auro
1391 1594 1606 1642 pretiosior,

1214 1657 1315 1694 Aula
1345 1657 1465 1694 sancti
1496 1657 1665 1706 spiritus,

1271 1714 1350 1751 sole
1381 1714 1608 1758 rutilantior,

1218 1776 1382 1813 Patrona
1412 1775 1608 1825 benevola,

1271 1831 1358 1870 favo
1389 1833 1511 1869 mellis
1544 1833 1702 1879 dulcior,

1214 1895 1436 1933 Sanctorum
1467 1895 1664 1932 ordinibus

1272 1952 1415 1989 cunctis
1446 1952 1656 2001 gloriosior,

1216 2014 1409 2061 Dignitate
1439 2015 1662 2061 praecluens

1273 2074 1310 2107 et
1340 2071 1602 2121 exaudibilior‚

1217 2133 1399 2171 Columna
1428 2133 1659 2183 crystallina,

1273 2194 1356 2226 ture
1385 2189 1629 2235 redolentior,

1220 2252 1403 2290 Caelestis
1434 2251 1604 2294 basilica,

1271 2308 1364 2355 ipsis
1397 2308 1510 2345 caelis
1541 2309 1715 2356 amplior,

1218 2371 1312 2417 Quia
1343 2371 1389 2408 de
1419 2375 1455 2407 te
1486 2371 1628 2417 prodiit

1274 2437 1339 2464 rex
1372 2427 1557 2464 caelorum
1590 2428 1774 2476 conditor,

1218 2490 1333 2535 Quem
1365 2500 1438 2526 non
1470 2495 1626 2536 possunt
1660 2500 1794 2537 capere

1275 2547 1430 2593 caelum,
1463 2552 1564 2583 terra
1596 2552 1630 2582 et
1663 2557 1814 2593 aequor.

1217 2609 1290 2647 Sed
1323 2609 1412 2655 quid
1445 2609 1518 2645 tuis
1550 2609 1724 2648 laudibus

1272 2666 1375 2702 canis
1406 2670 1530 2702 mutus
1560 2666 1748 2715 immoror,

1216 2728 1276 2764 Ad
1309 2739 1401 2774 quas
1432 2739 1505 2764 non
1538 2727 1727 2764 sufficeret

1272 2785 1353 2831 ipso
1384 2784 1478 2820 caeli
1509 2784 1660 2829 ianitor,

1213 2846 1286 2884 Sed
1319 2856 1388 2883 nec
1419 2846 1703 2892 archangelicae

1270 2903 1438 2951 virtutes,
1470 2907 1509 2940 ut
1541 2902 1736 2940 arbitror?
