2031 3289
253 301 324 338 2a.

251 1053 323 1094 4a.

887 183 1197 224 —310—

362 300 611 338 Sacrosancta

361 362 402 392 tu
432 355 552 403 patris
583 355 718 401 hostia,

365 413 449 449 Iesu
467 411 627 460 Christe,
647 421 713 447 rex
729 409 965 457 monarchos,

363 468 525 505 omnium
557 468 716 504 antistes
747 470 784 503 et

363 515 649 574 εὖλογούμενε,

318 678 327 687 .
369 648 573 685 Suavitatis
605 647 755 694 spirans

367 704 448 741 Deo
478 703 685 741 torridulus
717 703 884 750 odorem,

365 772 460 807 cum,
493 759 742 808 eumandrita,

366 816 618 864 profunderes
649 820 752 852 tuum

364 884 434 920 pro
466 883 623 910 erroneo

367 940 480 977 grege
512 939 696 968 cruorem.

364 1055 476 1101 Legis
507 1053 571 1100 qui
602 1056 798 1099 peccatum

368 1111 564 1157 crucisque

370 1166 492 1204 factus
523 1177 562 1203 es
593 1166 849 1215 maledictum,

367 1223 538 1261 libidinis
569 1222 807 1260 victimarum

367 1280 526 1317 bestiale
556 1283 727 1316 nostrum

306 1387 311 1394 ¹
368 1337 538 1384 caelitus,

261 1522 332 1558 5a.

211 1802 215 1804 g
267 1758 335 1796 6a.

259 2337 329 2374 7a.

370 1405 391 1430 o
407 1393 646 1440 Emmanuel,
668 1392 779 1429 ablue
803 1391 995 1432 delictum.

363 1519 420 1556 Tu
451 1529 618 1564 magnus,

369 1575 515 1623 respice
545 1574 736 1622 parvulos,

366 1632 568 1679 archiater,
599 1642 666 1667 nos
697 1630 930 1667 morbidulos

367 1757 425 1794 Tu
455 1759 556 1792 totus
588 1754 831 1801 desiderium,

364 1812 454 1849 boni
484 1811 599 1849 totius
629 1821 745 1858 genus

363 1868 700 1916 generalissimum,

364 1925 644 1972 gaudimonium

363 1986 404 2018 tu
434 1993 543 2028 quam
577 1981 771 2018 verissime

363 2038 650 2087 hyperbolicum

364 2096 517 2142 solaque
547 2099 588 2130 tu
619 2093 770 2139 soteria,

365 2152 528 2188 clemens
559 2151 614 2187 tui
641 2161 708 2188 nos
739 2150 872 2187 intima

364 2219 478 2255 pasce
508 2207 669 2244 theoria.

362 2335 453 2379 Fac,
485 2343 552 2370 nos
584 2332 683 2369 calix
713 2331 877 2368 inebriet

365 2400 546 2437 perquam
577 2389 740 2435 optimus

365 2445 595 2494 sobrietatis,

366 2502 593 2550 spiritalium

369 2559 593 2606 dulcedinis,

367 2620 605 2653 aeternorum
637 2614 755 2651 mirae

367 2672 580 2709 dilectionis

366 2729 595 2775 sophiaeque
626 2726 815 2771 salutaris,

365 2797 438 2831 quo
468 2785 556 2822 vitis
587 2784 728 2821 Sorech
761 2782 935 2829 palmites

366 2840 511 2878 fructus
542 2841 669 2887 plures

367 2898 466 2934 serre
497 2908 674 2943 queamus
705 2897 902 2934 laetantes.

1066 296 1142 335 2b.

1176 297 1322 336 Pietate

1178 359 1230 399 tu,
1263 354 1503 401 propitiator,

1177 410 1240 456 qui
1271 410 1437 456 gratuita
1467 410 1591 461 ipsum
1623 415 1660 447 te

1176 472 1337 513 propter
1368 477 1435 503 nos
1466 466 1676 504 obtuleras*

1178 520 1363 572 σταυροῦ
1394 523 1431 558 in
1462 534 1541 572 ara,

1067 646 1141 686 3b.
1173 647 1249 683 Vas
1280 650 1456 683 excoctus
1487 646 1572 693 igne

1076 1051 1149 1091 4b.

1065 1752 1138 1792 6b.

1078 2331 1149 2370 7b.

1177 702 1364 750 passionis
1394 707 1435 738 ut
1464 706 1683 753 testaceum,

1179 770 1321 796 summe
1350 759 1506 806 plastes,
1538 764 1578 796 tu

1179 814 1370 862 fragilium
1401 816 1539 863 physin

1181 877 1372 908 restauras
1403 872 1487 918 pius

1181 928 1261 965 irae
1286 939 1472 965 vasorum.

1181 1052 1473 1100 Reconciliator,

1178 1109 1324 1156 asylum

1180 1175 1341 1212 spesque
1373 1165 1454 1202 sola
1484 1176 1645 1213 reorum,

1180 1221 1371 1268 inspirans
1404 1221 1616 1259 dedititiam

1179 1282 1220 1315 tu
1252 1277 1534 1328 confessionem,

1180 1333 1239 1371 fer
1268 1334 1389 1380 nobis,

1180 1391 1355 1439 parclite,
1387 1391 1708 1438 propitiationem.

1178 1516 1228 1552 Et
1259 1520 1391 1552 contra

1176 1573 1308 1609 mortis
1338 1572 1526 1619 poterium

1178 1629 1278 1666 vitae
1308 1629 1489 1675 propines
1519 1629 1745 1668 antidotum.

1176 1745 1286 1798 Θεὸς
1317 1747 1460 1791 πάντα
1491 1746 1693 1804 ἑλεήιιωι,

1177 1800 1334 1862 ἄφεσις
1366 1809 1566 1856 benignula

1178 1872 1218 1903 tu
1247 1865 1330 1904 τῶν
1360 1858 1594 1916 ἁμαρτιῶν,

1179 1923 1465 1960 sanctimonium

1181 1980 1304 2027 dulce,
1335 1979 1562 2016 iucundulae

1179 2041 1220 2072 tu
1252 2036 1424 2084 deliciae,

1178 2097 1309 2156 portus
1341 2092 1477 2139 quietis
1508 2092 1654 2140 unicae,

1179 2140 1307 2199 ἀρχὸς
1337 2155 1487 2214 pattrum
1518 2152 1556 2185 et
1586 2149 1746 2194 optimas

1177 2200 1355 2257 ἐλέησον
1386 2198 1512 2260 ἧιιᾶς.

1181 2331 1232 2368 Et
1263 2334 1316 2378 tu,
1349 2330 1450 2367 solus
1481 2330 1541 2376 qui
1575 2328 1726 2366 fortiter

1183 2388 1303 2424 crucis
1333 2386 1501 2423 torcular

1179 2443 1362 2490 tristeque
1392 2443 1539 2490 prelum
1570 2463 1624 2467 ——

1180 2500 1239 2537 vir
1271 2500 1317 2537 de
1347 2499 1521 2546 gentibus

1180 2556 1305 2593 nullus
1336 2560 1457 2592 tecum
1490 2576 1545 2581 -

1181 2613 1279 2649 idem
1312 2613 1394 2659 ipse
1424 2612 1554 2649 botrus

1181 2670 1332 2716 elegans
1367 2668 1484 2716 Cypri

1177 2725 1453 2764 rubicundulus
1484 2723 1652 2767 calcasti,

1177 2782 1309 2819 bibens
1341 2781 1534 2819 nobiscum
1566 2786 1700 2826 potum
1731 2784 1767 2815 te

1176 2839 1299 2887 ipsum
1331 2837 1439 2875 nobis

1178 2896 1231 2932 tui
1265 2894 1321 2932 fer
1351 2894 1471 2941 patris
1502 2894 1541 2930 in
1572 2902 1702 2940 regno,
