1914 3223
710 185 988 225 -17-

81 301 120 340 3.
151 299 323 346 Suscepit
355 298 523 345 hospites
557 298 681 336 Padus
896 302 930 335 οἱ.
967 298 1049 335 Non
1082 297 1158 334 tela
1187 303 1371 343 quaerunt
1394 295 1530 344 ferrea,

150 355 330 393 Mercede
361 365 497 401 magna
526 355 730 401 sanguinis,
968 354 1050 391 Non
1081 365 1187 392 arma
1219 353 1360 403 Christi
1394 353 1543 390 milites.

153 412 292 450 Sancto
322 411 485 458 replevit
515 411 651 457 spiritu
966 405 1134 448 Munitus
1164 410 1279 447 armis
1310 409 1490 450 ambulat.

154 469 287 506 Almae
318 467 412 505 fides
444 468 638 513 ecclesiae,
967 468 1102 504 Verani
1135 466 1246 503 fidem
1278 466 1340 512 qui
1372 466 1552 512 possidet.

80 561 120 598 4.
151 559 202 596 Et
231 569 272 602 se
302 558 496 595 coronavit
527 558 639 595 trium
899 558 933 594 7.
966 556 1119 594 Scutum
1154 556 1234 592 viro
1265 567 1330 593 sua
1362 562 1417 592 cst
1450 557 1543 593 tides

150 615 293 654 eruore
323 625 432 652 sacro
461 617 667 661 martyrum
967 613 1016 650 Et
1047 624 1147 649 mors
1179 613 1404 659 triumphus,
1437 624 1545 660 quem
1568 614 1623 650 in-

153 671 370 718 Casti-isque
403 676 529 718 raptos
561 670 687 717 impiis
1024 670 1157 706 videns

153 728 304 766 Christo
335 727 499 764 sacravit
529 727 679 764 milites.
966 725 1085 763 Nobis
1117 730 1299 772 tyrannus
1330 726 1378 762 ad
1411 727 1592 773 oppidum

971 782 1168 820 Laudense
1200 782 1301 819 misit
1332 788 1531 829 martyres,

28 898 38 907 ·
82 877 120 915 5.
156 873 321 913 Profecit
351 875 399 911 ad
432 873 544 910 fidem
578 873 697 920 labor,
901 875 938 913 8.
972 873 1046 911 Sed
1079 873 1329 910 reddiderunt
1360 873 1501 910 hostias

152 931 356 978 Armisque
389 931 489 967 docti
521 930 682 977 bellicis,
967 930 1082 976 Rapti
1114 929 1307 976 quadrigis
1341 939 1513 979 corpora,

152 989 225 1025 Pro
255 998 344 1034 rege
375 988 489 1025 vitam
521 996 674 1033 ponere,
972 986 1125 1024 Revecti
1155 986 1193 1023 in
1224 996 1290 1022 ora
1321 986 1533 1032 principum

156 1044 302 1081 Decere
333 1055 402 1090 pro
435 1043 585 1081 Christo
616 1042 708 1090 pati.
972 1043 1135 1081 Plaustri
1167 1042 1407 1089 triumphalis
1440 1044 1561 1081 modo.

178 1133 446 1166 BCDGHKLO.
482 1150 523 1154 —-
557 1130 587 1171 2,
621 1129 642 1163 2
673 1132 813 1164 Hauela
844 1133 885 1164 L.
919 1150 960 1155 —
986 1131 1018 1170 4,
1051 1131 1066 1164 1
1094 1132 1188 1164 Exse
1213 1133 1395 1163 coronavit
1419 1134 1460 1165 (j.
1486 1149 1530 1154 —-
1554 1131 1584 1171 7,
1613 1131 1628 1164 l

0 1171 2 1173 ’
66 1188 149 1210 vero
180 1188 243 1210 sua
269 1179 440 1211 cDGHo.
467 1197 509 1201 ψ
535 1178 566 1215 ὅ,
593 1176 614 1208 2
638 1179 763 1219 Raptis
792 1176 898 1217 cDG;
925 1179 1118 1220 quadrigiis
1138 1179 1175 1209 B.
1202 1196 1245 1198 —
1268 1178 1480 1219 Dexologie:
1506 1178 1630 1210 Gloria

64 1224 141 1263 tibi,
167 1225 328 1261 Domine,
355 1227 417 1256 etc.
445 1224 514 1255 ΟΕ.

213 1323 271 1360 14.
307 1324 385 1366 (11).
424 1323 469 1358 In
494 1323 732 1358 Inventione
758 1323 943 1359 Protasii
969 1324 1009 1358 et
1035 1322 1236 1366 Gervasii,
1261 1323 1487 1366 Martyrum

660 1379 1035 1415 mediolanensium.

82 1464 119 1503 1.
152 1463 289 1501 Grates
321 1464 401 1513 tibi,
436 1465 533 1507 Iesu,
567 1475 697 1511 novas,
897 1466 934 1503 5.
972 1463 1114 1500 Caecus
1145 1471 1298 1510 recepto
1329 1464 1469 1499 lumine

150 1520 248 1557 Novi
281 1525 454 1569 repertor
485 1521 662 1569 muneris,
969 1520 1106 1557 Mortis
1128 1531 1259 1557 sacrae
1281 1521 1453 1556 meritum
1481 1519 1615 1566 probat

149 1578 334 1626 Protasio,
368 1577 552 1615 Gervasio
969 1576 1130 1614 Severus
1161 1581 1216 1613 est
1249 1587 1382 1613 nomen
1417 1577 1507 1624 viro,

150 1634 388 1681 Martyribus
420 1634 583 1671 inventis
615 1644 720 1673 cano.
970 1634 1069 1672 Usus
1101 1633 1273 1670 minister
1303 1633 1456 1680 publici.

81 1727 118 1762 2.
156 1725 244 1762 Piae
274 1725 445 1762 latebant
474 1724 632 1773 hostiae,
902 1726 938 1764 6.
973 1724 1023 1762 Ut
1054 1730 1264 1770 martyrum
1295 1733 1439 1761 vestem
1471 1725 1595 1771 attigit

149 1781 225 1818 Sed
257 1792 330 1818 non
363 1781 505 1819 latebat
538 1781 622 1818 fons
653 1792 783 1830 sacer,
970 1781 1022 1818 Et
1052 1792 1119 1818 ora
1149 1780 1259 1817 tersit
1291 1781 1431 1830 nubila,

152 1839 287 1875 Latere
319 1838 471 1886 sanguis
502 1849 575 1874 non
612 1843 749 1884 potest,
971 1838 1116 1874 Lumen
1148 1836 1301 1874 refulsit
1331 1838 1434 1875 illico

148 1895 218 1940 Qui
252 1895 389 1932 clamat
420 1895 469 1932 ad
501 1894 620 1931 Deum
651 1901 811 1941 patrem.
968 1894 1156 1941 Fugitque
1188 1894 1297 1941 pulsa
1329 1895 1504 1932 caecitas.

78 1987 115 2024 3.
148 1985 262 2022 Caelo
295 1983 488 2031 refulgens
521 1985 641 2032 gratia
902 1987 938 2025 7.
972 1985 1103 2024 soluta
1134 1985 1246 2022 turba
1277 1985 1450 2029 vinculis,

149 2044 267 2078 Artus
300 2042 486 2079 revelavit
517 2052 657 2085 sacros,
971 2042 1092 2088 Spiris
1125 2043 1329 2079 draconum
1360 2042 1493 2088 libera,

151 2098 361 2150 Nequimus
392 2109 473 2135 esse
505 2103 704 2145 martyres,
970 2099 1121 2136 Emissa
1152 2099 1240 2135 totis
1271 2098 1441 2142 urbibus,

149 2155 223 2192 Sed
258 2156 496 2202 repperimus
526 2161 725 2203 martyres.
971 2156 1131 2192 Domum
1164 2156 1264 2192 redit
1297 2167 1378 2192 cum
1411 2156 1546 2202 gratia.

82 2248 120 2285 4.
151 2246 225 2282 Hic
257 2246 338 2292 quis
372 2246 540 2293 requirat
569 2247 721 2282 testium
901 2247 938 2285 8.
971 2247 1130 2283 Vetusta
1162 2246 1287 2283 saecla
1320 2246 1492 2290 vidimus,

153 2302 285 2342 Voces.
317 2302 381 2339 ubi
414 2302 553 2340 facturn
586 2308 641 2339 est
673 2301 798 2339 fides?
970 2304 1116 2341 lactata
1146 2303 1390 2346 semicinctia,

156 2357 320 2397 Sanatus
350 2360 473 2406 impos
504 2359 681 2396 mentium
970 2360 1164 2406 Tactuque
1196 2366 1231 2396 et
1265 2359 1398 2396 umbra
1432 2370 1630 2406 corporum

150 2415 255 2462 Opus
288 2415 430 2453 fatetur
460 2421 682 2464 martyrum.
969 2417 1106 2463 Aegris
1137 2417 1295 2453 salutem
1329 2415 1531 2454 redditam.

154 2505 420 2538 BCDGHKLO.
454 2523 498 2526 ——
524 2503 555 2544 4,
582 2503 602 2537 2
628 2510 678 2537 est
703 2505 768 2537 fide
794 2506 835 2537 K.
861 2522 904 2527 —
931 2504 961 2543 7,
991 2504 1004 2536 1
1032 2507 1116 2538 tuba
1142 2506 1181 2538 G.
1208 2522 1251 2527 -
1278 2503 1307 2542 7,
1334 2503 1354 2536 3
1380 2503 1424 2536 Et
1451 2506 1557 2536 missa
1584 2505 1616 2535 H

64 2564 106 2569 -
131 2546 161 2587 8,
187 2548 208 2581 3
232 2561 298 2592 que
322 2551 407 2583 fehlt
433 2551 538 2584 BDG.

304 2651 361 2687 15.
399 2651 477 2693 (12).
514 2651 560 2685 In
585 2651 705 2685 Festo
734 2650 847 2685 Petri
873 2651 914 2685 et
940 2651 1057 2685 Pauli
1083 2650 1385 2694 Apostolorum.

81 2732 116 2769 1.
149 2733 415 2779 Apostolorum
449 2734 574 2781 passio
893 2735 931 2773 2.
963 2734 1165 2772 Coniunxit
1196 2733 1372 2779 aequales
1404 2734 1504 2769 viros

149 2788 258 2826 Diem
289 2791 455 2829 sacravit
485 2790 638 2837 saeculi,
970 2792 1088 2827 Cruor
1120 2789 1361 2836 triumphalis
1393 2790 1508 2835 necis,

85 2839 90 2847 ’
149 2845 253 2883 Petri
282 2847 513 2895 triumphum
542 2846 719 2891 nobilem,
974 2846 1091 2883 Deum
1123 2851 1272 2883 secutos
1304 2846 1516 2892 praesulem

150 2902 259 2940 Pauli
288 2913 464 2941 coronam
495 2902 731 2951 praeferens
973 2903 1113 2940 Christi
1146 2903 1339 2940 coronavit
1370 2902 1479 2941 fides.

133 2969 298 3005 Dreves‚
324 2972 529 2999 Lateinische
556 2971 847 3005 Hynmendichter.
886 2971 928 2999 11.
1407 2967 1427 3000 ⁵2
