2031 3289
973 216 1249 255 —1-2-

607 324 698 360 Ydra
723 338 850 359 nocens
875 327 996 369 fugiat,
1022 338 1064 359 ne
1089 338 1151 359 nos
1175 339 1234 370 per
1259 328 1359 360 devia
1385 329 1490 367 ludat,

672 373 743 404 Nos
768 376 828 404 tua
852 372 972 404 dextra
998 376 1104 414 regat,
1129 373 1216 414 ydra
1240 384 1367 405 nocens
1392 374 1514 416 fugiat.

515 416 570 449 45.
605 414 704 450 Zelus
731 418 851 449 obesse
877 419 997 458 nequit
1023 417 1159 450 Christo
1185 424 1368 460 superante
1394 420 1595 461 malignum,

619 486 624 490 .
673 462 833 494 Christus
859 462 955 494 adest
981 463 1102 501 victor,
1129 463 1224 494 zelus
1250 464 1370 495 obesse
1395 467 1526 506 nequit.

946 556 963 575 *
1263 557 1280 575 *

1105 581 1121 600 *

608 662 743 706 Aspice,
770 668 888 696 sancte
913 669 1019 706 pater,
1048 676 1137 707 quae
1161 677 1223 698 nos
1249 667 1395 699 adversa
1420 668 1578 709 fatigant,

677 710 774 749 Quae
799 710 891 741 mala
916 721 978 741 nos
1005 711 1171 750 lacerant,
1198 713 1323 753 aspice,
1351 716 1468 743 sancte
1495 717 1601 752 pater.

19 772 30 812 ί
408 771 412 775 ·
608 751 700 786 Mitis
725 755 844 786 adesto
870 756 952 793 tuis,
977 756 1040 787 tibi
1067 757 1125 797 qui
1152 757 1371 795 famulantur,
1397 757 1557 797 alumnis,

19 811 22 818 ¹
414 810 418 814 ·
518 799 572 833 50.
678 800 746 838 Qui
771 804 805 831 te
831 800 1041 837 collaudant,
1069 803 1162 832 mitis
1188 802 1307 833 adesto
1332 804 1412 834 tuiS.

607 841 723 886 Eripe,
750 849 877 886 pastor,
907 855 999 883 oves,
1025 848 1141 877 animo
1168 857 1254 888 quas
1280 858 1414 889 semper
1439 850 1575 886 amasti,

676 890 731 927 Et,
758 900 844 931 quas
869 892 1051 929 nutrieras,
1077 893 1180 933 eripe,
1206 897 1334 933 pastor,
1361 904 1452 931 oves,

609 931 755 968 Nomina
781 940 899 967 nostra
924 940 1020 967 notet
1044 947 1111 977 quo
1138 937 1294 969 Christus
1320 939 1356 968 in
1381 948 1459 970 acre
1485 939 1643 980 polorum

678 982 763 1012 Cum
789 982 987 1022 sanctisque
1012 982 1084 1013 suis
1112 984 1253 1014 nomina
1279 986 1399 1014 nostra
1423 988 1530 1016 notet.

428 1047 471 1082 37
497 1048 674 1081 stellifera.
702 1065 741 1070 —-
769 1047 976 1080 Aufschrift:
1006 1050 1154 1091 „Incipit
1179 1050 1326 1091 hymnus
1355 1052 1390 1081 in
1417 1050 1546 1083 honore
1573 1054 1685 1084 sancti
1702 1052 1895 1085 Adelwoldi

338 1095 511 1138 praesulis
538 1091 681 1125 editus.“

858 1193 890 1228 2.
927 1194 985 1235 (2.)
1018 1192 1068 1228 De
1093 1195 1219 1228 sancto
1247 1192 1383 1230 Birino.

543 1284 707 1336 Agmina
738 1299 847 1325 sacra
878 1289 955 1335 poli
986 1287 1145 1324 iubilent
1176 1288 1429 1326 modulamine
1461 1290 1573 1337 dulci,

628 1344 776 1382 Gaudia
806 1345 1057 1391 multiplicent
1089 1345 1237 1391 agmina
1268 1356 1376 1382 sacra
1408 1346 1497 1392 poli.

542 1397 651 1440 Bella
683 1408 837 1438 cruenta
867 1402 992 1438 silent.
1025 1401 1086 1437 ubi
1121 1402 1261 1438 vaelica
1291 1402 1395 1439 milia
1425 1404 1603 1449 gaudent,

629 1458 772 1494 Cuncta
804 1458 867 1494 ubi
899 1469 991 1504 pace
1025 1458 1162 1504 vigent,
1196 1458 1295 1495 bella
1325 1464 1479 1495 cruenta
1511 1460 1634 1497 silent.

460 1516 497 1553 5.
544 1510 680 1552 Coetus
710 1525 838 1552 amore
868 1515 930 1560 pio
962 1515 1095 1551 reboat
1125 1514 1346 1551 sollenniter
1376 1515 1566 1562 hymnum.

628 1571 777 1608 Plectra
809 1582 947 1607 canora
978 1569 1065 1607 ferit
1099 1576 1225 1607 coetus
1256 1583 1382 1608 amore
1413 1572 1487 1618 pio.

542 1624 688 1673 Dignus
720 1627 860 1664 honore
890 1632 1000 1673 pater
1030 1627 1181 1664 Birinus
1212 1629 1250 1664 in
1281 1628 1434 1664 aethere
1466 1628 1596 1674 pollet,

630 1683 789 1721 Sanctus
820 1684 930 1721 adest
960 1684 1058 1720 omni
1092 1684 1227 1731 dignus
1259 1685 1399 1721 honore
1429 1691 1551 1733 pater,

545 1736 665 1779 Exsul
695 1741 744 1777 ad
778 1741 875 1777 hunc
908 1740 1088 1787 populum
1121 1741 1181 1786 qui
1216 1742 1316 1777 venit
1347 1741 1394 1777 ab
1426 1741 1518 1777 urbe
1552 1742 1738 1788 Quiritum

435 1797 500 1836 10.
636 1797 708 1833 Pro
741 1797 893 1835 Christo
928 1808 1089 1844 pergens
1121 1798 1226 1833 exsul
1261 1798 1310 1834 ad
1342 1798 1438 1834 hunc
1470 1799 1665 1843 populum,

543 1849 671 1891 Fortis
703 1859 738 1890 et
770 1854 1000 1900 armipotens
1033 1854 1216 1899 Kynegils
1247 1865 1318 1900 quo
1348 1860 1516 1900 tempore
1551 1860 1682 1902 regnat

628 1910 812 1946 Barbarie
843 1909 1034 1958 frendens,
1068 1909 1176 1946 fortis
1209 1915 1245 1946 et
1275 1912 1517 1957 armipotens.

546 1963 678 2006 Gratia
708 1967 802 2003 mira
832 1967 903 2003 Dei
935 1967 1001 2003 scd
1034 1977 1114 2003 eum
1148 1967 1344 2003 mitescere
1376 1967 1488 2016 fecit3

631 2023 721 2060 Mox
753 2030 793 2059 ut
825 2034 906 2059 eum
937 2023 1060 2069 tetigit
1091 2023 1211 2069 gratia
1242 2024 1336 2060 mira
1370 2024 1452 2060 Dei.

437 2079 501 2118 15.
548 2075 711 2118 Hostica
743 2079 939 2116 barbaries
970 2080 1090 2116 omnis
1123 2079 1280 2116 sedatur
1309 2081 1345 2115 in
1378 2080 1457 2124 illo,

631 2136 752 2173 Cessit
785 2144 819 2171 ct
853 2137 1044 2182 extemplo
1076 2136 1222 2173 hostica
1254 2136 1459 2176 barbaries,

550 2190 643 2240 Igne
674 2198 829 2239 perusta
862 2193 928 2229 Dei
961 2193 1188 2244 populorum
1220 2199 1375 2238 pectora
1407 2192 1553 2230 fervent

633 2250 751 2295 Inque
784 2249 900 2286 Deum
934 2251 1091 2285 credunt
1123 2250 1207 2294 igne
1240 2254 1392 2296 perusta
1424 2250 1507 2289 Dei.

547 2301 691 2344 Kastra
722 2306 808 2351 polo
839 2307 959 2342 sociat
989 2306 1200 2351 spoliatque
1234 2306 1384 2342 Birinus
1416 2310 1622 2349 Avernum,

16 2348 23 2401 l
437 2363 504 2401 20.
623 2362 780 2408 Gurgite
810 2368 972 2409 quotque
1004 2363 1116 2403 lavat,
1150 2368 1273 2398 castra
1306 2363 1391 2408 polo
1422 2363 1553 2399 sociat.

548 2416 666 2458 Liber
696 2419 806 2455 adest
836 2420 997 2466 populus
1028 2418 1096 2454 sub
1129 2418 1238 2463 longo
1270 2425 1438 2464 tempore
1469 2430 1612 2458 servus,

635 2474 744 2511 Nunc
776 2473 962 2512 famulans
995 2475 1156 2511 Domino
1187 2475 1284 2511 liber
1313 2476 1420 2511 adest
1454 2476 1626 2522 populus.

546 2527 684 2578 Magne
715 2535 886 2580 patrone,
919 2537 1003 2568 tuus
1034 2543 1099 2567 nos
1132 2532 1245 2567 traxit
1278 2532 1324 2568 ab
1359 2532 1463 2568 hoste
1495 2532 1719 2579 triumphus,

633 2587 710 2624 Nos
742 2588 850 2625 labor
881 2589 1030 2635 eripuit,
1066 2598 1197 2635 magne
1230 2593 1399 2634 patrone,
1435 2593 1528 2625 tuus.

434 2645 501 2685 25.
547 2640 686 2683 Nostra
719 2656 872 2681 camena
903 2645 970 2680 tibi
1003 2645 1101 2680 canit
1136 2646 1237 2692 haec,
1272 2646 1333 2690 pia
1366 2645 1532 2681 carmina
1564 2645 1665 2691 patri

635 2702 785 2738 Intonat
815 2707 850 2737 ct
882 2701 1013 2737 iubilat
1047 2706 1173 2737 nostra
1206 2712 1359 2737 camena
1391 2701 1472 2739 tibi.

547 2753 701 2804 Organa
732 2758 928 2794 clarisonis
960 2757 1115 2793 reboant
1146 2757 1214 2793 tibi
1247 2757 1368 2794 dulcia
1403 2757 1561 2800 bombis,

24 2818 28 2841 ⁵
632 2814 681 2850 Et
712 2815 899 2860 crepitant
929 2813 1088 2850 modulis
1119 2825 1259 2860 organa
1291 2814 1502 2852 clarisoniS.

14 2888 29 2912 η
547 2866 685 2908 Pervia
716 2875 825 2916 porta
856 2871 931 2916 poli
967 2881 1033 2916 per
1064 2875 1099 2905 te
1131 2876 1320 2906 reseratur
1351 2871 1439 2906 ovili

15 2919 30 2973 Ιῑ
435 2928 501 2967 30.
633 2927 759 2972 'seque
792 2931 943 2972 patente
974 2932 1075 2973 patet
1109 2927 1238 2972 pervia
1270 2932 1379 2972 porta
1411 2927 1501 2972 poli.
