1914 3223
683 189 988 229 —m-

69 309 107 346 3.
141 306 283 343 Beatus
315 308 446 342 venter
478 304 647 350 virginis,
891 307 927 342 5.
958 306 1038 350 Quo
1069 303 1196 349 agnito
1229 302 1420 349 discipuli,

139 362 243 408 Quae
274 365 312 398 te
345 359 440 398 fovit
469 361 506 397 in
538 360 693 407 gremio,
961 361 1109 404 PetruS‚
1145 359 1314 404 lacobus,
1349 358 1538 395 Iohannes

76 454 79 457 Α
139 418 258 456 Alens
290 417 409 454 sacris
439 416 619 455 uberibus
959 416 1117 453 Relictis
1149 415 1261 452 rebus
1293 415 1433 452 saeculi

140 475 333 513 Iacentem
365 474 404 512 in
436 473 672 521 praesaepia
960 473 1083 509 Iesum
1115 476 1324 519 sequuntur
1354 472 1514 509 alacres,

66 590 106 627 4.
138 588 327 635 Baptista,
360 597 498 636 praeco
529 586 680 632 nobilis,
888 588 926 624 6.
964 586 1053 623 Post
1084 585 1177 622 haee
1207 585 1243 621 in
1277 585 1415 622 montis
1452 584 1597 621 vertice

139 645 379 683 Praedicavit
411 643 450 680 in
481 643 656 691 populis:
957 642 1098 679 Orante
1131 644 1215 679 Iesu
1246 642 1376 678 intime

135 701 249 746 Ecce,
281 711 399 748 agnus
430 700 513 742 Dei,
548 699 734 741 Christus.
959 698 1269 745 Transfiguratur
1301 699 1458 735 caelitus

138 757 236 796 Olim
269 757 478 804 promissus
508 756 695 803 patribus.
961 755 1096 792 Vultus
1128 755 1207 791 eius
1239 755 1528 801 pulcherrimus,

483 869 599 915 Lam,
632 869 763 914 honor,
797 868 930 916 virtus,
961 868 1081 914 gloria
1108 872 1179 907 etc.

52 981 467 1060 1607Thltimz5igszssleoli
492 980 534 1012 de
551 980 696 1021 Kempis
715 980 830 1021 Opera
855 981 973 1011 omnia
990 980 1042 1011 ed.
1063 981 1106 1011 H.
1126 980 1346 1011 Sonunalius.
1386 979 1619 1020 Antwerpiae.

446 1159 528 1195 460.
566 1160 623 1201 (3.)
658 1160 834 1203 Hymnus
860 1159 907 1194 de
934 1160 1072 1195 eodem
1098 1159 1222 1195 resto.

67 1279 102 1315 1.
137 1276 300 1323 Christe,
334 1276 553 1323 redemptor
584 1276 760 1323 omnium,
887 1278 925 1316 4.
959 1274 1122 1313 Infunde
1153 1287 1251 1312 nune
1282 1276 1450 1322 piissime

137 1334 237 1370 Vera
268 1333 370 1370 salus
402 1333 651 1381 credentium,
957 1333 1110 1370 Donum
1144 1333 1317 1370 caelestis
1346 1333 1504 1379 gratiae,

135 1390 237 1427 Audi
269 1400 402 1438 preces
435 1390 630 1426 humilium
957 1389 1010 1427 Ut
1045 1390 1204 1426 caritate
1234 1388 1374 1426 fervidi

136 1447 287 1484 Laudes
318 1446 388 1483 tibi
423 1447 648 1486 canentium.
956 1445 1080 1484 Simus
1111 1451 1148 1483 et
1176 1446 1278 1483 intus
1310 1445 1441 1484 lucidi.

67 1562 104 1599 2.
137 1560 327 1606 Vergente
356 1559 488 1596 mundi
520 1569 681 1606 vespere
889 1562 928 1598 5.
959 1558 1119 1605 Largire
1149 1558 1223 1595 tuis
1254 1558 1415 1594 servulis

138 1616 360 1654 processisti
392 1616 439 1653 de
471 1616 632 1663 virgine,
958 1615 1071 1652 Hunc
1103 1615 1203 1652 diem
1233 1614 1514 1657 venerantibus,

138 1674 192 1712 Ut
221 1673 351 1710 radius
384 1673 430 1709 de
461 1673 600 1719 sidere,
958 1672 1011 1710 Ut
1038 1675 1103 1709 tua
1133 1669 1420 1709 transformatio

140 1731 277 1767 Verum
307 1730 434 1767 lumen
463 1730 510 1767 de
541 1729 695 1767 lumine.
959 1728 1114 1767 Gloriae
1140 1729 1188 1765 sit
1219 1728 1387 1775 adeptio,

70 1844 107 1882 3.
139 1843 172 1880 E
204 1854 351 1880 sursum
383 1847 494 1890 pater
523 1843 645 1880 tonuit
888 1844 925 1881 6.
958 1842 1091 1880 Gloria
1122 1842 1205 1889 tibi,
1236 1841 1400 1887 trinitas,

139 1899 230 1936 Eius
261 1904 299 1936 te
329 1898 412 1936 fore
441 1899 576 1946 filium,
955 1899 1138 1946 Aequalis
1169 1910 1245 1936 una
1277 1898 1411 1946 deitas,

139 1956 221 1993 Hoc
251 1961 288 1992 et
320 1956 507 1994 Iohannes
539 1956 666 1993 docuit
957 1957 1075 2002 Quam
1108 1956 1240 1992 laudat
1271 1951 1363 1992 c'aeli
1396 1955 1501 1992 ouria

139 2013 347 2050 Perhibens
378 2013 647 2051 testimonium.
958 2013 1035 2050 Per
1065 2011 1212 2049 infinita
1243 2012 1407 2051 saecula.

145 2124 298 2156 'rhomae
323 2124 480 2156 Malleoli
506 2125 548 2156 de
566 2125 711 2167 Kempis
736 2125 851 2167 Opera
879 2126 997 2157 omnia
1021 2125 1073 2157 ed.
1097 2126 1141 2156 H.
1162 2124 1382 2156 Sommalius.
1403 2125 1623 2165 Antwerpiae

57 2167 152 2202 1607.
176 2171 221 2207 ΙΙ,
248 2168 326 2202 592.

255 2348 337 2384 461.
372 2350 430 2391 (4.)
467 2350 643 2393 Hymnus
669 2349 719 2385 ad
743 2350 916 2393 Angelos
942 2350 983 2384 et
1009 2348 1183 2385 Sanctos
1209 2349 1250 2383 in
1276 2349 1407 2384 caelo.

70 2453 104 2493 1.
138 2453 242 2491 Caeli
274 2455 386 2505 cives,
419 2455 606 2492 attendite
886 2457 923 2494 3.
959 2457 1002 2494 In
1034 2456 1148 2492 terris
1180 2455 1244 2492 diu
1275 2455 1402 2492 vivere

140 2510 203 2558 Et,
234 2511 372 2559 angeli,
394 2512 594 2558 percipite,
955 2513 1007 2550 Et
1038 2512 1230 2550 Christum
1253 2512 1418 2548 nondum
1445 2521 1602 2548 cernere

142 2568 184 2605 In
215 2567 286 2604 hac
316 2569 416 2605 valle
446 2569 621 2606 miseriae
956 2569 1084 2606 Grave
1115 2569 1225 2605 nimis
1257 2573 1314 2605 est
1344 2568 1493 2605 animae

140 2622 341 2662 Exsulanti
372 2625 592 2665 succurrite.
957 2625 1168 2672 Languenti
1201 2625 1279 2661 eius
1309 2635 1449 2664 amore.

74 2736 111 2773 2.
143 2737 218 2773 Vos
248 2737 286 2773 in
317 2739 474 2784 perenni
505 2738 642 2785 gaudio
887 2740 924 2779 4,
956 2739 1058 2776 Hine
1089 2749 1228 2784 sponsa
1258 2738 1296 2774 in
1328 2738 1486 2774 meridie

141 2791 192 2829 Et
222 2802 289 2840 ego
319 2794 357 2831 in
391 2795 544 2844 exsilio3
957 2795 1142 2841 Sponsum
1173 2795 1331 2841 requirit
1362 2794 1487 2839 anxie,

141 2848 314 2897 Pensate‚
346 2851 446 2897 quod
476 2861 628 2899 gemens
660 2851 756 2899 dico,
955 2854 1070 2898 Quem
1101 2852 1262 2899 mystica
1292 2850 1360 2887 sub
1391 2851 1518 2898 specie

140 2905 202 2942 An
231 2906 365 2944 mirum
397 2907 458 2954 sit,
490 2908 590 2954 quod
620 2909 742 2955 lugeo.
957 2908 1107 2946 Absens
1137 2908 1226 2945 colit
1258 2918 1347 2944 vera
1377 2906 1464 2946 fide.
