2031 3289
910 209 956 213 ——
1026 186 1100 225 17⁰
1161 207 1211 211 —

796 317 864 353 149.
899 318 979 360 (39.)
1014 318 1054 353 ln
1081 318 1112 353 2.
1137 318 1329 355 Nocturno.

1109 414 1147 451 4.
1180 413 1368 449 Monstret
1409 413 1578 449 columba
1614 414 1835 461 simplicem,

1178 469 1361 516 Designet.
1392 474 1516 506 turtur
1547 470 1742 517 virginem,

1181 526 1332 571 Pauper
1362 526 1511 572 quidem
1544 526 1637 562 haec
1668 527 1801 573 hostia,

1180 581 1255 619 Sed
1287 593 1421 628 magna
1451 587 1538 620 sunt
1568 583 1760 630 mysteria.

304 412 339 450 1.
371 411 553 449 Parentes
583 410 774 448 Christum
807 410 994 457 deferunt,

370 468 413 504 In
446 468 586 513 templo
618 467 798 513 templum
830 467 1003 514 offerunt,

367 524 461 570 Legi
491 534 625 570 parere
656 523 786 570 voluit⁷

369 580 438 626 Qui
466 580 539 626 legi
570 579 663 616 nihil
696 579 839 618 debuit.

297 672 334 709 2.
367 669 481 715 offer,
513 669 636 719 beata,
667 670 878 717 parvulum,
1111 674 1148 709 5.
1181 672 1285 708 Haec
1327 673 1475 718 quidem
1505 676 1585 709 erat
1615 683 1836 721 pauperum,

368 727 488 763 Tuum
520 730 557 762 et
586 727 706 773 patris
737 727 900 773 unicum,
1138 774 1142 778 ὓ
1182 730 1274 767 Cum
1306 734 1404 764 esset
1435 739 1553 775 agnus
1587 729 1756 776 divitum,

366 782 479 831 Offer,
511 793 581 829 per
611 793 718 829 quem
750 783 951 828 offerimur,
1132 780 1137 784 ’
1180 785 1255 822 Sed
1287 785 1372 832 agni
1404 786 1483 821 veri
1513 785 1605 822 latio

366 840 546 888 Pretium,
579 851 651 886 quo
682 840 914 879 redimimur.
1179 842 1264 878 Non
1296 846 1379 888 eget
1408 851 1503 888 agno
1533 841 1705 889 mystice.

296 932 334 969 3.
365 931 548 979 Procede,
581 931 686 978 virgo
716 931 831 980 regia,
1108 934 1145 972 6.
1177 932 1258 970 Deo
1289 933 1390 979 patri
1420 943 1504 969 cum
1534 932 1625 977 filio,

363 985 501 1024 Profer
531 991 658 1024 natum
691 998 773 1024 cum
805 988 939 1038 hostia,
1176 990 1270 1028 Cum
1301 989 1439 1037 spiritu
1469 989 1670 1038 paraclito,

365 1044 564 1081 Tollantur
593 1055 681 1081 aves
712 1045 908 1093 mysticae,
1177 1046 1231 1084 Ut
1261 1050 1316 1083 est
1346 1057 1421 1083 una
1451 1045 1675 1093 substantia,

363 1100 449 1137 Tibi
480 1101 540 1137 vel
571 1101 644 1147 ipsi
675 1111 874 1148 congruae.
1178 1102 1240 1140 Sic
1271 1106 1308 1140 et
1338 1113 1413 1139 una
1443 1103 1491 1139 sit
1521 1103 1654 1149 gloria.

368 1193 395 1223 B
428 1192 486 1224 fol.
518 1190 602 1224 88b.
638 1210 678 1214 —
714 1191 739 1225 C
780 1193 838 1224 fol.
875 1191 977 1225 1392.
1015 1210 1056 1215 ——
1089 1192 1127 1232 2,
1164 1191 1179 1225 1
1214 1193 1321 1226 Offert
1346 1194 1383 1226 C.
1418 1212 1460 1215 ——
1485 1192 1521 1234 2,
1555 1192 1576 1226 3
1601 1194 1708 1227 Offert
1733 1195 1769 1227 C.
1795 1213 1838 1217 ——

279 1235 310 1274 4,
339 1235 359 1269 3
389 1244 440 1269 est
464 1238 550 1269 fehlt
573 1238 612 1269 B.
639 1255 681 1260 —-
709 1237 739 1277 5,
765 1236 786 1269 4
811 1242 888 1280 eget
913 1249 1004 1270 anno
1030 1240 1067 1272 C.

790 1371 875 1408 150:
899 1373 979 1415 (40.)
1014 1372 1055 1408 In
1079 1372 1111 1408 3.
1134 1372 1326 1409 Nocturno.

1113 1471 1148 1506 4.
1180 1468 1254 1505 Hic
1285 1472 1341 1505 est
1371 1478 1568 1505 mensurae
1598 1469 1775 1516 calamus,

1177 1527 1294 1573 Quem
1325 1529 1447 1572 gestat
1477 1536 1587 1562 manu
1618 1526 1810 1572 parvulus7

1180 1583 1230 1620 Ut
1261 1593 1377 1628 supra
1405 1587 1567 1618 montem
1599 1583 1760 1630 positum

1176 1639 1370 1676 Mensuret
1400 1638 1626 1677 aedificium.

297 1467 332 1506 1,
366 1466 437 1512 Qui
469 1470 731 1515 paupertatem
763 1468 952 1514 admonet,

364 1523 474 1559 Hanc
504 1523 542 1559 in
570 1533 610 1559 se
641 1524 746 1569 prius
778 1523 930 1561 exhibet

364 1579 466 1616 Deus
500 1580 604 1617 dives
635 1580 671 1616 in
705 1581 888 1629 omnibus,

365 1636 417 1674 Ut
447 1647 514 1673 nos
547 1637 654 1685 ditet,
686 1637 965 1684 pauperrimus,

298 1729 334 1766 2.
367 1727 496 1765 Factis
527 1727 689 1774 primum
722 1728 904 1772 exhibuit,
1113 1733 1149 1769 5.
1182 1730 1386 1767 Mensurae
1417 1729 1558 1776 quippe
1590 1729 1753 1766 calamus

367 1784 475 1829 Quod
508 1784 632 1821 verbis
664 1785 817 1822 tandem
851 1786 991 1831 docuit⁷
1182 1785 1298 1822 Liber
1330 1790 1385 1822 est
1415 1787 1663 1836 evangelicus,

364 1841 398 1877 A
432 1841 535 1877 cunis
566 1852 651 1878 mox
682 1842 870 1888 incipiens
1179 1844 1294 1889 Quem
1327 1854 1438 1879 manu
1474 1841 1595 1880 fertur
1622 1853 1764 1892 gerere,

364 1897 416 1933 Et
447 1908 487 1933 re
518 1909 645 1935 vocem
679 1899 941 1946 praeveniens.
1178 1900 1248 1947 Qui
1279 1899 1460 1946 scriptum
1493 1900 1657 1946 complet
1684 1910 1812 1946 opere.

292 1989 330 2026 3.
362 1988 436 2025 Hic
468 1992 525 2025 est
555 1989 620 2025 ille
651 1988 841 2026 funiculus
1107 1992 1143 2029 6.
1176 1990 1258 2027 Hoc
1289 2000 1402 2036 super
1432 1991 1555 2037 ipsum
1586 1990 1709 2037 posita

360 2047 405 2083 In
435 2056 546 2082 manu
577 2045 648 2083 viri
678 2046 811 2093 lineus,
1176 2047 1419 2084 Mensuratur
1450 2048 1621 2094 ecclesia,

361 2101 519 2139 Subtilis
551 2102 790 2148 evangelicae
1176 2104 1275 2140 Dum
1308 2104 1345 2140 in
1378 2103 1448 2142 hoc
1478 2104 1635 2151 quisque
1657 2104 1834 2150 percipit,
1864 2110 1866 2112 ’

362 2158 492 2196 Sermo
522 2159 615 2205 legis
647 2159 684 2195 in
715 2170 843 2205 opere.
1176 2162 1336 2206 Qantum
1369 2161 1505 2197 crescit
1534 2166 1571 2197 et
1603 2160 1742 2199 deficit.

752 2252 786 2288 7.
819 2250 900 2287 Deo
931 2251 1033 2297 patri
1063 2262 1146 2288 cum
1177 2250 1269 2299 filio,

823 2307 913 2344 Cum
945 2308 1082 2355 spiritu
1112 2308 1310 2357 paraclito,

823 2364 876 2402 Ut
907 2368 962 2401 est
993 2376 1067 2402 una
1098 2365 1320 2414 substantia,

820 2421 883 2460 Sic
914 2426 951 2457 et
983 2433 1056 2459 una
1086 2422 1135 2458 sit
1166 2422 1297 2469 gloria.

366 2510 393 2539 Β
418 2509 474 2540 fol.
500 2508 583 2541 8921.
612 2528 648 2531 -—
678 2512 704 2543 C
731 2510 788 2542 fol.
817 2509 926 2544 1381).
954 2529 994 2533 -—
1019 2509 1051 2551 3,
1077 2510 1098 2544 2
1122 2513 1257 2555 ligneus
1285 2513 1321 2544 (J.

826 2644 889 2680 151.
927 2647 1006 2687 (41.)
1042 2645 1094 2681 Ad
1121 2645 1275 2681 Laudes

292 2737 325 2774 1.
358 2737 486 2775 Omnis
519 2748 629 2774 sexus
662 2742 698 2774 et
729 2739 918 2785 quaelibet
1104 2742 1143 2779 2.
1176 2740 1321 2788 Gaude,
1355 2741 1424 2785 vir,
1457 2741 1590 2790 gaude,
1625 2739 1776 2783 femina,

360 2795 478 2830 Aetas
511 2794 665 2841 plaudat
699 2799 733 2831 et
763 2795 908 2843 iubilet,

360 2850 488 2887 Monet
521 2862 648 2887 omnes
679 2853 727 2888 ad
759 2852 947 2897 gaudium.

359 2907 428 2954 Qui
461 2908 558 2944 venit
592 2908 693 2946 salus
724 2909 900 2949 omnium.

1176 2798 1371 2834 Communi
1404 2798 1493 2834 laeti
1525 2798 1657 2844 gloria,

1176 2854 1318 2903 Virum,
1353 2865 1462 2901 quem
1494 2854 1595 2891 Deus
1627 2855 1763 2904 induit,

1174 2911 1312 2959 Ignara
1344 2911 1414 2949 viri
1445 2911 1604 2958 peperit.
