1914 3223
765 176 814 182 -
875 154 1070 209 591,-

130 275 214 299 suae
246 264 375 298 horis“.
401 267 443 300 G.
470 283 510 288 —-
539 268 681 308 „Oratio
717 267 828 299 sancti
861 266 1072 306 Thomae,
1102 277 1206 309 quam
1237 267 1327 299 dixit
1359 268 1395 300 in
1424 267 1518 300 felici
1543 269 1695 299 transitu

130 322 209 349 suo,
247 312 386 353 quando
422 313 553 354 recepit
589 310 870 345 eucharistiam“.
904 313 946 344 H.
978 329 1023 334 —
1057 313 1199 353 „Oratio
1237 313 1272 344 in
1306 314 1504 356 praesentia
1536 315 1693 355 corporis

130 357 295 390 Christi“.
321 358 348 389 Ι.

224 403 382 443 „Devota
407 403 519 434 oratio
546 403 639 435 beati
664 402 858 435 'rhomae
891 403 940 435 de
967 403 1145 446 Aquino
1172 404 1215 436 ad
1239 415 1366 446 corpus
1393 401 1557 436 Christi“.
1582 404 1624 436 K.
1658 419 1696 426 -

131 447 273 487 „Oratio
291 448 403 479 sancti
420 447 482 479 Th
494 458 513 479 o
524 458 557 479 m
568 457 589 480 a
600 458 617 479 e
634 448 682 480 de
699 448 790 490 Aqu
802 449 845 479 in
856 446 911 479 o“.
924 449 963 480 L.
979 465 1020 470 —
1037 449 1179 487 „Oratio
1194 450 1305 481 sancti
1320 449 1476 482 Thomae
1488 449 1530 481 de
1545 448 1696 491 Aquino,

130 502 234 534 quani
266 491 356 524 dixit
388 493 424 524 in
458 493 554 524 felici
586 494 737 525 transitu
769 503 850 531 suo,
889 490 1059 536 [quando]
1093 494 1339 526 eucharistiam
1372 492 1534 537 recepit“.
1570 496 1618 527 M.
1653 512 1697 516 —

131 537 234 579 „Alia
258 539 369 569 oratio
394 539 506 569 sancti
531 535 753 571 Thomae“.
780 539 821 570 N.
840 555 884 560 —
905 538 1046 579 „Oratio
1072 539 1164 571 beati
1192 539 1385 572 Thomae
1414 540 1462 572 de
1488 537 1696 581 Aquino“.

129 583 169 614 Ο.
201 600 246 604 -
277 583 373 624 „Hos
403 593 526 615 versus
559 584 718 625 promisit
751 580 832 626 [sic]
865 587 1006 615 sanctus
1038 583 1224 616 Thomas
1257 585 1306 617 de
1338 587 1511 627 Aquino
1545 586 1697 617 instante

128 639 191 660 suo
228 629 325 660 obitu
362 631 442 660 ante
479 630 710 670 sumptionem
746 630 902 670 corporis
938 629 1081 660 Domini
1118 632 1228 662 nostri
1263 632 1342 662 Iesu
1375 628 1546 663 Christi“.
1579 631 1618 662 P.
1653 647 1696 652 —

130 674 272 715 „Oratio
309 673 472 712 dicenda,
506 673 644 715 quando
678 684 802 716 corpus
832 673 963 706 Christi
997 676 1033 706 in
1067 675 1170 707 altari
1203 678 1387 714 tractatur,
1419 686 1523 717 quam
1556 679 1696 708 sanctus

127 719 320 751 Thomae
344 718 394 751 de
411 719 586 760 Aquino
615 716 842 761 composuit“.
862 720 902 759 Q.
920 737 962 742 —
984 720 1126 761 „Oratio
1146 721 1237 753 beati
1255 721 1445 753 Thomae
1463 721 1505 753 de
1521 721 1698 763 Aquino

130 767 212 796 ante
240 764 551 797 communionem“.
578 765 609 796 R
632 782 676 786 —
