1914 3223
142 274 179 310 2.
212 268 269 310 Tu
301 281 342 309 es
373 280 489 312 eausa
520 270 623 310 uitae
656 269 800 315 mundi,

213 325 469 368 Bithalassum
502 326 667 366 exeundi

270 381 466 431 Naufragii
497 383 718 432 errantium,

214 438 405 479 nomicilii
436 438 634 486 immundi,

213 495 437 544 CulpabiliS,
468 495 710 536 tremebundi

269 552 397 593 Animi
430 553 568 592 tollens
599 552 748 599 uitium,

216 608 471 649 lnterimemlo
502 610 671 655 noxium,

212 664 389 715 mitigans
421 671 557 706 uentos
588 663 724 709 lit-ium,

268 722 412 763 Itinera
444 723 651 763 errabundi

211 778 452 825 Rectificans,
487 778 667 818 iudicium

211 835 470 877 Blandificans
501 837 566 875 uel
597 836 760 882 spatium

269 891 468 942 Elargiens
499 892 738 933 transeundi.

864 155 945 191 :³533
1009 180 1055 183 *-

959 272 994 307 23.
1031 266 1237 307 Benedicta
1268 277 1309 307 es
1340 271 1485 313 notata,

1027 322 1260 371 Etru-naliter
1284 321 1434 372 dotata,

1084 379 1312 428 lmporatrix
1347 381 1578 424 caelestium,

1027 435 1282 477 Thesauraria
1312 441 1462 482 uocata,

1031 494 1237 531 salutifera
1268 492 1423 533 firmata

1083 548 1315 597 Reparatrix
1347 551 1572 597 uiventium,

1023 605 1262 646 Consolatrix
1294 607 1522 649 timentium,

1024 660 1293 703 Umbraculum
1326 664 1575 710 sperantium,

1086 717 1224 759 Valere
1255 721 1493 760 exsistimata

1026 774 1252 816 Necessitati
1284 778 1465 826 tristium,

1026 831 1180 881 Rigoris
1212 832 1271 873 ius
1304 834 1555 882 spectantium

1082 887 1189 929 Totis
1223 892 1325 930 uotis
1359 889 1543 930 invocata.

215 973 358 1006 Collect.
385 982 446 1003 ms.
472 971 753 1003 Claraevallense
779 980 868 1001 saec.
897 967 948 1001 15.
998 969 1083 1002 eod.
1112 969 1253 1002 Trecen.
1284 967 1380 1001 1612.

543 1093 624 1129 352.
661 1094 719 1133 (7.)
755 1092 883 1137 Super
908 1092 1035 1128 Credo
1063 1092 1103 1127 in
1129 1093 1268 1129 Deum.

167 1224 175 1232 .
208 1187 344 1231 Credo
378 1200 445 1237 ego
478 1188 697 1233 catholicus,

211 1247 380 1294 Simplex
412 1246 481 1282 sim
514 1245 573 1282 vel
605 1244 835 1281 ierarchicas

265 1304 362 1342 Fide
394 1302 499 1340 firma
533 1308 567 1338 et
599 1301 778 1348 simplici,

212 1361 401 1408 Implicite
421 1356 463 1396 'si
494 1359 625 1406 laicus,

210 1417 403 1465 Explicite
435 1417 466 1453 si
498 1415 658 1452 clericus

265 1474 444 1522 Symbolo
476 1473 560 1510 volo
591 1471 724 1520 subici,

207 1534 241 1570 A·
271 1532 506 1568 firmamento
539 1529 636 1566 deiei

209 1590 406 1635 Nunquam
439 1587 523 1624 volo
554 1597 624 1623 nee
655 1584 755 1622 effici

267 1646 316 1684 Ut
349 1645 503 1691 planeta
534 1643 731 1688 erraticus,

209 1703 313 1741 Malo
343 1706 501 1738 mortem
533 1711 643 1747 quam
675 1699 778 1736 infici

208 1759 415 1797 Erroribus
447 1758 627 1794 baeretici

266 1816 357 1863 Legi
390 1815 462 1852 Dei
494 1814 753 1854 contendicus.

169 1926 176 1932 .
210 1894 258 1935 ln
290 1892 436 1941 Deum,
468 1905 490 1931 a
520 1905 592 1940 quo
623 1893 797 1931 conditus

207 1953 276 1990 Est
312 1951 483 1995 mundus!
518 1951 643 2000 credo,
678 1951 852 1996 primitus

264 2010 344 2047 Iam
376 2008 470 2045 lueis
500 2013 584 2044 orto
614 2008 751 2057 sidere,

208 2066 321 2104 Fidei
353 2070 408 2101 est
438 2065 629 2110 introitus3

210 2122 285 2161 Ubi
316 2133 384 2169 ego
415 2121 628 2168 neophytus

223 2219 225 2221 ,
266 2178 395 2216 Debeo
427 2179 560 2224 pedem
593 2178 731 2227 figere3

162 2249 164 2251 ’
210 2236 346 2273 Parum
378 2240 434 2271 est
467 2235 545 2272 Deo
576 2235 733 2271 eredere

211 2292 278 2329 Vel
311 2292 443 2340 Deum,
476 2292 511 2328 ni
544 2302 779 2338 praeponere

266 2348 312 2385 Ei
345 2348 456 2385 velim
486 2348 539 2385 nil
572 2349 753 2395 eorditus,

210 2405 292 2442 Nisi
328 2416 409 2442 eum
442 2405 598 2451 diligere

209 2462 330 2498 Velim
364 2458 479 2499 verbo
510 2467 544 2498 et
577 2472 691 2508 opere

264 2518 314 2555 Et
346 2523 425 2555 toto
456 2519 571 2555 corde
602 2518 789 2564 primitus,

171 2626 180 2634 .
213 2593 387 2637 Patrem
420 2599 580 2644 primum
612 2597 811 2643 magnifico

213 2655 418 2691 Aeternum
451 2659 488 2690 et
518 2654 700 2700 glorifico,

266 2712 300 2747 A
332 2721 404 2758 quo
435 2722 554 2747 meum
589 2711 783 2747 exordium

212 2767 383 2814 Eumque
414 2767 467 2803 sie
499 2767 675 2814 speeitico

213 2823 406 2862 Catholiee
437 2828 471 2860 et
504 2824 666 2872 explico,

268 2880 374 2930 Quod
406 2881 577 2929 genuerit
607 2879 735 2931 filium⁷

1026 1188 1228 1234 Ipsumque
1259 1199 1341 1225 esse
1371 1189 1499 1233 alium,

1025 1243 1110 1280 Non
1141 1245 1245 1282 aliud
1278 1256 1345 1291 per
1376 1247 1570 1292 proprium

1084 1302 1288 1339 Personale
1320 1302 1498 1350 diiudice,

1025 1358 1160 1395 Finem
1195 1364 1306 1406 atque
1339 1360 1567 1406 principium

1025 1416 1150 1462 Atque
1182 1427 1309 1453 eorum
1342 1417 1509 1453 nescium

1087 1473 1276 1520 hunginor
1307 1478 1343 1509 et
1376 1473 1514 1512 iudico,

953 1557 990 1592 4.
1024 1550 1369 1607 omnipotentem
1400 1553 1545 1599 pariter

1022 1611 1229 1657 Omniaque
1259 1610 1427 1647 suaviter

1081 1668 1354 1714 Dispouentem
1387 1667 1485 1703 buno
1516 1667 1683 1715 clamito,

1024 1725 1086 1762 Nil
1119 1723 1274 1761 frustra.
1308 1724 1360 1760 nil
1392 1724 1557 1760 inaniter

1025 1782 1173 1828 Nilque.
1207 1781 1279 1817 nisi
1310 1781 1456 1817 utiliter

1079 1839 1307 1883 Operantem
1340 1837 1528 1886 recogito3

1023 1896 1062 1933 Si
1094 1896 1129 1932 in
1165 1896 1233 1932 hae
1265 1884 1340 1931 fid'e
1371 1895 1527 1943 haesito,

1024 1952 1062 1989 Si
1094 1952 1230 1989 vacillo
1263 1952 1320 1988 vel
1354 1951 1497 1998 dubito,

1081 2010 1165 2046 Non
1196 2020 1277 2045 sum
1309 2009 1496 2044 discretus
1527 2007 1684 2055 arbiter,

1025 2066 1127 2113 Eget)
1161 2066 1247 2102 duci
1280 2065 1410 2112 digito,

1023 2124 1118 2170 Quia
1149 2133 1280 2160 errans
1312 2121 1484 2159 exorbito
1531 2155 1535 2158 .

1082 2180 1132 2216 Et,
1164 2180 1334 2226 relinquo
1367 2179 1502 2215 bonum
1536 2178 1621 2215 iter.

958 2262 994 2298 5.
1026 2256 1273 2299 Creatorem
1308 2259 1405 2294 hunc
1437 2257 1569 2305 fateor,

1018 2318 1052 2353 A
1083 2328 1155 2363 quo
1188 2327 1272 2352 reus
1304 2326 1370 2361 ego
1402 2325 1498 2361 reor,

1081 2374 1220 2410 Rerum
1254 2377 1401 2408 creatas
1432 2371 1591 2418 species,

1023 2430 1138 2475 Quem
1171 2430 1331 2466 adorare
1362 2433 1504 2474 teneor,

1026 2487 1081 2523 De
1113 2498 1184 2532 quo
1217 2486 1356 2522 dietum
1391 2484 1590 2521 confiteor:

1080 2543 1139 2580 llli
1171 2543 1241 2579 soli
1273 2546 1313 2578 tu
1344 2542 1508 2586 servies3

1027 2601 1110 2649 Hoc
1141 2611 1212 2635 non
1246 2598 1317 2635 feci
1349 2598 1527 2634 millesies

1029 2658 1114 2694 Mea
1149 2656 1258 2702 culpa
1291 2661 1325 2691 et
1359 2655 1513 2701 pluries,

1084 2714 1147 2750 Me
1180 2712 1367 2758 perditum
1399 2712 1561 2758 intueor,

1026 2770 1109 2807 Nisi
1141 2769 1262 2805 dicat:
1297 2769 1421 2804 salvus
1453 2768 1532 2815 fies,

1026 2827 1082 2863 Tu
1115 2837 1152 2863 es
1183 2836 1266 2862 mea
1297 2825 1506 2873 progenies,

1082 2883 1164 2925 Tui,
1198 2882 1263 2932 fili,
1297 2881 1488 2922 misereor.
