2031 3289
849 227 904 231 —-
964 204 1046 245 47⁴5
1109 227 1159 232 —

222 317 275 353 13.
314 320 344 352 Ο
369 320 494 357 Maria,
518 321 627 350 mater
651 319 720 359 pia,
1041 313 1094 348 15.
1133 316 1240 356 Quies
1264 315 1375 351 fessis,
1405 318 1525 357 portus
1550 317 1681 354 mersis,

361 365 440 396 Dux
465 369 499 396 et
522 365 581 395 via
606 362 762 405 praemii,
1176 360 1361 392 Universis
1385 360 1534 402 requies,

313 410 395 441 Dux
420 409 583 446 Hebraei,
608 415 709 449 porta
735 408 821 449 spei,
1130 406 1223 437 Vera
1247 407 1330 446 vita,
1356 409 1435 437 tuos
1460 405 1533 437 dita

357 455 471 486 Mater
494 455 561 486 Dei
584 452 658 484 filii.
1174 450 1362 482 Benedicta
1386 450 1511 482 milies.

222 537 276 571 14.
312 540 394 571 Dux
419 539 603 576 constanti,
629 547 689 579 pes
714 537 855 573 labenti,
1042 533 1092 567 16.
1130 534 1160 566 O
1185 535 1297 572 beata,
1323 544 1392 576 qua
1416 538 1469 566 est
1492 534 1575 566 data

358 584 524 625 Princeps
549 583 811 620 sanctimoniae,
1174 580 1313 612 Veritas
1338 582 1372 612 et
1394 581 1519 622 gratia,

314 629 419 660 Auris
445 628 559 666 surdo,
583 629 692 659 vestis
717 627 809 658 nudo
1130 625 1229 657 Caeli
1253 626 1348 656 cives
1372 625 1427 656 fac
1451 635 1524 663 nos,
1551 624 1649 657 dives

361 673 545 706 Plenitudo
569 674 714 714 gratiae.
1177 671 1218 701 Iu
1242 670 1492 702 misericordia.

611 755 663 789 17.
702 758 774 789 Nos
801 757 977 788 reflamma
1002 755 1116 787 cordis
1141 755 1290 793 flamma,

747 803 776 834 O
801 805 839 833 tu
863 811 990 833 manna
1015 802 1161 843 gratiae,

703 848 807 879 Dulci
830 847 894 878 illa
919 846 960 878 de
987 845 1144 877 mamilla

747 893 875 924 Rorem
899 891 994 923 stilla
1019 891 1152 923 veniae.

316 979 405 1011 Hier
429 978 545 1020 folgen
570 987 632 1009 aus
656 975 851 1018 Rhythmus
872 976 922 1007 IV
950 975 1017 1008 Str.
1045 972 1157 1006 6—16
1181 974 1281 1013 incl.;
1306 973 1399 1005 danu
1427 983 1489 1004 aus
1507 972 1701 1014 Rhythmus
1719 974 1788 1005 XII

223 1025 294 1057 Str.
324 1021 457 1056 19—25
481 1022 581 1062 incl.;
608 1021 745 1054 endlich
770 1031 833 1071 aus
862 1020 1056 1060 Rhythmus
1082 1020 1133 1051 IX
1159 1018 1225 1050 Str.
1250 1016 1396 1057 32-36,
1422 1019 1485 1049 mit
1509 1018 1569 1050 der
1593 1018 1789 1061 Doxologie

768 1106 822 1139 Sit
845 1107 1006 1144 Messiae,
1036 1106 1082 1137 sit
1105 1105 1239 1136 Mariae

816 1151 917 1183 Omni
943 1151 1000 1182 die
1025 1151 1149 1192 gratia,

769 1197 876 1236 Patri,
903 1196 992 1238 proli
1020 1199 1054 1228 et
1077 1197 1187 1227 amori

815 1243 889 1274 Deo
915 1242 982 1273 soli
1007 1241 1133 1283 gloria.

317 1329 367 1360 Es
404 1329 491 1371 folgt
523 1329 632 1360 Pars
669 1328 738 1359 VII
770 1341 814 1351 =
847 1326 1042 1368 Rhythmus
1075 1325 1137 1357 XI.
1186 1326 1272 1356 Pars
1297 1325 1382 1356 VIII
1406 1338 1450 1348 =
1474 1323 1639 1365 Rhythm.
1667 1324 1739 1362 ΙΙΙ,
1770 1322 1791 1355 5

225 1375 296 1406 und
325 1374 364 1414 6,
392 1375 485 1410 XIV,
515 1370 641 1414 1—173
666 1373 726 1410 IV,
753 1369 905 1412 17—263
931 1372 1027 1409 XIV,
1058 1368 1205 1410 19-213
1231 1370 1310 1408 XII,
1340 1367 1465 1408 l·—IS;
1491 1369 1600 1400 daun:

704 1457 804 1497 Quod
829 1460 998 1498 optamus.
1025 1455 1118 1498 quod
1143 1465 1316 1496 rogamus,

751 1503 865 1534 Donet
889 1502 1001 1533 almus
1027 1502 1181 1542 spiritus,

704 1548 772 1587 Qui
798 1551 831 1579 te
856 1548 954 1587 lavit,
980 1548 1040 1588 qui
1064 1546 1222 1584 vallavit,

750 1594 817 1633 Qui
843 1593 994 1624 sacravit
1018 1591 1174 1624 caelitus.

319 1680 472 1712 Hierauf
492 1690 554 1712 aus
579 1678 743 1721 Rhythm.
769 1679 833 1710 XV
859 1678 925 1710 Str.
951 1674 1097 1709 21—27.

898 1793 1021 1830 Pars
1063 1790 1132 1829 IX.

684 1887 713 1921 1.
750 1888 884 1925 Gaude,
909 1889 1022 1929 virgo,
1047 1896 1136 1929 quae
1161 1887 1258 1928 origo

796 1934 908 1966 Nobis
933 1944 970 1965 es
994 1933 1150 1964 laetitiae

750 1980 1015 2021 Redemptorem
1042 1981 1075 2009 et
1100 1980 1275 2010 auctorem

796 2024 970 2056 Pariendo
996 2023 1140 2066 gloriae.

320 2109 370 2141 Es
395 2109 512 2151 folgen
537 2121 599 2143 aus
625 2110 787 2152 Rhythm.
813 2111 863 2142 IV
887 2110 954 2142 Str.
979 2106 1001 2141 3
1025 2108 1096 2141 und
1121 2106 1160 2148 23
1192 2107 1259 2145 VI,
1294 2104 1402 2145 3—53
1435 2106 1538 2143 VIII,
1565 2102 1626 2138 34:
1661 2105 1727 2142 IX,
1753 2102 1792 2142 ὃς

229 2155 328 2193 VIII,
355 2151 409 2193 36,
435 2153 489 2193 35,
515 2153 567 2195 39,
593 2154 648 2188 40.

685 2199 737 2233 14.
773 2200 873 2233 Felix
897 2201 1005 2237 sinuS,
1031 2209 1098 2240 quo
1123 2198 1264 2230 divinus

819 2246 1006 2288 Requievit
1031 2244 1184 2286 spiritus,

774 2291 872 2323 Felix
897 2290 1023 2330 ulna(!)
1049 2289 1112 2321 sub
1137 2288 1304 2320 mamilla.

821 2336 980 2369 Christus
1005 2337 1094 2367 iacet
1120 2334 1273 2366 inclitus,

323 2422 476 2457 Hierauf
495 2433 557 2455 aus
584 2422 745 2463 Rhytlun.
771 2422 858 2453 VIII
883 2423 951 2453 Str.
975 2418 1019 2452 36
1044 2419 1115 2451 und
1138 2417 1192 2457 38,
1217 2428 1280 2450 aus
1305 2418 1393 2450 XIII
1419 2418 1487 2451 Str.
1516 2415 1651 2449 ll-und
1678 2413 1730 2450 10.

642 2499 693 2534 18.
733 2502 844 2541 Quam
870 2503 1025 2532 sacratae
1051 2509 1156 2542 quam
1181 2499 1303 2530 beatae

777 2547 901 2578 Manus
926 2549 1030 2587 atque
1055 2544 1209 2582 brachia,

731 2593 827 2632 Quae
853 2594 1024 2633 paverunt
1048 2594 1080 2622 et
1104 2592 1295 2631 gesseruut,

776 2638 842 2669 Per
866 2647 966 2679 quem
991 2637 1111 2678 vigent
1135 2635 1262 2667 omnia.

625 2716 674 2750 19.
713 2717 882 2749 Pulchrae
906 2726 1015 2758 genae
1041 2717 1178 2747 iunctae
1205 2714 1304 2756 plene

753 2763 899 2795 Genulis
925 2761 1069 2798 deificis,

708 2808 755 2839 Os
782 2808 919 2839 beatum
946 2809 1137 2838 saturatum

756 2853 895 2883 Osculis
924 2852 1110 2883 mellifluis.

326 2938 470 2970 Sodann
496 2946 559 2968 aus
584 2934 751 2975 Rhythm.
778 2933 827 2966 Ill
856 2934 922 2963 Str.
952 2928 1094 2968 11-13,
1123 2927 1255 2962 15-33
1281 2928 1348 2961 und
1375 2937 1436 2959 aus
1462 2927 1547 2958 VIII
1573 2926 1640 2957 Str.
1665 2922 1718 2955 41.
