2031 3289
898 197 947 200 â€”
1011 174 1091 213 134

417 287 491 324 Sed
522 291 657 333 parata
688 287 878 324 invocanti

472 343 626 380 cuilibet
656 354 890 381 succurrere.

417 405 446 442 O
478 410 637 452 patrona
669 409 922 453 peccatorum,

474 462 546 499 huc
575 463 624 500 ad
655 473 722 499 nos
755 466 986 509 convertere,

417 524 611 561 Illustrato
643 529 765 561 terras
796 528 944 561 nostras

474 581 599 617 vultus
630 581 684 617 tui
716 580 842 617 sidere

415 642 467 679 Et
498 652 543 678 ex
573 642 640 679 illa
670 643 760 679 sede
790 646 855 680 tua

476 699 625 735 domum
655 699 767 736 istam
799 700 945 745 respice

278 762 370 798 245.
404 762 453 798 Et
486 762 706 799 commenda
737 762 916 798 salvatori

474 818 596 855 locum
627 817 726 854 hunc
756 818 908 854 assidue

417 880 475 916 Ac
505 879 667 926 benigna
696 881 816 917 nostri
847 890 989 917 memor

476 947 543 973 nos
574 948 596 973 a
626 937 734 973 malis
765 937 870 983 eripe

419 998 694 1045 Beneficiisque
725 999 798 1036 tuis

475 1055 708 1092 incessanter
738 1054 881 1104 refove,

419 1117 489 1163 Qui
519 1128 588 1154 nos
619 1117 689 1153 tibi
721 1118 1022 1156 commendamus

475 1173 567 1211 satis
598 1175 822 1222 necessarie,

401 1237 675 1284 vImplorantes
706 1247 814 1283 opem
846 1242 948 1274 tuam

478 1303 592 1339 super
623 1304 690 1330 nos
723 1294 965 1332 descendere.

298 1359 392 1396 255.
425 1357 499 1394 Pro
529 1356 697 1402 peccatis
724 1356 864 1404 quippe
885 1357 1024 1393 nostris

478 1412 705 1449 tribulamur
733 1413 900 1460 undique

395 1476 446 1513 Et
477 1475 769 1521 praevaluerunt
801 1475 839 1512 in
869 1486 936 1512 nos

480 1531 643 1568 hostium
674 1531 848 1578 insidiae,

425 1588 494 1634 Qui
526 1598 592 1624 nos
626 1588 737 1624 dente
768 1588 928 1635 genuino

482 1655 555 1681 non
588 1648 734 1681 cessant
768 1645 968 1681 corrodere

426 1702 471 1739 Et
505 1701 695 1747 carpendo
723 1701 837 1738 vitam
861 1705 1027 1739 nostram

481 1758 580 1795 mala
611 1769 677 1794 sua
709 1762 847 1804 tegere,

427 1816 590 1861 Quorum
623 1815 749 1861 lingua
779 1815 952 1862 graviore

483 1882 550 1908 nos
581 1871 702 1908 affecit
736 1872 903 1918 vulnere,

424 1929 540 1975 Quam
574 1929 605 1964 si
626 1939 789 1965 morsum
812 1933 1028 1975 pateremur

484 1985 629 2022 colubri
661 1985 720 2021 vel
752 1985 918 2032 viperae.

427 2044 526 2088 Quos
558 2045 598 2078 tu
628 2046 749 2079 mater
780 2042 826 2079 ab
858 2042 1009 2089 incepto

484 2096 634 2135 refrena
665 2101 701 2134 et
732 2099 877 2144 cohibe,

427 2155 484 2192 Ne
516 2166 583 2191 nos
614 2155 799 2201 impedire
830 2156 974 2202 possint

485 2222 610 2248 eorum
645 2212 865 2262 calumniae,

427 2268 516 2314 Sed,
529 2269 628 2314 quod
640 2273 770 2305 contra
782 2280 849 2306 nos
862 2274 1056 2319 conantur,

484 2325 628 2372 dissipa
658 2329 696 2362 et
727 2325 879 2362 destrue

427 2383 483 2419 Ac
516 2382 695 2418 resistens
727 2380 817 2419 forti
848 2394 959 2420 manu

486 2438 697 2476 resistendo
729 2440 919 2485 praevale.

431 2495 513 2532 Non
537 2495 716 2532 babemus
738 2496 848 2543 enim,
879 2497 942 2543 qui
963 2508 1030 2534 1105

485 2556 640 2589 conetur
672 2551 894 2602 defendere,

428 2609 502 2645 Sed
534 2609 745 2655 praedones
777 2613 811 2645 et
844 2611 1009 2657 tyranni,

483 2665 666 2702 satellites
698 2665 871 2712 Satanae,

430 2722 556 2758 Genus
588 2723 738 2772 malum,
771 2723 851 2770 lupi
881 2718 1028 2770 graves,

487 2779 584 2815 servi
617 2780 799 2816 avaritiae

430 2835 533 2871 Bona
566 2840 696 2872 nostra
729 2836 951 2874 devorantes

488 2893 615 2939 rapaci
646 2893 810 2942 ingluvie

291 463 383 499 240.

293 1057 387 1093 250.

298 1647 393 1684 260.

298 1931 392 1968 265.

300 2214 396 2251 270.

303 2497 397 2534 275.

304 2778 397 2817 280.

1231 290 1357 328 Corda
1387 293 1516 327 nostra
1546 290 1787 338 repleverunt

1286 350 1393 383 aceto
1424 350 1461 383 et
1488 347 1584 386 aloe.

1109 409 1204 446 285.
1233 407 1437 444 Consolare
1469 408 1681 453 destitutos,

1288 464 1405 510 lapsis
1435 476 1584 501 manum
1615 464 1766 510 porrige

1232 526 1283 562 Et
1312 526 1408 563 educ
1440 526 1486 563 de
1513 527 1592 563 luto
1621 524 1740 563 faecis

1291 586 1328 618 et
1357 583 1441 618 lacu
1472 583 1657 627 miseriae,

1229 644 1287 681 Ne
1319 654 1386 681 nos
1418 645 1549 681 mortis
1582 643 1834 690 sempiternae

1292 701 1612 747 comprehendant
1643 699 1834 743 tenebrae,

1234 763 1308 800 Sed
1335 763 1500 799 illustret
1520 768 1663 799 mentes
1687 767 1835 799 nostras

1292 820 1355 856 lux
1389 819 1561 856 caelestis
1593 819 1748 869 gratiae,

1234 882 1344 918 Dono
1374 881 1478 918 cuius
1510 882 1642 918 sordes
1671 884 1799 918 tantas

1290 938 1475 986 possimus
1507 938 1680 984 evadere,

1236 1000 1378 1046 Quibus
1399 1000 1567 1037 membra
1589 1011 1657 1037 sua
1676 999 1838 1037 mundus

1291 1057 1425 1103 polluit
1457 1055 1614 1094 nefarie.

1236 1120 1293 1156 Tu
1324 1129 1363 1155 es
1394 1119 1492 1156 enim
1524 1123 1645 1156 mater
1675 1117 1819 1156 Christi

1292 1176 1417 1213 suavis
1448 1175 1663 1223 memoriae,

1236 1239 1311 1275 Per
1332 1249 1441 1285 quarn
1457 1238 1565 1275 nobis
1582 1241 1669 1274 sunt
1684 1241 1840 1284 apertae

1292 1295 1465 1342 paradisi
1495 1295 1641 1342 ianuae,

1237 1358 1339 1403 Quae
1364 1363 1437 1393 tam
1460 1364 1593 1403 potens
1615 1367 1654 1393 es
1679 1356 1717 1393 in
1739 1356 1839 1394 omni

1294 1413 1473 1450 bonitatis
1504 1424 1630 1460 opere,

1238 1476 1288 1515 Ut
1320 1475 1470 1513 0111111110
1502 1476 1551 1514 sit
1581 1475 1746 1521 beatum,

1296 1533 1417 1579 qualis
1448 1533 1510 1582 sis,
1544 1542 1759 1579 agnoscere.

1239 1589 1487 1627 Benedictum
1518 1599 1652 1626 nomen
1683 1588 1761 1625 eius

1295 1650 1467 1684 sanctum
1501 1649 1537 1682 et
1567 1645 1754 1691 mirabile,

1238 1703 1308 1749 Qui
1339 1713 1407 1749 per
1432 1702 1561 1740 orbem
1583 1706 1686 1739 tuum
1708 1712 1842 1738 nomen

1297 1770 1378 1796 esse
1409 1757 1499 1795 fecit
1530 1759 1690 1808 celebre,

1242 1817 1313 1854 Per
1341 1816 1440 1863 quod
1472 1819 1600 1863 posset
1633 1816 1707 1852 reis
1738 1815 1814 1852 suis

1295 1876 1452 1919 peccata
1483 1873 1689 1910 remittere.

1239 1930 1472 1968 Benedicant
1503 1934 1540 1966 te
1570 1940 1640 1976 per
1670 1939 1802 1966 aevum

1299 1986 1457 2024 virtutes
1488 1986 1681 2034 angelicae

1212 2044 1263 2081 Et
1295 2043 1480 2080 Iohannes
1510 2043 1566 2079 illi
1595 2043 1668 2080 duo

1298 2100 1448 2137 virtutis
1480 2100 1665 2148 egregiae,

1116 2159 1207 2196 315.
1242 2158 1483 2204 Praecursor,
1516 2156 1759 2203 evangelista,

1297 2225 1389 2260 quos
1419 2224 1522 2250 amas
1552 2213 1768 2262 praecipue,

1242 2271 1362 2318 Regni
1394 2270 1464 2307 Dei
1496 2270 1709 2307 cardinales

1299 2332 1336 2363 et
1366 2327 1487 2365 olivae
1516 2327 1697 2374 geminae,

1242 2383 1432 2429 Caritatis,
1465 2383 1655 2431 puritatis,

1297 2441 1449 2487 pietatis
1480 2440 1625 2478 unicae.

1239 2497 1290 2534 Hi
1322 2497 1371 2535 ad
1403 2497 1551 2535 laudem
1585 2497 1767 2534 creatoris

1298 2558 1335 2590 te
1365 2554 1404 2590 in
1435 2554 1535 2591 omni
1565 2558 1747 2600 tempore,

1242 2610 1494 2649 Dominatrix.
1526 2610 1751 2647 benedicant

1298 2671 1334 2703 et
1365 2671 1404 2703 tu
1436 2677 1494 2703 me
1526 2671 1562 2703 et.
1593 2678 1659 2715 ego
1690 2672 1738 2715 te,

1116 2725 1208 2762 325.
1240 2724 1416 2770 Quamvis
1438 2724 1554 2760 multo
1571 2727 1844 2770 praegravatus

1297 2785 1535 2827 peccatorum
1568 2780 1747 2827 pondere.

1243 2838 1360 2875 Parce
1390 2837 1493 2885 1111111,
1526 2837 1701 2885 gloriosa,

1298 2904 1366 2931 nec
1398 2894 1602 2932 vindictam
1633 2895 1777 2941 accipe,

1107 703 1202 738 â´290.

1109 1002 1203 1039 295.

1110 1296 1203 1335 300.

1115 1592 1207 1629 305.

1115 1874 1208 1913 310.

1115 2442 1208 2479 320.
