2031 3289
0 484 4 523 ffi‘
0 309 12 402 *aba*
0 249 12 308 1:⁷3:
0 62 12 237 Ess-—v-

4 1748 8 1795 Η...
0 1459 9 1741 ψ-,ἡωᾳ-ιῆηψ-ο-
4 1437 8 1444 -
0 994 10 1426 ,δο-ν-φ-ι-εωῐοῐ-
0 951 1 954 ⁴
0 873 3 883 -

973 208 1283 250 —264—

351 327 422 364 23.
466 324 590 368 Salve,
622 335 767 372 gemma
798 324 996 370 virginum,

463 382 562 418 Vera
592 382 693 418 salus
724 381 927 428 hominum,

518 438 675 484 Semper
706 447 867 474 vernans
899 447 1010 484 rosa;

350 548 420 584 3a.
462 545 596 582 Mundi
629 545 744 592 salus,
776 548 885 590 porta
918 543 1025 591 caeli,

461 602 586 638 Decor
617 601 735 638 Saron
769 606 805 637 et
836 600 1011 648 Carmeli,

520 658 716 705 Virginum
749 658 912 699 aureola,

348 769 418 804 4a.
463 766 559 803 Nam
592 769 628 802 te
660 766 767 813 virga
797 765 1066 812 praesignavit,

463 824 565 870 Quae
597 829 791 869 serpentes
825 821 1030 871 devoravit,

518 879 722 925 Serpentes
754 889 959 926 magorum.

351 989 422 1024 5a.
454 986 538 1023 Hac
568 987 605 1022 in
638 985 738 1022 valle
769 985 948 1023 desolatis

463 1042 560 1079 Tuta
590 1042 692 1079 salus
725 1042 945 1087 honestatis,

519 1099 640 1136 Dulce
672 1098 916 1144 domicilium,

348 1209 419 1245 Ga.
461 1206 540 1252 Quo
574 1206 654 1243 viso
685 1206 767 1243 Noe
797 1206 973 1251 laetatur,

518 1264 658 1301 Ramus
689 1274 728 1299 es
759 1263 903 1308 olivae3

349 1373 420 1411 7a.
467 1371 524 1408 Tu
554 1371 658 1408 locus
691 1381 729 1407 es
760 1371 960 1417 insignitus

520 1428 694 1474 Saphiris
727 1428 930 1474 virtutum3

347 1536 418 1573 Sa.
463 1535 589 1572 Mater
621 1535 704 1582 Dei,
737 1539 857 1572 mater
887 1535 1000 1580 vitae,

461 1592 584 1640 Felix,
619 1592 741 1640 dulce,
774 1597 906 1637 tutum,
939 1591 1029 1627 mite

520 1648 675 1685 Miseris
711 1649 891 1695 solamen,

1165 324 1237 363 2b.

1165 544 1238 583 3b.

1168 764 1240 802 4b.

1166 1205 1238 1245 6b.

1169 1370 1241 1409 7b.

1169 1534 1241 1572 8b.

1278 325 1383 362 Inter
1413 323 1541 370 spinas
1571 324 1704 370 lilium,

1277 380 1533 427 Supernorum
1570 380 1706 418 civium

1333 437 1446 484 Laus,
1477 437 1542 473 lux
1573 437 1750 483 gratiosa.

1277 544 1481 581 Veritatem
1514 543 1708 590 peperisti,

1276 600 1463 637 Haereses
1493 600 1729 643 interemisti,

1333 657 1615 703 Figmentorum
1646 656 1762 696 idola.

1280 765 1337 801 Tu
1366 768 1487 801 mater
1519 775 1557 800 es
1589 763 1773 811 veritatis,

1279 821 1540 867 Exstirpatrix
1571 820 1750 857 falsitatis

1335 878 1386 914 Et
1418 878 1538 914 cultus
1572 877 1739 914 deorum.

1280 984 1503 1022 Fecundata
1535 984 1686 1021 deitatis

1279 1041 1393 1088 Rore,
1424 1042 1605 1087 templum
1636 1040 1860 1086 sanctitatis,

1337 1097 1450 1135 Certa
1480 1108 1566 1146 spes
1597 1096 1778 1135 fidelium.

1278 1207 1352 1243 Per
1373 1210 1410 1242 te
1431 1216 1506 1251 pax
1524 1205 1610 1242 huic
1625 1206 1765 1242 mundo
1787 1205 1908 1252 datur,

1336 1262 1437 1299 Fons
1469 1272 1508 1298 es
1539 1272 1659 1308 aquae
1689 1262 1811 1300 vivae.

1280 1370 1337 1407 Tu
1367 1370 1500 1407 salutis
1532 1380 1638 1416 anca,
1671 1370 1760 1407 litus

1337 1425 1541 1474 Naufragis
1574 1427 1622 1464 da
1652 1431 1785 1465 tutum.

1282 1534 1365 1570 Due
1396 1533 1444 1570 ad
1475 1534 1597 1570 locum
1631 1533 1795 1581 deitatis,

1280 1590 1431 1635 Lucem,
1463 1601 1574 1637 quam
1608 1590 1672 1627 dat
1704 1590 1886 1627 claritatis

1337 1647 1414 1695 Sol,
1450 1643 1674 1698 [aeternam]
1707 1648 1828 1684 Amen

806 1825 888 1862 277.
925 1827 983 1868 (3.)
1017 1825 1074 1860 De
1101 1825 1230 1861 Beata
1255 1825 1386 1860 Maria
1411 1825 1458 1861 V.

348 1934 416 1972 la.
460 1933 524 1971 Ad
557 1932 674 1979 pedes
706 1931 948 1978 benignitatis

460 1991 575 2034 Tuae,
609 1994 730 2026 mater
760 1988 927 2035 pietatis,

515 2046 738 2084 Provolutus
766 2046 895 2093 iaceo;

351 2157 421 2194 221.
463 2154 647 2191 Vitiorum
679 2165 759 2190 sum
792 2164 996 2200 oppressus

460 2211 578 2254 Mole‚
612 2211 738 2247 multis
770 2221 850 2247 sum
882 2210 1056 2247 obsessus

518 2268 692 2306 Hostium
728 2267 891 2305 insidiis.

348 2377 370 2413 3
385 2386 418 2413 a.
457 2375 555 2424 Heu,
569 2375 659 2421 quid
669 2386 789 2422 agam,
804 2385 875 2421 quo
886 2384 944 2410 me
952 2377 1095 2412 vertam
1108 2372 1126 2410 ⁸?
1168 2375 1190 2412 3
1204 2373 1240 2412 b.

463 2431 552 2474 Sed,
573 2432 658 2469 dum
673 2442 822 2479 queror,
836 2441 936 2478 eece,
950 2435 1091 2468 certam

515 2488 727 2525 Nanciscor
758 2487 946 2525 fiduciam.

347 2599 420 2634 4a.
464 2596 524 2633 Ab
556 2596 701 2642 antiqui
733 2595 942 2633 Pharaonis

461 2653 591 2696 Manu,
624 2657 745 2689 mater
776 2652 1000 2700 Salomonis,

518 2710 697 2747 Potenter
728 2709 848 2746 tulisti

349 2819 419 2855 5a.
462 2817 651 2854 Munitum
683 2817 871 2863 capitibus

461 2873 626 2921 Septem,
662 2874 791 2911 decem
824 2873 1012 2918 cornibus,

517 2930 728 2968 Draconem
761 2930 896 2977 vicisti,

1169 1932 1186 1968 1
1204 1931 1240 1970 b.

1168 2152 1242 2190 ab.

1165 2595 1240 2633 4b.

1168 2815 1242 2855 5b.

1278 1931 1361 1967 Nisi
1393 1935 1479 1968 tuae
1510 1931 1696 1978 largitatis

1278 1988 1395 2034 Opem
1428 1986 1542 2033 feras,
1575 1999 1686 2034 quam
1717 1988 1856 2025 renatis

1335 2044 1456 2081 Ferre
1486 2045 1597 2091 soles,
1630 2055 1756 2091 pere0.

1281 2152 1393 2190 Ratio
1424 2152 1523 2189 iacet
1554 2152 1691 2199 sopita,

1280 2209 1376 2247 Caro
1408 2209 1515 2255 punit
1543 2209 1694 2246 irretita

1336 2266 1515 2303 Pristinis
1547 2266 1707 2305 deliciis.

1279 2374 1323 2411 In
1355 2377 1393 2410 te
1422 2373 1511 2420 fido,
1543 2377 1664 2411 mater
1694 2374 1777 2424 Dei,

1278 2430 1339 2467 Ad
1371 2435 1407 2467 te
1438 2430 1632 2468 venientes
1662 2431 1717 2468 rei

1334 2487 1622 2534 Consequuntur
1652 2488 1810 2526 veniam.

1280 2595 1545 2644 Theophilum,
1579 2607 1687 2642 quem
1719 2599 1886 2632 orantem

1276 2651 1389 2688 Fletu
1420 2662 1534 2698 genas
1565 2652 1784 2699 irrigantem

1334 2708 1475 2745 Libens
1507 2709 1709 2747 exaudisti.

1275 2816 1325 2854 Ut
1358 2817 1443 2853 vilis
1474 2820 1648 2863 apostata

1280 2873 1422 2910 Saevus
1452 2884 1565 2911 saeva
1596 2874 1633 2910 in
1666 2871 1746 2911 fata

1337 2930 1510 2978 Cederet,
1541 2930 1697 2969 iussisti.
