1914 3223
767 217 820 222 —-
881 194 962 233 3:33
1022 216 1075 221 -—

343 306 417 344 Sed
450 307 536 354 quia
568 311 692 344 mente
723 307 815 344 colis
847 308 1051 347 Christum.
1084 306 1192 355 quem
1225 308 1375 344 nomine
1406 307 1551 355 prodis,

402 364 443 401 ln
476 362 603 411 fragili
634 374 726 401 sexu
758 363 868 401 fortis
899 364 997 401 inest
1027 365 1186 402 animus.

344 419 513 458 Caelitus
544 420 650 466 igniti
682 419 852 467 frigescit
884 421 1036 459 flamma
1066 421 1216 467 camini,

403 477 620 524 Virgineum
654 487 790 523 corpus
823 488 894 513 non
928 478 1066 514 retinet
1098 478 1265 525 pelaguS.
1469 520 1472 522 .

256 534 304 572 15
349 532 434 570 Non
467 539 561 581 rota,
595 544 669 570 non
702 532 857 579 ferrum,
890 545 963 570 non
994 534 1141 580 spicula
1172 534 1275 570 mille
1308 533 1497 571 furentum

402 590 605 626 Immutant
637 590 814 639 animum,
849 590 954 635 virgo
984 590 1105 636 beata,
1138 596 1255 628 tuum.

345 646 536 693 Virgineis
567 646 744 694 precibus
774 646 921 683 iuvenis
955 647 1001 683 de
1032 652 1153 683 morte
1185 657 1383 694 resurgens

399 703 580 740 Aetlierei
613 703 712 749 regis
743 702 920 740 subditur
950 703 1132 750 imperiis.

343 759 442 805 Quid
476 760 621 796 Iuliane
652 758 745 796 facis
762 762 780 795 ’ἐ
811 759 916 806 quid,
950 771 1083 796 censor
1113 760 1252 807 inique,
1285 760 1472 797 moraris?

260 816 312 853 20
412 816 545 853 Victus
577 827 628 865 es,
660 822 699 853 ut
732 816 854 862 video,
887 821 1042 863 pectore
1074 815 1247 855 femineo.

345 872 502 919 Perfice,
535 873 635 919 quod
667 877 798 920 restat,
830 877 948 920 tenta,
981 874 1081 920 quod
1115 874 1244 910 durius
1277 877 1414 918 exstat,

402 929 487 966 Non
518 935 639 966 cesset
669 929 813 976 feritas,
845 941 920 966 non
952 934 1059 966 vacet
1091 930 1278 979 impietas,

344 985 466 1023 Aufer
495 986 620 1023 adhuc
650 986 828 1033 linguam,
860 986 986 1035 miser,
1017 985 1125 1023 aufer
1154 992 1352 1033 utramque
1382 984 1589 1029 mamillan,

402 1042 476 1080 Sed
509 1044 539 1079 si
571 1054 644 1079 non
675 1043 854 1089 loquitur,
886 1048 1011 1080 mente
1042 1043 1123 1080 Deo
1156 1042 1309 1081 fruitur.

255 1100 305 1137 25
348 1099 428 1137 Nos
459 1099 529 1135 tibi
561 1099 791 1145 commisso8,
825 1099 1030 1147 Christina,
1063 1100 1235 1146 piissima
1267 1101 1387 1146 virgo,

400 1156 564 1203 Protege
594 1156 801 1204 perpetuis,
834 1157 1036 1204 poscimus,
1068 1157 1236 1195 auxiliis.

345 1210 492 1251 Affluat
522 1213 560 1249 in
593 1213 701 1249 nobis
732 1213 877 1249 aeterni
908 1224 1041 1250 munus
1072 1213 1224 1260 amoris,

379 1270 519 1320 ,Quam
552 1270 657 1318 colis,
689 1269 738 1307 ad
770 1270 933 1316 patriam
962 1280 1055 1318 grex
1086 1274 1171 1306 tuus
1202 1273 1243 1306 ut
1275 1269 1414 1307 veniat.

232 1380 454 1422 Mai-tinengo
479 1381 501 1412 l.
527 1392 554 1412 c.
582 1392 614 1422 p.
644 1379 716 1413 170.
743 1398 785 1402 —
813 1382 874 1419 „In
899 1378 1064 1413 eandem“
1089 1379 1163 1421 (sel.
1190 1380 1426 1421 Christinam).

580 1594 663 1631 259.
701 1595 759 1636 (5.)
794 1595 852 1629 De
880 1595 1023 1630 sancta
1047 1595 1278 1630 Katharina

472 1722 623 1760 Laudes
653 1732 727 1760 non
758 1723 887 1770 pigeat
916 1733 1090 1770 promere
1122 1723 1308 1771 cantibus,

473 1780 573 1825 Quas
605 1779 710 1826 virgo
742 1780 890 1824 meruit,
924 1790 994 1816 nec
1024 1780 1169 1816 meritis
1198 1791 1322 1827 pares,

474 1836 627 1875 Candor
659 1836 861 1884 virgineus,
895 1837 1123 1883 praecipuus
1153 1836 1266 1884 nitor,

474 1893 554 1938 Quo
585 1891 691 1929 fulsit
723 1893 888 1939 sapiens,
920 1897 956 1929 et
988 1893 1138 1930 stabilis
1171 1893 1277 1930 valor

407 1951 428 1988 5
476 1949 622 1986 Extolli
653 1949 774 1986 titulis
805 1950 886 1986 iure
918 1954 1051 1996 petunt
1082 1950 1202 1996 novis,

475 2007 665 2042 Virtutum
698 2017 886 2051 numerus,
919 2017 991 2053 quo
1023 2007 1142 2054 viguit
1172 2006 1278 2043 brevi

473 2063 557 2100 Hoc
588 2063 687 2099 vitae
718 2064 843 2110 spatio
874 2063 943 2100 sub
975 2062 1104 2110 fragili
1134 2067 1249 2111 statu,

474 2119 674 2156 Extollens
706 2119 936 2156 Catharinae
966 2121 1116 2156 niveum
1151 2120 1277 2167 decus,

474 2177 579 2221 Quod
614 2187 686 2212 non
719 2176 929 2213 dilacerent
960 2177 1123 2223 plurima
1154 2175 1367 2222 commoda,

383 2235 433 2272 10
479 2233 565 2270 Non
596 2233 705 2270 tollat
737 2233 896 2281 species,
932 2233 1074 2270 divitiis
1108 2233 1232 2283 cadat,

477 2289 596 2327 Sexus
629 2288 780 2326 feminei
812 2289 934 2326 libera
964 2290 1101 2336 portio.

477 2346 644 2384 Grandis
675 2346 743 2382 sub
775 2350 928 2383 tenerae
959 2347 1040 2383 visa
1070 2347 1229 2383 scientia

476 2404 628 2440 Arcano
659 2403 805 2439 iuvenis
836 2404 953 2440 multa
983 2403 1202 2450 scientibus,

477 2460 574 2497 Dum
606 2458 754 2507 profert
784 2459 872 2496 fidei
905 2461 1065 2507 mystica
1097 2461 1286 2506 dogmata,

382 2518 432 2556 15
483 2516 565 2553 Non
594 2514 710 2552 infert
743 2516 886 2563 aliquid
917 2517 1069 2553 conscia
1098 2517 1222 2553 contio

481 2572 656 2609 lictricis
688 2573 856 2609 retinens
887 2573 1029 2610 lumina
1061 2572 1231 2619 fulgidae

481 2630 761 2676 Perdeutesque
792 2630 935 2666 animas
966 2630 1164 2666 inveniunt
1194 2640 1270 2666 eas.

479 2686 682 2723 Excellens
715 2684 841 2732 fragili
872 2686 988 2723 robur
1018 2687 1056 2723 in
1088 2686 1225 2722 arbore

479 2742 652 2788 Experta
683 2747 751 2782 est,
785 2742 950 2788 regimen
981 2753 1077 2789 quae
1106 2742 1238 2791 tenuit,
1271 2753 1415 2785 manus,

385 2801 436 2837 20
486 2799 580 2835 llum
614 2798 737 2844 pulsat
771 2799 960 2846 precibus,
994 2800 1081 2835 (lum
1114 2797 1223 2835 furiis
1255 2798 1378 2835 minax

484 2855 643 2892 Carnem
679 2855 891 2891 dilacerans
923 2855 991 2892 sub
1024 2855 1191 2892 tenebris
1221 2855 1331 2900 locat,

484 2912 535 2949 Ut
567 2911 729 2956 demptis
761 2912 921 2958 dapibus
952 2912 1180 2958 praecipitet.
1209 2912 1304 2950 neci.
