2031 3289
557 275 593 314 8.

411 489 514 528 Trop.
533 497 593 517 ms.
613 485 871 517 Cremifanense
890 495 979 516 saec.
1000 482 1050 516 12.
1085 485 1167 517 Cod.
1183 486 1413 520 Cremifanen.
1432 484 1508 518 309.
1526 503 1568 507 —
1586 484 1616 525 5,
1637 484 1653 517 1
1673 486 1886 527 praedietis,

530 816 564 851 1.

415 2314 580 2355 Sequent.

965 141 1307 199 —42-‘

640 274 719 311 Nos
751 283 900 319 semper
931 272 1131 309 Dominum
1163 277 1308 320 patrem
1341 272 1502 310 fatentes

638 332 683 368 In
714 334 763 378 te,
796 329 946 367 Christe
978 328 1092 377 Deus,
1125 329 1321 376 loquemur
1351 340 1463 366 unum

642 386 940 431 Constanterque
971 390 1073 421 tuam
1106 395 1252 422 crucem
1286 385 1461 424 feremus.

835 639 900 675 43.
938 640 1044 680 (160.)
1080 641 1180 675 Post
1207 640 1357 676 Cibum.

697 710 867 749 (Carnem.
893 710 952 749 iv,
982 708 1279 749 1—15373—752
1308 707 1507 747 loo—103).

611 814 740 850 Pastis
773 812 982 849 visceribus
1015 812 1171 859 ciboque
1203 818 1365 860 sumpto,

609 871 725 916 Quem
756 869 817 905 lex
849 869 1018 915 corporis
1049 869 1239 906 imbecilla
1270 869 1402 916 poscit,

610 926 779 963 Laudem
810 925 937 972 lingua
967 925 1047 962 Deo
1078 927 1178 972 patri
1211 925 1416 973 rependat3

615 1028 734 1074 Patri,
768 1027 828 1073 qui
863 1026 1065 1064 Cherubim
1097 1027 1216 1063 sedile
1247 1037 1393 1063 sacrum

612 1084 692 1120 Nee
722 1094 796 1120 non
827 1088 864 1119 et
897 1083 1094 1130 Seraphim
1125 1094 1232 1120 suum
1262 1093 1438 1130 supremo

615 1140 804 1178 Subnixus
836 1139 930 1176 solio
961 1144 1065 1176 tenet
1094 1140 1278 1186 regitque.

618 1242 692 1279 Hic
729 1246 783 1277 est
815 1251 923 1287 quem
955 1240 1120 1277 Sabaoth
1150 1241 1270 1278 Deum
1300 1251 1488 1289 vocamus,

611 1298 763 1344 Expers
794 1297 974 1344 principii
1005 1307 1211 1344 carensque
1243 1296 1326 1339 fine,

615 1355 756 1391 Rerum
786 1354 960 1391 conditor
990 1357 1027 1390 et
1059 1358 1231 1400 repertor
1261 1353 1374 1403 orbis,

613 1456 714 1493 Fons
746 1455 846 1492 vitae
877 1455 1022 1501 liquida
1052 1454 1170 1492 fluens
1204 1455 1252 1491 ab
1282 1465 1382 1500 arce,

612 1510 766 1549 Infusor
796 1510 899 1558 fidei,
932 1516 1035 1549 sator
1064 1511 1234 1559 pudoris,

614 1569 753 1605 Mortis
784 1568 1030 1616 perdomitor,
1063 1568 1194 1605 salutis
1226 1573 1369 1607 auctor.

611 1671 750 1708 Omnes
781 1670 880 1716 quod
911 1680 1037 1706 sumus
1068 1679 1112 1706 ac
1142 1669 1321 1715 vigemus,
1353 1669 1442 1706 inde
1473 1674 1548 1716 est;

609 1727 757 1774 Regnat
787 1727 944 1777 spiritus
974 1726 1040 1762 ille
1070 1725 1320 1773 sempiternus

613 1786 647 1821 A
681 1782 833 1820 Christo
865 1783 975 1819 simul
1007 1787 1043 1818 et
1073 1787 1233 1829 parente
1263 1783 1413 1821 missus.

617 1885 680 1922 Sic
712 1895 778 1922 nos
799 1884 1018 1921 muneribus
1050 1884 1124 1920 tuis
1155 1882 1302 1928 refecti,

613 1942 790 1989 Largitor
821 1941 923 1978 Deus
954 1941 1119 1978 oninium
1149 1940 1345 1989 bonorum,

613 1997 751 2036 Grates
782 1998 976 2035 reddimus
1008 2002 1045 2034 et
1075 2007 1265 2034 sacramus
1295 1997 1466 2046 hymnos

616 2099 695 2136 Nos
726 2109 876 2146 semper
907 2097 1107 2135 Dominum
1137 2102 1283 2145 patrem
1314 2096 1475 2135 fatentes

615 2156 658 2192 In
689 2161 738 2201 te,
772 2155 920 2192 Christe
952 2155 1065 2203 Deus,
1092 2154 1290 2201 loquemur
1319 2165 1432 2191 unum

613 2211 913 2258 Constanterque.
945 2217 1046 2248 tuam
1078 2221 1227 2248 crucem
1259 2209 1435 2249 feremus.

607 2324 668 2345 ηις.
697 2312 976 2343 Emmeramense
1003 2322 1092 2343 saec.
1122 2310 1172 2344 1⁸2.
1198 2312 1284 2344 clm.
1310 2313 1491 2344 Monacen.
1522 2310 1642 2344 14845.

775 2469 834 2505 44.
871 2469 950 2512 (17.)
985 2469 1132 2504 Versus
1156 2468 1439 2503 Ieiunantium.

883 2539 1051 2577 (cathem.
1078 2539 1155 2576 vn,
1185 2536 1317 2578 1—-35).

615 2642 644 2680 Ο
678 2641 887 2688 Nazarene,
921 2642 986 2678 lux
1017 2642 1204 2687 Bethlem,
1238 2643 1393 2680 verbum
1425 2643 1559 2690 patris,

615 2700 729 2745 Quem
761 2703 893 2745 partus
924 2699 999 2736 alvi
1031 2698 1226 2745 virginalis
1257 2699 1428 2746 protulit.

613 2755 759 2792 Adesto
791 2756 918 2802 castis,
950 2755 1110 2804 Christe,
1144 2755 1384 2802 parsimoniis

614 2811 845 2858 Festumque
875 2815 1057 2857 nostrum,
1091 2821 1157 2848 rex
1189 2821 1355 2861 serenus,
1389 2811 1531 2859 aspice,

616 2868 844 2905 Ieiuniorum
878 2868 964 2905 dum
996 2867 1147 2905 litamus
1178 2868 1381 2907 victimam.

1977 91 1997 101 ,¹
1976 0 2012 77 ,pfl
