1914 3223
702 155 976 197 -67-

324 270 359 307 7.
392 269 495 315 opus
527 269 684 306 removit
717 280 833 306 saeva
864 270 1082 318 volentium,

392 325 482 363 Cum
516 335 606 362 voce
637 331 847 363 monstrant
878 327 942 373 qui
974 327 1140 373 gladium
1172 326 1302 363 simul:

391 380 469 418 Nos
500 381 600 427 hinc,
633 392 843 429 precamur,
878 383 1000 429 dirige
1030 387 1200 434 tartaro,
1246 402 1249 404 v

390 437 486 475 Nam
518 443 649 476 nostra
679 445 846 476 sanctam
879 450 952 475 non
984 439 1101 476 violat
1138 450 1282 477 manus,

318 530 356 568 8.
388 529 586 576 Turgescit
616 529 672 566 illi
705 527 794 566 felle
825 529 929 566 iecur
959 530 1114 577 calon53

388 586 481 623 Mox
513 597 616 630 saxa,
649 585 780 632 fossas,
814 585 986 633 verbera,
1020 586 1174 630 bestias,

388 642 513 679 Maius
547 653 740 689 venenum,
774 641 980 679 blanditias
1012 647 1135 690 parat,

390 698 530 744 Quibus
561 699 691 747 virago
723 698 874 736 fortiter
903 698 1071 738 obstitit.

149 786 178 827 l,
201 785 223 820 2
247 788 442 830 triumphus
468 789 506 820 B.
525 806 568 811 -
596 787 624 827 l,
649 786 670 820 3
696 789 811 820 mollis
839 789 875 822 Β,
904 805 949 810 -
973 785 1004 826 2,
1029 785 1051 819 4
1075 789 1267 829 conciperit
1286 788 1323 822 Β.
1342 805 1384 809 -
1409 787 1440 826 4,
1470 786 1620 831 lpossis

54 835 93 866 Β.
119 851 160 855 -
185 831 215 870 4,
249 832 271 865 4
297 837 425 865 metuet
449 834 487 865 B.
513 850 558 855 —
585 832 616 874 5,
649 831 670 866 2
694 835 786 866 Iussi
819 833 961 865 fefertur
985 835 1024 865 B.
1053 852 1093 856 ——
1121 832 1151 871 7,
1187 834 1202 865 1
1231 837 1386 865 remouet
1410 835 1449 865 B.
1475 852 1519 857 -ο
1543 831 1574 872 8,
1603 833 1618 865 1

52 879 313 957 ἓιιτςίἒςεῒαῦὲί
337 879 416 910 felle
443 880 536 911 iecor
553 880 591 914 Β,
611 898 653 902 —-
681 881 862 920 „Hymnus
887 883 1028 911 sanctae
1054 878 1281 921 Euphemiae,
1308 879 1420 910 dietus
1446 888 1467 910 a
1493 879 1618 911 domno

91 935 158 956 nno
186 935 230 956 10.
311 947 318 955 .

493 1012 529 1048 2.
565 1012 622 1055 (9.)
658 1012 832 1056 Hymnus
859 1012 990 1048 sancti
1016 1011 1195 1048 Nazarii.

71 1097 108 1135 1.
139 1096 313 1141 Angusta
339 1095 439 1133 vitae
469 1100 653 1144 tempora,
884 1098 921 1135 5.
956 1095 1051 1132 Nam
1093 1095 1228 1132 ductor
1258 1095 1323 1132 ille
1353 1093 1464 1132 fortis
1495 1099 1564 1141 est,

138 1152 272 1189 Parvis
303 1157 435 1189 coacta
465 1152 650 1198 terminis,
955 1153 1026 1197 Qui
1062 1152 1167 1189 bella
1199 1151 1342 1189 viribus
1374 1151 1507 1198 docet3

138 1209 243 1246 Mors
274 1213 405 1246 sancta
438 1209 552 1246 donat
585 1219 768 1257 crescere,
956 1209 1072 1254 Quem
1117 1209 1219 1246 dicta
1261 1209 1418 1245 militem
1456 1208 1621 1258 trabant,

137 1266 306 1303 Aeterna
335 1265 428 1302 fines
459 1269 678 1314 praeparat.
957 1265 997 1302 Si
1030 1266 1106 1302 dux
1137 1265 1314 1312 gerendis
1345 1264 1541 1302 abstinet?

70 1357 108 1394 2.
136 1355 193 1392 De
225 1354 333 1402 fruge
364 1366 515 1392 casuum
546 1355 662 1405 venit,
887 1358 924 1394 6.
958 1356 1127 1392 Ventosa
1159 1356 1309 1402 linguae
1338 1355 1518 1402 hortatio,

139 1412 248 1458 Quod
279 1417 409 1459 surgat
439 1412 640 1449 humanum
662 1422 800 1461 genus3
953 1413 1059 1457 Quod
1073 1410 1194 1449 forma
1204 1416 1386 1460 praestat,
1405 1423 1477 1449 non
1495 1411 1624 1458 habet,

140 1469 183 1505 In
215 1469 335 1516 stirpe
368 1468 551 1505 Nazarius
583 1468 681 1505 bona
963 1469 1039 1507 Sed
1080 1480 1215 1515 magna
1252 1472 1451 1515 postquam
1481 1469 1626 1507 semina

140 1525 198 1562 De
228 1531 349 1562 morte
379 1525 505 1562 lumen
535 1525 700 1566 addidit.
959 1525 1156 1562 Scribente
1187 1529 1290 1563 terra
1324 1525 1473 1562 sarculo

75 1618 113 1656 3.
146 1616 297 1653 Nerone
329 1614 420 1653 felix
452 1616 625 1663 principe
892 1617 928 1654 7.
960 1615 1092 1653 Glebis
1124 1613 1294 1653 refundit
1323 1616 1490 1663 optimis.

140 1672 300 1710 Diversa
331 1683 534 1721 perpessus
566 1673 666 1711 mala
961 1673 1220 1710 Mediolanum
1251 1683 1338 1709 mox
1368 1673 1478 1721 petit,

144 1729 358 1768 Substravit
389 1729 532 1776 orbem,
564 1741 637 1767 non
669 1730 776 1777 gravi
962 1730 1006 1767 In
1037 1740 1110 1776 qua
1140 1729 1332 1776 triumpho
1363 1729 1482 1767 nobili

144 1787 289 1823 Pavore
321 1786 446 1823 cordis
478 1786 640 1833 algidus.
963 1786 1096 1823 Carnis
1128 1786 1275 1823 ruinam
1306 1786 1488 1833 reppulit.

74 1879 113 1914 4.
145 1876 218 1914 Sed
249 1879 290 1913 ut
320 1875 492 1923 profanis
522 1877 685 1925 inderet,
892 1879 930 1916 8.
957 1877 1029 1923 Qui
1059 1876 1150 1913 sede
1181 1886 1254 1914 non
1289 1877 1403 1924 digna
1432 1877 1560 1914 iacens

142 1934 221 1979 Quo
262 1933 359 1970 calle
397 1934 652 1971 conscendant
682 1934 805 1983 polos,
962 1935 1097 1971 Vatem
1129 1933 1348 1970 tremendus
1379 1944 1464 1970 mox
1486 1938 1625 1984 monet,

144 1989 263 2026 Verus
294 1990 474 2037 magister
504 1990 653 2027 actibus
962 1990 1015 2029 Ut
1047 1991 1151 2027 clara
1181 2001 1313 2027 rursus
1344 2001 1501 2027 munera

143 2045 341 2093 Exempla,
374 2057 448 2083 non
479 2047 606 2084 verbis
639 2047 758 2087 dedit.
961 2047 1108 2084 Mundo
1139 2045 1288 2084 refusus
1319 2047 1492 2088 adderet,

149 2136 273 2168 Ausser
296 2137 344 2168 B:
378 2137 508 2178 Hymn.
544 2148 605 2168 ms.
633 2137 881 2169 Severinianus
913 2147 1001 2169 saec.
1039 2135 1090 2169 10.
1123 2147 1174 2169 ex.
1224 2136 1307 2170 Cod.
1333 2137 1493 2168 Vatican.
1526 2135 1624 2170 7172.

59 2182 98 2213 A.
132 2199 175 2203 —-—
207 2182 335 2223 Hymn.
372 2193 433 2213 ms.
467 2182 717 2214 Severinianus
755 2193 845 2214 saec.
882 2181 931 2216 10.
964 2193 1016 2214 ex.
1073 2182 1156 2216 Cod.
1190 2182 1340 2213 Parisin.
1377 2180 1473 2216 1092.
1509 2184 1546 2215 (2.
1583 2201 1628 2205 —-

61 2224 90 2262 l,
115 2224 136 2259 3
160 2227 250 2259 dona
274 2228 343 2262 AC.
368 2245 414 2248 —
442 2227 469 2266 l,
494 2226 516 2259 4
540 2227 625 2259 fines
651 2228 720 2260 AC.
741 2246 780 2250 —
806 2226 837 2266 2,
863 2226 884 2260 2
909 2229 986 2267 Quo
1013 2230 1050 2261 B.
1069 2245 1113 2249 —-
1137 2225 1168 2265 3,
1197 2226 1213 2258 1
1241 2227 1364 2259 infelix
1389 2228 1458 2259 AC.
1477 2247 1519 2251 —
1544 2226 1577 2267 3,
1603 2228 1625 2260 4

61 2281 167 2313 pauor
199 2275 234 2305 et
270 2273 383 2304 cordis
415 2273 548 2305 alcidus
582 2274 626 2311 B,
665 2273 781 2315 algide
813 2274 849 2306 C.
886 2291 928 2295 -
963 2271 994 2312 4,
1032 2272 1047 2304 1
1082 2273 1248 2315 profanus
1282 2273 1393 2304 indire
1427 2274 1474 2313 A;
1514 2274 1624 2305 indii-e

62 2318 223 2359 profanus
249 2317 284 2352 C.
312 2336 352 2340 —
378 2316 419 2357 4,
443 2316 464 2350 2
489 2319 704 2350 consendant
729 2319 829 2361 polus
854 2320 900 2358 B,
934 2319 1034 2359 Quod
1060 2318 1148 2350 calle
1175 2318 1385 2350 conscendat
1413 2319 1531 2360 polum
1557 2320 1630 2351 AC.

61 2379 104 2384 —
129 2361 159 2401 5,
183 2361 205 2395 3
229 2363 356 2395 dictam
381 2365 425 2397 A:
453 2364 592 2395 trahent
615 2364 659 2402 C,
685 2365 828 2396 tradunt
851 2364 891 2395 A.
910 2382 954 2385 —
979 2362 1008 2397 6.
1038 2363 1053 2395 1
1080 2364 1204 2406 lingua
1221 2365 1292 2395 Ac.
1310 2381 1355 2384 —-
1379 2362 1410 2403 6,
1439 2362 1460 2395 2
1485 2365 1562 2403 Qua
1578 2365 1627 2404 A,

62 2408 156 2448 Quae
181 2409 225 2448 C,
254 2419 324 2440 non
349 2413 429 2441 anet
453 2410 492 2441 B.
518 2427 561 2430 —
592 2410 622 2449 6,
647 2407 668 2441 2
696 2414 881 2452 postquam
906 2419 1033 2451 magna
1054 2409 1122 2442 AC.
1143 2427 1184 2431 —
1211 2408 1242 2447 6,
1266 2407 1289 2440 4
1314 2408 1531 2442 Scribentem
1548 2410 1629 2449 AC3

62 2455 186 2485 terram
203 2455 242 2485 B.
261 2472 306 2476 —-
323 2453 352 2493 7,
379 2453 399 2486 2
416 2455 670 2486 Mediolanium
687 2456 734 2494 B3
762 2457 863 2497 petiit
879 2455 948 2487 AC.
965 2473 1009 2476 —
1026 2452 1057 2493 8,
1075 2453 1096 2486 4
1114 2455 1274 2496 perfusus
1292 2455 1361 2488 AC.
1381 2472 1422 2476 —-
1444 2455 1629 2496 „Hymnus

63 2500 171 2530 saneti
195 2500 335 2538 Nazari,
360 2499 472 2532 dictus
498 2510 518 2531 a
543 2500 671 2532 domno
697 2500 892 2534 Ennodi0.“
921 2502 959 2532 B.

451 2622 510 2658 63.
547 2622 628 2665 (10.)
665 2623 840 2667 Hymnus
867 2623 1032 2658 sanctae
1060 2622 1230 2658 Mariae.

80 2704 114 2740 1.
147 2704 200 2742 Ut
228 2704 411 2751 virginem
442 2702 557 2741 fetam
588 2705 732 2751 loquar,
905 2708 942 2743 2.
976 2705 1173 2751 Exposcit,
1205 2705 1288 2752 ipsa
1318 2709 1507 2754 suggerat.

149 2761 248 2805 Quid
287 2761 400 2798 laude
441 2761 594 2807 dignum
624 2760 800 2798 Mariae?
976 2761 1059 2799 Sint
1090 2761 1206 2798 verba
1237 2772 1304 2798 ceu
1334 2762 1579 2810 miraculum;

148 2817 222 2854 Det
250 2821 394 2865 partus,
425 2822 544 2866 ornet,
577 2817 714 2864 exigat,
975 2818 1086 2863 Quid,
1108 2828 1224 2863 mens,
1242 2818 1412 2865 requiras
1433 2818 1632 2856 ordinem?

150 2873 255 2918 Quod
272 2874 399 2911 clausa
415 2879 537 2922 porta,
556 2874 655 2920 quod
668 2878 801 2920 patens
975 2874 1122 2911 Natura
1152 2878 1270 2911 totum
1302 2875 1484 2921 perdidit.

1378 2939 1428 2973 5*
