2031 3289
946 189 1252 229 —192—

340 303 376 341 3.
410 302 529 339 Iudex
562 306 701 346 noster,
735 303 897 348 Christe,
1153 307 1189 341 5.
1224 303 1280 340 Ne
1308 304 1356 340 sit
1384 305 1488 341 nasci
1519 315 1667 352 vanum,

410 358 539 395 Nostri
571 358 761 406 miserere,
1222 359 1280 396 Ne
1310 360 1359 396 sit
1390 361 1469 407 pati
1500 371 1658 408 cassum,

410 415 567 460 Ignosce
597 426 695 451 nunc
727 415 857 463 bonus,
1223 416 1302 452 Nec
1333 417 1487 453 insultet
1518 417 1636 453 hostis

410 471 467 507 Ne
499 471 723 507 condemnes
754 472 886 510 iustus,
1224 471 1341 510 Nobis
1372 473 1408 509 in
1441 478 1478 509 te
1505 472 1597 511 fisis.

337 575 374 611 4.
406 573 499 609 Esto
530 573 638 609 nobis
669 577 790 617 natus,
1149 576 1186 611 6.
1221 573 1295 611 Uni
1325 574 1373 609 sit
1405 578 1441 609 et
1472 574 1570 610 trino

406 628 500 665 Esto
532 629 640 665 nobis
673 640 816 675 passus,
1222 631 1360 676 perpes
1392 630 1472 666 Deo
1502 630 1632 673 honor,

403 685 472 731 Qui
505 685 572 722 das
602 695 705 731 spem
737 685 869 722 salutis
1220 686 1279 722 Ex
1309 698 1392 732 (μιο.
1426 697 1495 732 per
1525 698 1632 732 quem
1666 693 1810 735 cuncta,

406 742 450 778 In
481 746 638 788 utroque
669 741 790 780 nobis.
1223 743 1265 778 In
1296 753 1368 788 quo
1397 748 1483 779 sunt
1515 748 1654 782 creata.

414 848 441 878 B
482 847 538 878 fol.
573 845 654 879 9221.
682 865 725 869 —
752 848 778 879 C
811 847 868 879 fol.
906 846 1007 879 1291).
1033 865 1075 869 —
1102 849 1203 880 Brev.
1238 858 1299 880 ms,
1326 847 1513 880 Gorziense
1543 858 1632 880 saec.
1660 847 1745 880 ¹³l14.
1795 850 1878 882 eod.

322 893 514 934 Spinalien.
547 890 613 924 204
640 891 720 932 (97).
749 892 781 924 S.
816 911 859 914 —
893 892 931 931 2,
965 892 979 924 1
1006 894 1073 925 Per
1105 904 1205 935 quem
1231 893 1295 924 BS.
1332 912 1370 915 —
1405 891 1443 932 2,
1474 891 1495 924 2
1519 894 1586 924 Per
1617 904 1717 936 quern
1744 895 1809 927 BS.
1838 913 1876 916 —

322 936 352 975 2,
380 936 401 970 3
426 938 698 979 supplicantium
719 939 754 968 B.
774 955 809 959 —
837 937 867 971 3.
893 937 914 969 4
932 940 1060 970 iustum
1079 939 1117 970 B.
1136 956 1180 961 —
1198 940 1238 971 In
1257 939 1279 970 S
1299 938 1390 970 steht
1405 938 1519 970 dieser
1535 939 1604 970 und
1622 939 1679 971 die
1695 940 1877 982 folgenden

320 985 485 1024 Hymnen
511 985 572 1025 „In
598 984 831 1024 Conceptione
857 982 986 1015 BMV.“

798 1168 801 1169 ’
827 1162 896 1198 188.
933 1161 1013 1205 (78.)
1049 1162 1086 1198 ln
1113 1165 1146 1198 2.
1174 1162 1368 1199 Nocturno.

335 1271 371 1308 1.
403 1269 530 1306 Mater
561 1268 727 1316 pietatis,
1149 1271 1186 1307 3.
1222 1270 1293 1306 Per
1323 1274 1359 1305 te
1392 1269 1627 1315 reducamur,

405 1326 514 1362 Assis
545 1326 608 1372 pia
638 1325 747 1362 nobis
1220 1326 1291 1372 Qui
1320 1330 1357 1363 te
1389 1325 1609 1373 profitemur

406 1382 486 1419 Nee
515 1393 582 1430 spe
613 1393 679 1418 sua
710 1380 863 1419 fraudes
1219 1383 1311 1420 Eius
1343 1384 1391 1420 ad
1415 1393 1492 1421 .nos
1522 1387 1669 1430 portam

404 1438 461 1475 De
493 1443 529 1474 te
559 1444 856 1485 praesumentes.
1216 1439 1267 1477 Et
1297 1440 1460 1477 adeum
1491 1443 1670 1477 nostram.

336 1543 372 1580 2.
407 1542 479 1578 Per
509 1544 546 1576 te
576 1539 648 1576 Dei
680 1538 801 1576 faetus
1148 1543 1185 1579 4.
1219 1541 1292 1578 Uni
1324 1541 1371 1579 sit
1403 1545 1439 1577 et
1470 1541 1570 1577 trino

402 1597 463 1634 Ad
495 1607 562 1633 nos
593 1600 650 1632 est
682 1596 897 1642 descensus,
1221 1599 1360 1644 Perpes
1392 1598 1512 1634 honor
1543 1597 1636 1641 Deo,

404 1655 477 1691 Per
510 1657 547 1689 te
579 1654 904 1690 conscendendum
1217 1655 1275 1691 Ex
1307 1665 1392 1701 quo.
1425 1665 1494 1700 per
1524 1665 1630 1700 quem
1663 1659 1809 1696 cuncta,

404 1709 523 1747 Nobis
555 1714 610 1746 est
641 1709 689 1746 ad
722 1710 856 1756 ipsum.
1219 1712 1259 1747 In
1293 1722 1365 1757 quo
1396 1716 1483 1747 sunt
1514 1716 1652 1749 creata.

410 1819 436 1849 B
469 1817 525 1848 fol.
559 1814 642 1848 9221.
670 1834 712 1838 —
742 1816 768 1848 C
801 1815 1287 1849 s01.1301.—Brex.ms
1314 1818 1481 1849 Gosrzien
1467 1828 1501 1848 se
1535 1815 1875 1850 sae(·.¹⁷³¹'14.Cod.

317 1864 510 1905 Spin-tlien
536 1860 601 1894 204
624 1860 701 1901 (97).
729 1862 763 1894 S
788 1880 832 1883 —
858 1861 888 1897 2
915 1861 935 1894 2
960 1874 995 1894 es
982 1867 1011 1893 t
1037 1863 1122 1894 fthlt
1146 1864 1184 1894 I).
1211 1880 1254 1884 —
1302 1861 1356 1900 4
1377 1863 1423 1894 Et
1447 1863 1490 1893 ad
1509 1863 1695 1894 Dominum
1723 1867 1875 1894 nostram

319 1910 352 1940 S.
386 1926 427 1930 —-
461 1906 553 1945 4,1
581 1908 642 1939 Cui
675 1908 820 1944 (falsche
843 1908 999 1947 Initiale)
1028 1909 1063 1939 B.
1091 1926 1133 1929 —
1159 1909 1199 1939 In
1225 1910 1246 1940 S
1278 1878 1465 1940 immittelb
1469 1919 1507 1939 ar
1539 1909 1601 1939 mit
1626 1909 1684 1940 Nr.
1713 1906 1776 1940 186
1808 1906 1878 1948 (76)

316 1966 338 1985 v
341 1965 377 1986 ei
380 1954 528 1985 bunden.

834 2088 902 2124 189.
937 2089 1017 2130 (79.)
1052 2088 1090 2124 ln
1117 2087 1148 2123 3.
1174 2088 1368 2124 Nocturno.

337 2197 372 2234 1.
407 2196 534 2233 Mater
565 2195 776 2243 salvatoris,
1152 2196 1188 2232 4.
1223 2194 1398 2231 Sanctam
1430 2198 1587 2231 matrem
1619 2195 1739 2231 iustus

406 2252 514 2300 Vide,
548 2252 636 2298 quid
664 2251 815 2296 dicaris,
1217 2251 1300 2287 Non
1333 2251 1496 2288 offendet
1526 2256 1647 2295 natus,

405 2309 525 2345 Pensa
556 2308 782 2354 singularem
1219 2308 1299 2344 Nec
1330 2307 1451 2344 ferent
1482 2309 1671 2354 repulsam

406 2365 576 2402 Nominis
608 2365 800 2403 honorem.
1219 2364 1321 2401 Tuae
1353 2375 1484 2411 preces
1515 2365 1640 2402 ullam.

273 2482 279 2491 ¹
334 2470 370 2506 2.
404 2467 560 2513 (Jomple
593 2466 733 2502 dictum
766 2464 866 2502 facto
1151 2470 1184 2504 5.
1219 2466 1347 2503 Virtus
1378 2465 1590 2502 sanctitatis

402 2523 476 2561 Sed
508 2523 637 2560 labore
668 2523 783 2569 nullo,
1218 2523 1265 2559 Et
1303 2526 1470 2568 potestas
1503 2522 1634 2559 matris

401 2580 508 2626 Quod
542 2580 608 2628 vis,
641 2591 714 2616 una
746 2590 858 2626 prece
1218 2580 1563 2626 Quantumcumque
1594 2589 1766 2625 inagnum

404 2638 500 2674 Reos
532 2636 762 2675 absolvente.
1217 2635 1446 2673 Obtinebunt
1480 2636 1628 2674 (ionum.

335 2742 371 2777 3.
405 2740 489 2775 Iure
521 2739 658 2785 quippo
691 2739 834 2786 matris,
1146 2741 1184 2777 6.
1219 2741 1355 2777 Preces
1386 2738 1636 2785 supplicantis

403 2796 593 2842 Quidquid
628 2796 848 2841 postulabis,
1218 2796 1298 2832 Non
1332 2800 1543 2833 contemnet
1574 2794 1716 2843 matris,

404 2853 517 2898 Apud
550 2858 623 2888 tam
658 2852 856 2897 benignum
1217 2853 1287 2898 Qui
1319 2863 1452 2898 parere
1484 2851 1583 2898 patri

402 2909 629 2956 Impetrabis
664 2913 802 2947 natum.
1215 2909 1321 2949 Iubet
1352 2909 1431 2945 sive
1463 2909 1584 2945 matri.
