2031 3289
987 165 1265 205 -98-

366 281 432 318 45.
464 279 760 317 DumChristum
773 283 898 316 mente
910 279 1089 326 concipis,
1177 281 1241 318 52.
1276 280 1393 316 ludex
1423 279 1526 317 orbis
1557 291 1639 317 cum
1671 281 1819 318 veneris

464 336 631 374 Terrena
663 341 794 372 cuncta
828 335 1004 384 despicis,
1274 336 1491 374 Mercedem
1523 337 1614 374 dare
1645 336 1808 385 famulis,

464 393 578 441 Apud
608 392 728 439 ipsum
761 403 828 428 nos
859 392 1008 439 adiuva,
1275 392 1367 445 Cum
1396 393 1528 430 ovibus
1559 394 1597 430 in
1630 394 1801 439 dextera,

466 450 508 487 In
541 449 645 486 cuius
675 449 815 495 gaudes
844 448 977 495 gloria.
1276 449 1360 486 Non
1392 460 1473 486 cum
1505 449 1637 487 hoedis
1664 461 1721 487 me
1744 450 1901 488 colloca.

371 552 436 588 46.
470 550 500 588 Ο
531 550 656 588 Maria
685 549 926 596 Magdalene,
1183 551 1248 588 53.
1281 551 1439 587 Praesta
1469 561 1600 596 pacem
1629 543 1824 599 ecclesiae,

467 607 623 644 Festina
651 616 761 652 opem
792 606 959 652 tradere,
1280 606 1462 652 Regendo
1493 617 1574 643 eam
1604 611 1771 656 protege,

465 663 534 699 Cui
565 663 687 709 primo
718 673 759 699 se
789 662 924 698 obtulit
1279 663 1393 710 Quae,
1425 663 1511 699 dum
1543 663 1680 709 partim
1709 663 1904 711 dividitur,

467 719 650 765 Christus,
674 729 754 755 cum
774 723 930 755 mortem
950 718 1093 758 vicerit.
1278 719 1321 756 In
1351 718 1425 755 fine
1457 719 1619 766 simplex
1651 720 1830 758 creditur.

367 821 432 858 47.
466 819 648 857 Columba
678 820 839 866 simplex
870 819 1006 870 animo,
1182 820 1248 857 54.
1281 819 1472 857 Romanae
1500 821 1603 857 sedis
1633 821 1835 858 Dominum

463 876 572 913 Assis
604 877 727 913 oranti
758 876 927 921 obsecro,
1053 918 1056 921 ,
1279 876 1433 923 Sibique
1463 887 1613 924 gregem
1644 877 1849 925 subditum,

466 934 568 980 Quae
600 944 737 970 corona
768 933 943 979 martyrii
1276 934 1375 979 Quos
1406 933 1600 970 redemisti
1631 935 1825 982 sanguine,

464 990 690 1036 Amplexum
722 990 820 1036 petis
851 990 1016 1028 Domini.
1277 989 1453 1036 Digneris
1485 1001 1634 1037 semper
1664 1001 1808 1038 regere.

369 1094 435 1131 48.
469 1092 604 1130 Omnes
635 1096 807 1129 sacrata-e
840 1091 1015 1140 virgines,
1184 1094 1250 1129 55.
1281 1091 1395 1129 Istius
1425 1091 1498 1128 loci
1528 1091 1755 1140 praesulem,

464 1148 646 1185 Ferentes
678 1159 815 1195 sponso
846 1148 1058 1194 lampades,
1280 1149 1324 1186 In
1355 1151 1420 1185 tua
1451 1147 1526 1185 fide
1556 1148 1729 1185 stabilem

467 1206 575 1241 Vasis
605 1209 775 1242 tenentes
806 1204 940 1254 oleum,
1279 1205 1360 1241 Tuo
1391 1215 1572 1242 conserva
1602 1206 1757 1253 populo,

464 1262 590 1298 Meum
622 1262 813 1308 quaeratis
845 1262 1093 1302 commodum.
1278 1261 1467 1298 Munitum
1499 1263 1619 1298 crucis
1652 1262 1785 1308 clipeo.

367 1365 432 1403 49.
465 1363 604 1400 Sancta.
634 1368 850 1402 sanctorum
882 1364 1017 1414 contio,
1185 1365 1250 1402 56.
1283 1363 1492 1400 Animabus
1522 1362 1690 1401 fidelium

466 1420 549 1458 Una
581 1421 733 1466 quidem
765 1421 986 1466 communio,
1280 1420 1360 1457 Ista
1389 1420 1473 1468 luce
1503 1421 1711 1458 carentium

465 1477 561 1514 Mihi
594 1477 744 1523 quidem
775 1478 985 1515 succurrite
1279 1477 1342 1514 Ad
1373 1477 1523 1514 laudem
1554 1477 1608 1514 tui
1638 1481 1834 1524 perpetem

465 1533 517 1570 Et
549 1533 735 1571 Christum
767 1534 1005 1571 intercedite.
1278 1535 1485 1571 Aeternam
1514 1537 1668 1582 praesta
1698 1535 1878 1581 requiem.

369 1637 433 1673 50.
467 1636 572 1676 Est0.
606 1636 766 1683 Christe,
798 1636 997 1683 propitius,
1177 1636 1243 1674 57.
1274 1636 1382 1682 Agne
1413 1635 1485 1672 Dei
1513 1636 1722 1681 mitissime,

463 1696 562 1738 Quos
595 1692 723 1742 fundo,
758 1693 844 1729 vide
875 1693 1033 1739 gemitus
1274 1693 1344 1738 Qui
1370 1692 1549 1729 mundum
1570 1703 1709 1740 purgas
1733 1692 1905 1741 crimine,

462 1749 524 1797 Et,
557 1760 665 1796 quem
695 1750 831 1786 creasti
866 1750 1035 1794 dextera,
1273 1750 1438 1798 Exaudi,
1472 1759 1597 1796 parce,
1627 1744 1781 1798 adiuva,

461 1805 522 1842 Ab
554 1808 653 1843 omni
686 1807 784 1843 malo
815 1806 946 1844 libera.
1274 1806 1459 1842 Miserere
1491 1810 1526 1842 et
1557 1806 1691 1846 libera.

369 1910 434 1946 51.
469 1909 539 1955 Qui
571 1909 687 1955 nasci,
718 1909 824 1954 mori,
857 1919 1024 1956 surgere,
1189 1908 1254 1946 58.
1287 1908 1447 1953 Christe,
1479 1908 1558 1955 lux,
1594 1908 1666 1956 via,
1699 1908 1851 1953 veritas.

463 1967 505 2002 In
537 1966 681 2002 caelum
716 1966 772 2001 vis
803 1966 1010 2002 ascendere
1281 1965 1352 2002 Dei
1386 1965 1571 2011 splendor
1605 1968 1642 2001 et
1673 1965 1823 2013 caritaS,

464 2022 515 2059 Et
559 2028 726 2059 sanctum
756 2022 875 2059 mittis
907 2022 1096 2069 spiritum,
1282 2021 1391 2059 Soter
1423 2021 1532 2058 simul
1564 2025 1600 2057 et
1633 2021 1752 2063 usion,

465 2079 529 2116 Me
568 2080 681 2116 sorde
713 2079 853 2116 munda
885 2079 1096 2125 criminum,
1283 2078 1411 2125 Alplia
1445 2082 1480 2114 et
1512 2078 1555 2124 Ο,
1590 2078 1742 2116 eleison.

441 2179 583 2211 Collect.
618 2191 677 2211 ηις.
714 2180 915 2212 Parisiense
949 2190 1038 2211 saeC.
1077 2177 1126 2211 12.
1177 2178 1259 2210 cod.
1294 2179 1443 2210 Parisin.
1479 2176 1606 2210 18111.
1636 2179 1675 2209 A.
1701 2195 1744 2200 v—
1770 2179 1914 2210 Collect-

350 2235 410 2256 nis.
428 2225 634 2257 Zwettlonse
661 2235 749 2257 saec.
778 2223 830 2257 12.
857 2223 904 2266 [et
924 2222 992 2266 13.]
1028 2225 1110 2257 Cod.
1129 2223 1306 2256 Zwettlen.
1324 2221 1400 2256 260.
1419 2224 1457 2255 Β.
1478 2241 1517 2244 -
1536 2224 1630 2255 Orat.
1654 2234 1714 2254 ms.
1733 2223 1766 2255 S.
1787 2224 1913 2255 Felicis

348 2270 544 2303 Gerunden.
567 2281 592 2302 s.
619 2282 651 2301 11.
679 2281 768 2303 saec.
789 2268 873 2302 ¹4l15.
893 2270 928 2302 C.
947 2288 991 2291 ——
1008 2272 1107 2302 Brev.
1131 2281 1192 2301 nis.
1214 2268 1446 2301 Arvmarense
1464 2279 1552 2300 saec.
1573 2267 1624 2300 15.
1661 2269 1745 2301 Cod.
1763 2269 1913 2300 Parisiu.

349 2313 434 2347 1063
460 2317 503 2347 D.

443 2359 471 2399 1,
498 2359 518 2392 2
544 2362 646 2393 Salus
674 2363 786 2403 prima
810 2361 961 2393 fidelium
987 2361 1024 2392 C.
1050 2379 1093 2383 —-
1118 2358 1149 2398 2,
1178 2359 1193 2391 1
1221 2361 1288 2392 Fili
1315 2360 1408 2391 Deus
1435 2360 1473 2391 C.
1491 2376 1533 2380 —
1551 2357 1581 2399 2,
1607 2358 1628 2391 2
1652 2360 1694 2392 de
1718 2361 1852 2402 virgine
1870 2361 1911 2392 D.

348 2424 391 2428 —
418 2404 448 2440 3.
485 2404 506 2437 3
531 2412 698 2439 secrvtum
725 2407 753 2438 A
780 2408 818 2439 C.
846 2424 884 2428 —
913 2404 943 2445 3,
979 2405 1001 2437 4
1025 2408 1101 2438 Tua
1124 2416 1187 2437 nos
1214 2406 1308 2447 reple
1335 2406 1377 2436 D.
1403 2422 1446 2426 ——
1473 2403 1504 2440 5,
1529 2401 1549 2435 2
1575 2416 1707 2437 summa
1733 2406 1849 2437 unitas
1875 2406 1912 2437 C.

350 2470 393 2473 —
419 2452 449 2486 6,
475 2450 495 2483 2
521 2455 674 2484 nasceris
700 2455 737 2485 C.
758 2473 799 2476 —
826 2451 856 2491 7,
885 2450 899 2483 1
927 2456 1045 2483 manet
1069 2452 1106 2483 C.
1126 2469 1168 2472 —
1187 2450 1216 2489 7,
1243 2449 1264 2482 3
1290 2454 1342 2483 est
1367 2452 1402 2482 C.
1421 2469 1464 2472 —
1482 2448 1512 2488 7,
1539 2448 1559 2481 4
1584 2451 1636 2482 Ad
1663 2462 1714 2482 me
1740 2455 1774 2482 te
1798 2451 1914 2482 flectat

349 2498 384 2528 C.
411 2515 449 2519 —
477 2498 515 2536 8,
548 2498 569 2529 4
603 2499 740 2530 servulo
768 2498 803 2530 C.
837 2516 880 2519 —
913 2496 950 2533 9,
983 2496 1003 2528 2
1037 2497 1137 2537 Quod
1164 2498 1228 2529 BC.
1255 2515 1297 2518 —
1326 2494 1386 2534 12,
1417 2494 1439 2527 4
1464 2498 1560 2535 Quae
1586 2497 1630 2529 B:
1665 2498 1773 2527 servis
1803 2497 1843 2528 D.
1869 2513 1913 2517 —

350 2541 409 2581 123,
442 2541 463 2573 3
490 2544 562 2574 Iras
596 2544 757 2575 draconis
788 2545 828 2575 1).
855 2561 899 2565 —
926 2542 983 2581 15,
1016 2542 1037 2573 4
1063 2543 1222 2584 precibus
1249 2544 1287 2574 Β.
1313 2559 1357 2563 ——
1387 2540 1443 2579 16,
1477 2542 1496 2571 2
1524 2541 1641 2573 afforte
1668 2543 1703 2573 Β.
1731 2561 1772 2565 —
1801 2540 1859 2579 18,
1891 2540 1912 2573 4

349 2599 466 2619 secare
502 2591 658 2620 criminis
686 2591 722 2621 B.
750 2609 791 2613 -
822 2588 880 2625 19,
916 2587 930 2620 1
959 2590 1024 2628 Qui
1051 2590 1088 2620 C.
1114 2605 1156 2609 —
1182 2586 1243 2624 21,
1276 2586 1297 2619 4
1322 2589 1495 2619 Memento
1530 2588 1595 2618 mei
1628 2587 1779 2619 hominis
1805 2589 1842 2619 (ἲ.
1872 2604 1912 2608 -

348 2632 401 2667 22.
433 2633 446 2664 1
480 2636 693 2676 lla-poscente
720 2637 760 2667 1).
786 2653 829 2657 ——>
855 2633 908 2673 223,
934 2633 955 2665 3
981 2634 1080 2673 Quod
1105 2634 1248 2665 verbum
1275 2635 1316 2664 1).
1342 2650 1384 2653 —
1409 2631 1463 2670 24,
1494 2630 1507 2663 1
1536 2633 1640 2665 Salvo
1667 2636 1703 2664 tu
1729 2633 1848 2664 doctor
1873 2634 1909 2664 U.

348 2679 445 2710 Navli
477 2682 542 2711 Str.
569 2678 611 2711 24
637 2680 891 2721 ‹¹iiig‹,·s(·liol›‹*n
919 2681 953 2711 in
980 2681 1023 2710 13:

439 2762 503 2798 Qui
532 2771 593 2790 nus
621 2761 653 2791 in
678 2761 815 2792 Christo
842 2770 998 2801 generas,
1254 2758 1289 2789 Si
1318 2760 1415 2800 petis,
1446 2759 1596 2789 clemens
1622 2758 1755 2793 adunit,

441 2806 589 2846 impetra
616 2807 718 2836 nobis
746 2807 916 2843 lucrinum,
1253 2805 1318 2843 Qui
1346 2808 1378 2834 et
1404 2804 1468 2835 tibi
1495 2804 1643 2835 clviiiens
1669 2802 1745 2840 fuit,

437 2854 513 2889 Quo
540 2849 629 2882 mala
656 2856 775 2882 nostra
802 2852 965 2892 plangere
1254 2850 1346 2887 Peto,
1374 2853 1482 2890 pater,
1508 2860 1567 2891 pro
1594 2848 1686 2885 filiis,

439 2897 614 2928 vos-sinuas
640 2900 674 2928 ot
701 2898 907 2937 abstergere.
1255 2895 1430 2926 intercedo
1457 2906 1517 2936 pro
1546 2895 1689 2925 mis-oris.
