1914 3223
681 133 872 173 —227
939 156 983 161 -

462 247 498 284 7.
531 246 660 293 Sitque
692 246 783 294 legis
814 248 959 284 sanctio

530 303 614 339 Mea
647 303 878 351 maledictio,

529 381 610 418 Nisi
643 382 692 418 sit
722 382 901 426 remedio,

584 438 751 476 Mundae
782 439 904 476 earnis
937 439 1071 485 hostia,

532 498 646 540 Quam
678 495 781 533 nulla
812 496 972 542 pollutio

586 551 700 589 Nulla
730 552 835 589 novit
862 552 1020 591 macula.

898 631 970 670 8b.
1005 631 1148 668 Secreti
1182 631 1334 669 thalami

1062 688 1279 725 subintrans
1309 688 1440 726 abdita

96 633 166 668 8³.
200 630 268 667 llis
298 630 411 678 gostis
443 630 555 666 rediit

258 687 304 724 ad
337 692 479 733 patrem
512 687 631 736 unica,

503 767 570 805 8c.
604 766 790 814 Lugubris
822 766 970 804 habitus

660 823 817 870 deponit
848 825 1023 871 tegmina.

102 904 177 939 9a.
208 905 309 947 Quae
336 902 461 939 statim
495 902 664 949 ingressa
908 904 979 942 9b.
1014 903 1063 940 Et
1095 915 1231 950 corpus
1263 905 1419 950 pulvere

254 958 425 995 balneum
1065 961 1277 1007 squalidum

159 1050 161 1052 .
199 1015 472 1053 Circumstante
503 1015 615 1052 choro
1009 1017 1229 1064 Laboreque
1261 1018 1343 1054 viae

254 1071 437 1119 virginum
1062 1074 1279 1122 languidum

199 1128 351 1165 Fessam
384 1138 424 1165 se
457 1127 603 1166 refovet
1009 1130 1169 1168 Mundat
1197 1141 1242 1168 ac
1274 1134 1419 1167 recreat

256 1185 461 1233 paululum,
1062 1187 1266 1227 lavacrum.

60 1270 107 1308 10
123 1281 155 1306 a.
205 1270 338 1307 Varias
368 1270 544 1316 unguenti
872 1271 966 1310 10b.
1010 1272 1079 1309 His
1110 1273 1211 1310 illam
1244 1272 1425 1310 condiunt

254 1327 398 1373 species
418 1357 422 1362 Α
1064 1329 1173 1375 aliae,

197 1385 363 1420 Auratae
395 1383 586 1420 continent
1006 1386 1174 1434 Capillos
1204 1391 1432 1433 componunt

252 1439 424 1487 pyxides,
1063 1442 1230 1489 reliquae

61 1637 152 1677 lla.

59 2175 154 2213 1221.

54 2310 102 2347 13
117 2320 150 2347 a.

198 1498 296 1542 Quas
327 1495 457 1536 flentes
489 1494 667 1534 adferunt

255 1563 431 1600 virgines

198 1637 360 1684 Egressa
390 1642 474 1684 post
504 1638 694 1684 paululum

201 1694 312 1741 Virgo
342 1694 418 1731 lota
450 1694 622 1731 balneum

197 1750 316 1788 Mittit
346 1751 446 1797 patri
477 1751 658 1801 nuntium,

250 1807 301 1846 Ut
331 1818 434 1845 aram
466 1812 645 1854 exstruat,

308 1864 429 1911 ignem
460 1865 658 1907 acceleret,

250 1920 347 1957 Dum
378 1920 460 1968 ipsa
489 1921 677 1958 victimam

309 1977 456 2014 interim
490 1983 705 2025 praeparet,

249 2034 350 2080 Quae
379 2033 460 2071 Deo
492 2035 677 2081 convenit,

303 2091 512 2137 principem
545 2091 736 2132 condecet.

197 2174 268 2212 Illa
299 2174 449 2221 byssum
477 2176 642 2223 propriis

196 2230 448 2269 Madefactam
479 2233 656 2283 lacrimis,

197 2312 301 2347 Auro
331 2311 485 2357 gemmis

192 2367 411 2414 Margaritis

249 2424 442 2462 Variatum
475 2430 529 2462 est
561 2426 710 2473 monile,

190 2480 296 2525 Quod
327 2481 381 2517 sic
413 2486 542 2527 pectus

190 2536 308 2574 Ornat
329 2537 422 2583 eius⁷

248 2593 297 2631 Ut
327 2599 482 2632 ornetur
511 2595 628 2643 magis
658 2595 758 2634 inde.

192 2679 344 2715 Inaures
376 2684 411 2715 et
442 2680 618 2717 annulum

190 2735 283 2773 Cum
316 2736 474 2773 armillis
503 2747 657 2775 aureum

191 2791 355 2839 Virginis
387 2794 627 2831 tenerrimum

192 2848 357 2886 Onerant
388 2850 662 2898 corpusculum.

870 1639 967 1679 11b.

864 2178 912 2216 12
928 2177 964 2216 b.

865 2313 963 2353 13b.

1008 1499 1079 1536 Vel
1112 1505 1233 1536 vestes
1264 1504 1494 1547 praeparant

1064 1556 1248 1594 dominae.

1009 1640 1038 1678 Ο
1069 1641 1217 1687 quantis
1247 1640 1295 1678 ab
1326 1641 1498 1679 omnibus

1007 1697 1113 1734 Istud
1146 1697 1373 1734 eiulantibus

1007 1753 1188 1791 Nuntium
1220 1753 1433 1802 excipitur!

1060 1810 1181 1858 Urget
1213 1811 1288 1848 dux
1321 1812 1516 1860 populum,
1569 1850 1579 1856 ,

1117 1872 1157 1905 ut
1188 1867 1279 1906 haec
1310 1869 1535 1916 accelerent,

1060 1924 1110 1961 Et
1139 1924 1206 1961 illa
1237 1925 1413 1973 virgines,

1117 1985 1159 2018 ut
1191 1982 1331 2018 cultum
1362 1987 1568 2029 properent

1058 2037 1109 2074 Et
1140 2041 1330 2085 tamquam
1360 2038 1502 2085 nuptiis

1119 2094 1233 2131 morti
1263 2105 1303 2132 se
1334 2100 1578 2142 praeparent.

1009 2179 1175 2226 Porrigit
1206 2179 1299 2217 haec
1329 2181 1520 2218 humidam

1002 2234 1113 2272 Fletu
1145 2246 1212 2274 suo
1242 2247 1463 2283 purpuram.

1006 2315 1146 2352 Rerum
1178 2315 1328 2362 pondus

1000 2371 1050 2408 Et
1081 2377 1235 2409 ornatus

1044 2428 1191 2466 Moram
1200 2427 1306 2477 virgo
1314 2429 1388 2467 iam
1396 2442 1468 2468 non
1480 2429 1606 2470 ferens

1001 2485 1118 2522 Lecto
1148 2486 1269 2534 surgit

1000 2542 1051 2580 Et
1082 2543 1245 2589 repellit,

1058 2602 1160 2644 Quae
1173 2599 1378 2647 restabant,
1392 2601 1445 2638 ita
1456 2601 1602 2640 dicens:

1002 2686 1105 2731 Quae
1136 2689 1322 2732 nupturae
1353 2687 1444 2724 satis
1476 2692 1573 2736 sunt,

1002 2742 1198 2780 Periturae
1229 2743 1339 2779 nimis
1370 2747 1478 2790 sunt,

1001 2798 1105 2846 Mox,
1138 2809 1245 2846 quem
1278 2800 1379 2849 patri
1411 2800 1560 2851 detulit,

1002 2855 1140 2893 Ensem
1174 2856 1313 2893 nudum
1346 2858 1495 2904 arripit.

1329 2921 1400 2955 15*
