1914 3223
760 131 810 135 ——
879 107 949 147 1151
1012 131 1066 136 —·

142 230 178 268 3.
209 227 252 264 In
282 226 432 274 quintae
463 223 626 260 mittitur
949 224 987 261 4.
1020 222 1181 260 Perenni
1212 222 1374 260 Domino

145 327 150 333 ἱ
265 282 397 322 aetatis
427 285 608 328 tempore,
1074 290 1211 328 perpes
1243 279 1292 315 sit
1321 279 1455 330 gloria,

209 340 365 387 Quintae
394 337 613 385 mysterium
1018 337 1075 373 Ex
1107 347 1180 383 quo
1210 339 1318 382 sunt,
1351 346 1421 383 per
1451 347 1559 384 quem
1590 342 1688 385 sunt,

265 397 327 444 qui
358 394 491 443 pandit
522 392 651 438 feriae,
1075 393 1112 429 in
1145 404 1218 440 quo
1248 396 1334 429 sunt
1363 394 1510 432 omnia:

208 454 278 502 Qui
306 451 388 490 finis
419 455 587 489 veterum
1019 450 1077 487 Ex
1109 461 1181 496 quo
1212 454 1311 497 sunt,
1343 456 1454 496 pater
1485 455 1554 498 est,

263 519 358 547 nova
389 508 452 545 dat
482 507 648 553 lavacra,
1075 518 1143 553 per
1175 517 1282 553 quem
1314 510 1410 556 sunt,
1445 507 1556 557 filiuS,

207 566 318 614 Quasi
348 564 576 612 produceret
1019 563 1060 600 111
1093 574 1165 610 quo
1197 569 1295 613 sunt,
1330 564 1451 611 patris
1483 569 1519 600 et

264 623 349 659 hinc
378 621 594 660 animantia.
1075 620 1144 657 filii
1175 619 1346 666 spiritus„

227 736 263 766 B.
288 733 345 765 fol.
370 730 456 765 8621.

676 830 746 867 136.
781 832 862 873 (26.)
899 828 1006 866 Feria
1030 829 1154 866 Sexta.

799 907 852 939 Ad
876 907 1025 939 Laudes.

139 1027 175 1064 1,
206 1025 319 1063 Sexta
348 1028 422 1061 tam
452 1023 642 1060 hominum
946 1023 985 1060 3.
1016 1022 1099 1059 Hac
1131 1022 1192 1058 die
1228 1022 1401 1059 conditus

259 1086 362 1118 aetas
393 1092 502 1127 quam
534 1085 743 1127 temporum
1075 1079 1183 1116 homo
1214 1089 1254 1116 so
1284 1079 1466 1126 perdidit,

205 1139 308 1176 Meta
339 1138 396 1174 vel
428 1137 512 1174 finis
543 1141 600 1174 est
1014 1136 1160 1173 Eadem
1193 1135 1367 1173 conditor

258 1200 421 1232 aetatum
453 1194 628 1243 omnium,
1071 1193 1194 1240 ipsum
1226 1192 1403 1241 restituit,

204 1251 310 1288 Finis
341 1250 540 1298 perficiens
1017 1251 1180 1296 Propter
1210 1260 1319 1296 quem
1350 1249 1502 1286 subiens

261 1308 443 1357 bonorum
476 1308 648 1345 Christus
681 1312 749 1348 ost,
1073 1307 1195 1343 crucis
1226 1306 1484 1353 suspendium,

203 1366 340 1403 Aetate
371 1365 511 1401 saeculi
1019 1363 1069 1400 Ut
1101 1373 1250 1400 servum
1281 1363 1456 1408 redimat,

260 1426 368 1458 sexta
399 1421 460 1468 qui
492 1432 624 1468 passus
657 1425 725 1459 est.
1072 1430 1112 1456 se
1144 1420 1250 1457 dedit
1279 1420 1455 1466 pretium.

135 1537 172 1573 2.
205 1535 329 1582 Ipsius
357 1534 483 1581 passio
943 1532 982 1571 4.
1015 1532 1178 1569 Perenni
1208 1532 1370 1569 Domino

258 1595 387 1629 nostra
419 1590 628 1637 redemptio
1070 1599 1209 1637 perpes
1240 1589 1289 1625 sit
1320 1589 1454 1636 gloria,

202 1648 389 1685 Bonorum
421 1648 582 1684 omnium
1014 1645 1072 1681 Ex
1104 1657 1178 1693 quo
1209 1650 1318 1691 sunt,
1350 1656 1419 1694 per
1448 1655 1557 1692 quem
1586 1647 1685 1692 sunt,

259 1710 296 1740 et
330 1704 614 1752 consummatio,
1069 1702 1107 1738 in
1138 1713 1211 1749 quo
1244 1708 1329 1739 sunt
1361 1702 1508 1739 omnia:

200 1761 340 1798 Salutis
372 1765 497 1797 cetera
1015 1758 1072 1795 Ex
1104 1770 1176 1805 quo
1207 1764 1305 1808 sunt,
1338 1764 1448 1807 pater
1479 1762 1548 1805 est,

255 1823 339 1854 sunt
372 1817 614 1864 adminicula,
1069 1826 1139 1862 per
1169 1827 1277 1862 quem
1309 1821 1407 1866 sunt,
1441 1814 1580 1861 filius„

200 1875 304 1911 Haec
335 1879 388 1910 est
423 1873 623 1920 completio
1011 1872 1052 1908 In
1085 1883 1156 1918 quo
1188 1877 1286 1920 sunt,
1319 1873 1439 1919 patris
1471 1878 1504 1907 et

255 1931 388 1967 salutis
422 1931 554 1968 hostia.
1066 1927 1132 1964 filii
1164 1929 1336 1976 spiritus,

218 2044 255 2073 B.
282 2043 338 2073 sol.
365 2040 449 2074 86a.
476 2060 519 2063 —
543 2041 574 2078 2,
600 2040 621 2073 3
647 2042 821 2072 Bonorum
848 2043 900 2072 est
924 2041 1087 2071 oninium.

671 2241 738 2278 137.
773 2242 853 2284 (27.)
888 2239 997 2276 Feria
1021 2241 1146 2276 sexta.

774 2319 828 2350 Ad
854 2319 1036 2360 Vespera&

128 2436 163 2475 1.
196 2434 253 2472 De
285 2439 389 2472 costa
417 2435 491 2471 vviri
524 2434 566 2470 fit
941 2436 979 2472 2.
1013 2433 1081 2470 Rei
1114 2432 1312 2469 cuiuslibet

251 2492 364 2538 sopiti
398 2490 550 2539 femina,
1069 2490 1147 2526 eius
1179 2490 1379 2537 imaginem

196 2548 270 2586 Ubi
304 2548 446 2585 Christi
478 2559 618 2594 sponsa
1011 2547 1242 2592 Expressam
1277 2547 1435 2583 dicimus

251 2605 328 2642 eius
361 2605 533 2655 ecclesia,
1067 2603 1367 2651 similitudinem,

195 2661 300 2698 Mors
333 2662 471 2699 Christi
503 2673 616 2709 sopor
647 2667 716 2709 est,
1013 2660 1119 2707 Quod
1153 2670 1242 2696 vero
1273 2659 1479 2706 quamlibet

252 2719 298 2755 de
327 2719 430 2756 cuius
463 2719 581 2756 latere
1067 2727 1144 2753 rem
1174 2728 1306 2753 munus
1337 2715 1529 2762 exprimit,

197 2774 273 2812 Nos
301 2775 458 2812 mundat
488 2776 668 2822 prodiens
1010 2773 1277 2810 Similitudinis

250 2843 347 2879 aqua
378 2842 458 2869 cum
492 2832 685 2881 sanguino.
1066 2841 1198 2866 nomen
1230 2841 1303 2867 non
1336 2828 1487 2876 refugit.

193 2901 354 2940 DroveS,
385 2901 628 2935 }{>···1n·›=.⁷1·n1=11i
655 2901 767 2927 Latini.
808 2901 832 2926 1.
1437 2893 1475 2927 ll
