1914 3223
769 179 1079 220 —335—

255 343 340 380 261.
375 345 435 387 (7.)
469 344 527 380 Ad
553 343 726 380 Laudem
751 345 919 380 sanctae
946 345 1092 380 Luciae
1116 345 1288 389 virginis
1313 346 1354 381 et
1379 346 1590 391 martyris.

362 449 434 497 Qui
464 449 589 487 caelos
618 450 808 496 quondam
840 451 1007 487 statuisti
1038 451 1181 488 lumina
1212 452 1326 488 terris

364 506 566 554 Spargere,
600 506 649 544 da
680 506 858 543 tenebras
889 507 1067 553 pellentis
1097 519 1253 545 munem
1285 508 1394 546 lucis.

365 563 488 601 Nocte
518 564 608 600 licet
636 573 790 609 pressos
821 563 940 600 nubes
971 575 1039 600 nos
1070 565 1216 611 pallida
1248 565 1398 613 condat,

360 620 509 658 Lucida
539 619 747 667 gaudemus
778 626 904 656 tamen
937 620 997 656 hic
1028 623 1254 668 quandoque
1284 622 1398 660 tueri.

290 679 313 715 5
360 677 476 715 Clara
507 676 662 723 quidem
692 674 783 713 fidei
813 682 966 723 gestans
997 677 1068 714 sub
1099 679 1247 724 agmine
1278 678 1385 725 virgo

361 724 624 772 Lumina'nos
657 732 785 770 docuit
815 733 1004 770 constanti
1036 734 1163 771 lucida
1195 735 1294 772 bello

362 789 521 835 sistere,
555 790 644 827 dum
674 789 854 837 precibus
884 790 1089 827 Dominum
1120 791 1258 828 vicisse
1287 797 1481 828 tonantem

363 847 456 884 Visa
487 857 636 894 quoque
666 853 723 883 est
754 846 886 883 morbo
916 853 1118 894 praestans
1149 847 1327 896 suffragia
1359 849 1504 886 matris.

360 903 487 941 Multa
518 907 631 950 parat
662 903 836 948 daemon,
869 904 926 940 vis
957 905 1082 941 carnis
1113 904 1272 951 proelia,
1303 905 1480 951 mundus,

261 961 313 998 10
359 961 483 998 Docta
515 958 605 997 ferit
636 960 761 997 iaculo
791 960 1006 997 latitantem
1040 961 1200 998 nubibus
1232 962 1392 999 hostem.

362 1017 465 1054 Luce
497 1017 641 1054 micans
672 1016 762 1054 fidei
794 1017 920 1054 carnis
952 1017 1147 1055 molimina
1179 1018 1307 1066 vincit,

359 1074 460 1112 Dum
493 1084 534 1110 se
565 1074 770 1111 terricolae
800 1072 950 1111 facibus
978 1084 1052 1111 non
1083 1075 1204 1122 iungit
1234 1075 1411 1112 amantis

356 1132 466 1179 Quae
498 1131 649 1178 potiora
679 1131 833 1177 quidem
865 1131 1041 1168 caelestis
1073 1130 1229 1169 foedere
1257 1132 1402 1179 sponsi,

356 1189 477 1235 Quem
510 1186 613 1225 fovet
643 1187 683 1224 in
714 1187 870 1225 minima
901 1187 1118 1225 diffundens
1150 1199 1306 1225 munere
1335 1187 1538 1228 membra?

257 1245 308 1283 15
356 1244 517 1282 Fortior
547 1244 708 1291 insurgit
741 1245 905 1282 mundus
936 1255 1006 1291 pro
1036 1251 1159 1282 marte
1189 1245 1391 1294 secundus,

357 1301 456 1340 In'de
485 1301 642 1338 sinister
671 1301 782 1338 adest
813 1306 849 1338 et
881 1300 999 1338 verbo
1030 1308 1066 1337 et
1099 1302 1259 1339 verbere
1288 1308 1458 1349 turgens,

357 1358 474 1395 Nulla
505 1362 632 1405 potest
659 1358 825 1395 animum
857 1356 986 1405 fragili
1017 1357 1087 1395 sub
1119 1370 1232 1396 carne
1264 1359 1413 1395 virilem

358 1415 556 1462 Frangere
586 1415 643 1452 vis
674 1415 855 1463 clausum,
890 1415 937 1451 de
968 1415 1074 1452 cuius
1104 1415 1242 1452 robore
1271 1415 1387 1452 traxit

359 1472 514 1509 Robora
546 1471 718 1508 mortalis
749 1472 890 1517 moles3
922 1483 1010 1508 nam
1041 1473 1178 1509 sistere
1209 1473 1290 1509 visa
1320 1478 1377 1508 est

256 1530 310 1568 20
356 1529 598 1566 Multimodis
629 1528 822 1565 hominum
853 1528 1051 1565 conatibus
1081 1535 1168 1566 acta
1198 1529 1397 1576 boumque,

358 1586 418 1624 Ad
450 1586 535 1623 loca
564 1585 756 1632 perdendi
785 1590 827 1622 ut
855 1585 1075 1622 traheretur
1105 1585 1218 1623 foeda
1248 1586 1424 1632 pudoris.

352 1644 536 1680 Incensus
566 1648 723 1689 superat
753 1641 926 1680 flammas
957 1653 1028 1679 nec
1060 1643 1218 1680 vulnera
1249 1642 1381 1679 mortis

350 1700 524 1746 Expavit
556 1709 742 1746 sacroque
774 1699 1004 1736 charismate
1035 1698 1115 1736 fota
1146 1699 1301 1746 reliquit

351 1756 533 1794 Membra
563 1756 715 1803 quidem
747 1761 887 1803 terrae,
919 1756 988 1793 sed
1019 1757 1179 1803 spiritus
1208 1756 1366 1793 aethera
1396 1756 1561 1794 scandit.

251 1815 303 1852 25
352 1813 431 1851 Hic
461 1818 528 1850 tua
557 1812 719 1850 lucifero
751 1813 971 1861 resplendet
1003 1813 1168 1850 culmine
1198 1812 1322 1861 sedes,

360 1871 436 1908 Hic
467 1881 578 1907 sacer
606 1870 806 1916 amplexus
836 1869 907 1906 tibi
937 1870 1100 1916 porrigit
1131 1869 1261 1906 oscula
1291 1879 1466 1918 sponsus,

353 1927 439 1965 Huc
470 1937 619 1974 quoque
648 1937 717 1963 nos
746 1933 813 1963 tua
841 1932 931 1963 vota
961 1926 1128 1970 trahant,
1159 1937 1182 1963 o
1211 1925 1340 1963 lucida
1371 1926 1492 1973 virgo.

212 2052 447 2094 Martinengo‚
474 2051 496 2082 1.
523 2061 552 2082 c.
577 2061 611 2092 p.
639 2047 704 2081 194
728 2060 779 2091 sq.
805 2068 850 2072 —

364 2231 448 2267 26⁸2.
484 2231 545 2273 (8.)
580 2229 730 2274 Incipit
757 2229 841 2266 Oda
867 2229 1094 2264 excitativa
1119 2228 1262 2264 militis
1288 2228 1459 2266 christi.

511 2336 611 2383 Quid
642 2335 754 2377 stas?
784 2336 863 2373 otio
893 2336 1000 2382 quid,
1032 2336 1150 2382 pugil,
1182 2334 1347 2372 haeres?

510 2393 610 2431 Belli
640 2397 789 2430 moveat
821 2391 994 2430 fervidus
1025 2392 1174 2431 horror.

509 2449 655 2497 Quodsi
685 2449 855 2487 retrahat
887 2447 1027 2486 frivola
1059 2449 1192 2495 virtus,

510 2507 585 2554 En,
615 2507 797 2543 auxilium
830 2506 991 2543 dextera
1023 2505 1167 2543 Christi

443 2567 466 2603 5
514 2564 703 2608 Praestat,
736 2561 894 2610 fragiles
927 2568 1086 2609 portans
1115 2573 1280 2599 umeros.

509 2619 673 2658 Intende
704 2619 827 2664 ducis,
859 2630 970 2666 quam
1003 2629 1109 2665 cape.
1143 2618 1316 2665 formam,

509 2677 620 2716 Forti
652 2675 808 2713 dabitur
836 2674 942 2712 fulva
973 2685 1128 2713 corona.

512 2733 723 2771 Prudentia
752 2737 790 2769 te
820 2737 995 2779 protegat
1027 2738 1129 2773 ante.

510 2790 561 2828 Et
590 2789 738 2826 iustitia
764 2794 920 2835 postera
950 2799 1104 2835 purges,

415 2849 466 2886 10
512 2848 583 2893 Ac,
615 2855 663 2883 ne
688 2850 836 2882 tumeas
865 2850 992 2882 temne
1021 2845 1203 2893 secunda,

513 2903 679 2941 Laevum
711 2902 834 2939 retine
864 2901 1001 2938 robore
1031 2900 1154 2939 fortis.
