1914 3223
266 365 302 402 7.

269 937 304 968 9.

241 1213 304 1249 10.

260 2797 282 2833 c:

684 270 737 275 —
795 246 876 287 2953
936 267 989 272 —

333 363 501 409 Lumine,
532 363 624 407 sole,
658 372 756 403 rosa,
789 361 873 407 plus
906 359 1079 398 omnibus
1110 361 1165 395 est
1189 358 1380 407 speciosa,

335 420 489 458 Dulcior
519 424 572 456 est
606 417 714 459 favis,
744 428 859 464 super
889 418 1011 453 omnia
1045 416 1147 463 virgo
1179 415 1318 462 suavis,

336 477 482 515 Mentes
515 477 690 523 depastas
722 474 834 515 vitiis,
868 473 1094 520 timidasque
1126 473 1300 509 molestas

337 533 449 571 Mites
479 537 515 569 ct
546 536 681 571 castas.
714 530 876 567 humiles
908 529 1048 567 faciens
1079 533 1115 565 ct
1147 529 1335 575 honestas,

332 647 371 683 Si
402 650 523 683 tamen
556 645 626 682 hac
656 654 744 681 usae
777 642 915 680 fuerint
941 648 978 679 et
1008 646 1131 679 mente
1162 641 1324 691 refusae,

334 703 629 749 circumquaque
661 701 759 747 piam
795 700 939 737 ‹lulcem
975 699 1188 736 venerando
1220 699 1391 736 Mariam.

334 760 432 803 Ergo
465 758 638 805 frequens
669 762 795 793 tantae
826 767 934 793 sacra
965 756 1268 793 conmemoratio
1299 765 1441 802 sacrae,

338 816 446 859 Laus,
479 826 583 852 amor
614 821 667 850 est
702 814 860 860 palmae,
894 813 1088 849 meditatio
1121 813 1276 859 virginis
1307 812 1441 849 almae.

339 929 412 966 Sed
444 929 529 975 quia
561 927 737 964 confusus
767 937 878 973 aegre
911 926 1119 963 dediscitur
1149 937 1237 963 usus

337 986 383 1022 Et
415 985 529 1021 semel
560 983 705 1021 infusus
736 984 799 1020 vix
831 988 1033 1020 evacuatur
1063 983 1215 1029 abusuS,

337 1041 407 1087 Qui
439 1052 510 1078 non
543 1040 704 1077 suffundi
735 1039 960 1077 flammantis
991 1040 1171 1087 sulphure
1202 1040 1343 1086 mundi,

338 1098 408 1144 Qui
442 1109 514 1134 non
547 1096 725 1134 confundi
757 1097 833 1134 vult
866 1097 902 1133 in
934 1096 1112 1133 barathro
1141 1096 1336 1143 pereundi,

338 1212 435 1248 Huic
468 1212 575 1248 homo
605 1211 781 1258 suspiret,
813 1221 950 1257 gyrans
982 1211 1201 1247 meditando
1232 1215 1384 1257 regyret

337 1269 442 1305 lianc
474 1269 573 1304 circa
605 1268 717 1312 diam,
750 1268 918 1304 recolens
950 1277 1208 1314 veneransque
1238 1267 1412 1315 Mariam,

337 1325 398 1362 Εἰς·
430 1329 463 1360 et
499 1325 686 1368 virtutem,
719 1324 772 1360 sic
803 1324 1048 1370 percipiendo
1079 1324 1261 1372 salutem

393 1381 455 1417 Sic
486 1381 536 1417 ibi
568 1385 693 1417 mente
723 1381 795 1417 sita
826 1381 882 1417 vir
914 1381 1117 1417 meditetur
1146 1381 1218 1417 ita:

575 1568 656 1604 295.
691 1569 749 1610 (8.)
786 1568 1099 1606 Commendatio.

289 1717 298 1725 .
329 1686 359 1724 Ο
391 1697 487 1734 rosa,
520 1684 587 1722 flos
616 1685 761 1733 florum,
796 1686 908 1723 decus
940 1691 975 1723 et
1007 1698 1072 1724 vas
1104 1687 1198 1724 lucis
1229 1688 1399 1735 odorum,

392 1743 421 1780 Ο
451 1742 545 1779 bona
575 1742 652 1782 lux.
685 1743 748 1788 pia
775 1743 853 1789 lux,
885 1743 1016 1780 inclita
1048 1744 1124 1793 lux,
1161 1755 1269 1782 sacra
1300 1746 1385 1792 lux3

329 1800 409 1846 Qua
439 1797 581 1846 fulgent
612 1799 701 1836 iusti
731 1799 826 1836 sicut
857 1800 912 1837 sol
945 1800 1028 1837 luce
1060 1801 1218 1848 venusti,

391 1855 502 1903 Virgo
534 1866 745 1903 parensque
775 1856 858 1906 Dei,
891 1857 966 1904 lux,
999 1867 1145 1904 precor,
1179 1862 1258 1896 esto
1289 1860 1373 1898 mei.

291 1998 300 2008 .
330 1970 360 2008 Ο
390 1970 469 2019 lux,
501 1969 725 2007 christicolis
757 1970 845 2008 data
876 1971 941 2008 lux
972 1975 1007 2008 et
1038 1972 1142 2020 regia
1172 1973 1278 2018 solis,

386 2027 415 2065 Ο
446 2027 509 2063 lux
540 2027 687 2073 solaris,
719 2027 845 2065 lucida
876 2028 987 2065 stella
1018 2030 1152 2075 maris;

331 2082 410 2120 Lux
443 2083 537 2120 lucis
568 2083 703 2131 clarae,
738 2084 895 2131 dignare
925 2085 1015 2121 mihi
1049 2086 1211 2137 radiare,

389 2139 486 2177 Solis
516 2139 683 2177 iustitiae
712 2140 790 2190 lux,
822 2141 931 2178 iubar
961 2142 1155 2181 ecclesiae.

291 2284 297 2291 .
330 2251 468 2289 Sancta
497 2242 568 2289 Dei
596 2253 766 2300 genetrix
797 2258 835 2290 et
865 2254 970 2302 virgo
1001 2266 1070 2302 per
1100 2257 1224 2295 omnia
1255 2258 1408 2310 victrix,

389 2309 450 2346 Ad
481 2310 642 2356 palmam
673 2311 819 2356 patriae
851 2322 916 2348 nos
949 2313 1058 2349 trahe
1090 2313 1277 2361 laetitia03

335 2365 446 2402 Vitae
475 2366 580 2413 virgo
613 2367 750 2410 datrix,
782 2367 902 2416 nobis,
937 2379 1084 2416 precor,
1117 2371 1338 2409 auxiliatrix

387 2422 543 2469 Semper
572 2423 749 2470 propitia,
781 2424 895 2474 mitis,
926 2426 1059 2475 amica,
1092 2427 1167 2477 pia,

289 2554 298 2563 .
331 2523 571 2570 Supplicibus
603 2530 755 2571 praesto
786 2528 956 2573 quamvis
987 2530 1233 2576 peccantibus
1262 2537 1357 2575 esto,

390 2580 523 2618 Custos
554 2587 752 2631 perpetua,
783 2594 852 2630 pro
883 2584 1025 2631 pietate
1055 2591 1141 2635 tua3

328 2636 381 2673 Te
412 2635 575 2674 faciente
608 2639 671 2685 pia
701 2650 767 2676 nos
798 2641 943 2687 repleat
975 2643 1074 2680 alma
1105 2644 1238 2690 sophia

384 2692 581 2731 Dulcifluis
613 2694 721 2733 donis
752 2696 1057 2746 multimodisque
1088 2700 1208 2746 bonis,

290 2824 298 2832 .
331 2795 458 2839 Cuius,
490 2795 529 2832 id
561 2800 619 2832 est
648 2797 799 2845 Christi,
834 2801 1084 2851 sanctissima,
1116 2804 1374 2851 promeruisti,

385 2851 580 2889 Ecclesiae
611 2855 771 2900 pretium
800 2859 979 2906 pauperis
1011 2860 1198 2910 eximium,

330 2908 456 2957 Virgo,
489 2909 579 2955 poli,
611 2914 735 2948 terrae
764 2922 888 2960 regem
918 2925 1033 2961 super
1063 2917 1187 2954 omnia
1218 2916 1331 2966 ferre,

384 2965 433 3002 Et
463 2966 591 3013 regina
621 2967 698 3014 poli
727 2978 878 3017 semper
908 2981 947 3008 es
979 2976 1091 3020 atque
1122 2974 1205 3015 soli.
