2031 3289
887 210 1198 251 ——646—

683 326 783 362 Tuos
815 335 944 362 servos
975 329 1013 362 et
1044 324 1199 362 devotos

681 381 761 419 Fac
791 391 926 418 cruore
955 385 1020 418 tuo
1052 381 1162 428 lotoS‚

743 437 810 486 Ut,
844 437 908 484 qui
939 437 1056 484 empti
1087 437 1268 485 sanguine

682 493 836 540 Christi,
870 497 1010 541 queant
1039 493 1167 531 vivere

683 550 824 587 Tecum
855 550 957 587 omni
987 553 1170 596 tempore.

424 794 506 831 422.
542 794 601 836 (5.)
635 794 681 829 Ιιι
708 794 861 831 Octava
886 793 997 830 beati
1021 794 1200 831 Victoris
1226 803 1346 839 snper
1373 793 1654 839 [Magnificatl.

256 913 292 951 1.
337 910 544 950 Dominum
573 909 853 958 magnificemus
1080 913 1117 949 2.
1163 910 1260 948 Nam
1301 922 1371 958 pro
1401 910 1477 949 fide
1507 915 1593 949 sunt
1623 912 1818 961 prostrati,

337 968 389 1006 Et
420 967 556 1005 devote
586 966 818 1004 celebremus
1162 968 1280 1005 Immo
1311 968 1430 1015 magis
1461 968 1608 1006 evocati

396 1023 560 1061 Victoris
591 1023 801 1071 sollemnia,
1217 1024 1281 1061 Ad
1311 1028 1503 1062 aeternam
1533 1025 1707 1075 patriam,

337 1081 431 1118 Eius
463 1090 610 1127 quoque
641 1080 839 1129 sociorum,
1162 1080 1268 1126 Cum,
1301 1091 1370 1127 pro
1397 1080 1473 1118 fide
1504 1081 1568 1129 qui
1596 1084 1791 1131 necantur,

337 1136 479 1184 Quibus
496 1136 681 1183 Christus,
704 1146 771 1173 rex
791 1137 992 1185 caelorum,
1159 1137 1204 1174 In
1235 1142 1430 1174 aeternum
1460 1137 1708 1175 ostendantur

394 1193 513 1231 Dedit
544 1193 644 1231 vitae
674 1193 856 1240 praemia.
1209 1193 1346 1230 Vivere
1377 1204 1446 1240 per
1477 1194 1648 1241 gloriam.

587 1330 625 1367 3.
673 1328 810 1366 Sancte
845 1328 984 1378 Victor,
1018 1333 1164 1376 martyr
1194 1329 1306 1376 mitis,

676 1386 752 1423 Pro
781 1384 891 1423 nobis
924 1395 1006 1422 cum
1038 1390 1125 1423 tuae
1156 1385 1235 1423 litis

731 1441 930 1489 Supplices
962 1441 1211 1492 consortibus,

672 1497 725 1536 Ut
756 1509 823 1535 rex
854 1508 996 1546 regum,
1029 1498 1093 1545 qui
1124 1509 1191 1535 nos
1220 1498 1338 1545 gratis

670 1554 858 1601 Redemit,
891 1553 938 1592 ab
969 1555 1172 1601 insperatis

726 1611 804 1648 Nos
837 1614 1035 1649 conservet
1064 1611 1261 1649 mortibus.

569 1832 651 1869 423.
687 1834 744 1876 t6.)
778 1833 836 1869 De
863 1833 1004 1869 sancto
1033 1833 1199 1870 Victore
1226 1833 1474 1878 Antiphona.

459 1961 595 1999 Inclite
625 1965 784 2009 martyr,
816 1971 898 2008 ave,
933 1961 1088 2008 clarum,
1122 1961 1351 2009 venerabile,
1384 1972 1498 1999 suave

459 2017 545 2055 Non
577 2017 697 2054 solum
728 2028 863 2054 nornen
895 2018 1061 2056 Victoris
1093 2018 1235 2055 habens
1265 2018 1333 2054 sed
1362 2023 1399 2054 et
1429 2029 1552 2064 omen,

457 2074 528 2119 Qui
558 2085 631 2111 non
663 2074 849 2111 vincendo
880 2074 954 2111 vim
986 2074 1035 2123 vi,
1068 2075 1136 2111 sed
1167 2075 1242 2110 vim
1272 2074 1456 2121 patiendo

457 2130 615 2167 Hostem
649 2129 787 2180 vicisti,
819 2141 954 2178 passus
984 2141 1054 2177 pro
1085 2131 1234 2168 nomine
1266 2130 1419 2181 Christi,

459 2186 617 2234 Suscipe
649 2197 846 2224 servorum
879 2187 1080 2234 dignanter
1110 2191 1198 2225 vota
1228 2192 1389 2225 tuorum.

326 2310 352 2342 C
377 2311 422 2349 ΙΙ,
452 2321 484 2351 p.
512 2308 588 2343 107.

510 2465 592 2502 424.
628 2466 685 2508 (7.)
725 2465 889 2509 Rigmus
913 2465 1090 2509 ymnicus
1116 2465 1257 2502 decani
1282 2465 1520 2502 xantensis.

235 2584 271 2622 1.
320 2582 503 2621 Conditor
533 2593 657 2620 rerum
688 2583 867 2629 omnium,
1054 2585 1092 2621 2.
1140 2583 1210 2629 Qui
1241 2583 1478 2630 protoplasto
1509 2582 1713 2620 condolens

319 2639 412 2687 Spes
442 2641 555 2677 unica
585 2639 832 2683 credentium,
1139 2639 1320 2677 Eiusdem
1351 2649 1513 2687 perpere
1545 2636 1685 2676 factum

320 2696 482 2742 Depelle
512 2706 620 2734 omne
651 2696 848 2742 somnium,
1138 2697 1172 2733 A
1204 2695 1311 2733 nobis
1343 2695 1404 2742 pie
1435 2705 1643 2741 removens,

319 2754 398 2798 Quo
429 2757 556 2799 torpet
588 2753 706 2790 virtus
737 2752 929 2799 mentium,
1137 2752 1240 2789 Tuus
1271 2752 1403 2799 implet
1432 2756 1543 2789 natus
1575 2757 1739 2798 pactum,

321 2808 371 2846 Ut
401 2809 437 2846 in
470 2811 636 2847 adventu
667 2809 735 2846 filii
1140 2808 1198 2846 Ex
1231 2813 1267 2845 te
1296 2808 1405 2845 nobis
1435 2808 1588 2845 tandem
1621 2808 1742 2857 datus,

320 2867 353 2901 A
386 2870 422 2901 tc
453 2866 638 2911 possimus
671 2865 778 2911 diligi
1140 2865 1279 2902 Nostra
1311 2865 1423 2911 culpa
1453 2864 1663 2902 trucidatus

374 2921 545 2958 Eundem
580 2922 791 2969 diligentes.
1192 2921 1351 2959 ludaeos
1383 2931 1452 2969 per
1481 2925 1664 2960 amentes,
