2031 3289
902 163 1211 203 -252—

492 278 573 315 Nec
602 290 719 319 mora,
753 275 938 324 pestifera
968 276 1212 314 succenditur
1243 276 1377 313 efferus
1407 277 1478 323 ira,

548 335 645 372 Dum
679 334 753 371 sibi
785 332 998 380 praeripier
1028 334 1133 380 regia
1163 333 1246 370 iura
1277 333 1397 373 timet.

411 392 461 429 15
492 391 586 428 Mox
614 391 719 427 iubet
749 391 948 427 innocuam
980 387 1083 426 ferro
1114 393 1356 436 prosternere
1387 389 1538 435 plebem

548 447 726 484 Destinat
757 451 870 492 atque
901 445 984 483 neci
1016 455 1178 493 corpora
1207 445 1382 484 lacteola.

493 504 678 540 Perderet
704 507 746 540 ut
779 502 985 550 Christum,
1018 502 1105 538 dum
1137 513 1246 539 nemo
1278 503 1458 539 evaderet
1487 502 1622 548 ipsum,

550 560 655 596 Inter
686 564 722 596 et
753 559 971 596 innumeros
1002 562 1189 595 sterneret
1218 558 1318 595 hunc
1345 569 1503 605 puerOS.

373 677 477 718 Trop.
517 686 578 706 ms.
619 675 850 717 Sangallense
888 685 977 707 saec.
1015 673 1066 707 10.
1126 675 1210 708 Cod.
1244 676 1444 717 Sangallen.
1479 673 1556 707 381.
1593 676 1630 706 A.
1667 694 1711 697 —-
1745 677 1848 718 Trop.

282 733 343 753 ms.
370 721 598 762 Sangallense
624 730 713 752 saec.
741 719 828 752 ¹⁰l11.
877 721 960 753 Cod.
987 719 1187 762 Sangallen.
1218 718 1293 753 382.
1321 723 1358 752 Β.
1386 738 1427 742 -
1452 721 1555 762 Trop.
1581 731 1643 751 ms.
1668 721 1851 754 Mindense

284 768 366 798 anni
391 764 489 798 1024.
538 766 622 798 Cod.
649 766 849 797 Berolinen.
875 765 994 797 Theol.
1023 766 1071 796 IV
1100 763 1151 796 11.
1178 767 1215 798 C.

379 810 419 843 10
445 815 564 843 vatum
591 811 677 842 fehlt
701 813 739 843 B.
765 828 810 832 —
838 809 875 842 11
905 812 957 842 bis
985 811 1124 843 Schluss
1154 811 1270 842 fehlen
1295 811 1332 842 B.
1360 829 1403 832 —
1431 809 1471 842 17
1496 811 1661 842 Perderet
1685 814 1718 842 et
1743 812 1780 844 C.
1807 829 1850 833 —

286 858 436 897 „Versus
462 857 663 888 eiusdem
691 857 733 888 de
757 857 868 888 natali
894 858 1116 887 innocentum
1142 856 1186 888 ad
1211 853 1487 897 processionem“
1521 856 1596 891 AB:
1632 857 1782 897 „Versus
1813 858 1851 888 in

279 903 403 944 vigilia
437 903 660 934 innocentum
686 902 730 933 ad
755 899 1045 943 processionem“.
1071 902 1115 939 03
1155 901 1244 933 auch
1271 903 1307 932 in
1332 901 1436 942 Trop.
1463 912 1523 932 ms.
1554 902 1735 933 Mindense
1760 912 1851 934 saec.

288 946 338 978 11.
366 949 410 978 in.
453 948 536 980 Cod.
563 947 871 987 Guelfenbyteran.
900 945 985 978 1110
1011 946 1171 987 (Helmst.
1201 944 1310 986 1008),
1338 947 1390 978 als
1418 947 1567 988 „Versus
1593 947 1786 979 eiusdem
1812 949 1850 978 in

285 994 402 1024 natale
435 990 693 1024 innocentum“.
727 1009 765 1014 —
801 991 817 1023 1
851 992 923 1024 und
954 992 1009 1023 die
1040 992 1165 1024 beiden
1197 992 1342 1023 Hssilften
1376 1003 1444 1024 von
1475 990 1496 1023 2
1530 992 1769 1024 abwechselnd
1799 993 1850 1024 als

286 1039 474 1069 Rundreim
499 1037 700 1080 gebraucht.

536 1216 617 1251 190.
659 1215 718 1257 (3.)
756 1215 857 1249 Item
884 1214 1058 1250 eiusdem
1087 1215 1134 1250 (le
1160 1215 1298 1250 eadem
1322 1215 1580 1250 Festivitate.

295 1335 329 1372 1.
364 1332 455 1369 Cum
488 1336 599 1368 natus
632 1337 732 1369 esset
758 1331 956 1379 Dominus,
1146 1333 1183 1370 6.
1215 1331 1302 1368 Mas
1334 1331 1454 1367 omnis
1486 1329 1611 1368 infans
1643 1333 1794 1377 occidit,

363 1389 560 1425 Turbatur
590 1398 656 1424 rex
688 1388 920 1437 incredulus,
1214 1388 1331 1433 Quem
1362 1399 1481 1424 novus
1511 1392 1643 1434 partus
1674 1390 1845 1438 protulit,

367 1446 471 1493 Magi
503 1445 670 1481 tulerunt
703 1455 871 1490 munera,
1214 1444 1425 1492 Scrutatur,
1458 1444 1527 1481 ab!
1562 1445 1748 1482 cunabula

366 1504 467 1547 Quos
500 1502 613 1538 stella
646 1502 754 1538 duxit
784 1501 956 1548 praevia.
1217 1502 1273 1538 Ac
1304 1502 1388 1548 ipsa
1418 1505 1578 1538 matrum
1613 1502 1742 1541 ubera.

296 1617 332 1653 2.
367 1615 542 1653 Herodes
574 1625 641 1651 rex
672 1614 894 1663 interrogat,
1152 1615 1187 1652 7.
1220 1613 1318 1659 Quid
1351 1612 1458 1658 furis,
1492 1614 1767 1651 crudelissime.

366 1672 446 1717 Quo
478 1671 655 1710 Christus
685 1671 790 1709 nasci
824 1670 974 1716 debeat,
1217 1671 1246 1708 O
1279 1668 1449 1707 carnifex
1482 1674 1517 1707 et
1547 1671 1738 1717 pessime?

369 1729 588 1774 Locumque
622 1728 697 1764 dici
728 1726 886 1774 flagitat,
1219 1727 1294 1764 Hic
1317 1727 1430 1772 solus,
1462 1727 1524 1773 qui
1554 1727 1774 1775 requiritur,

367 1784 419 1822 Ut
449 1785 552 1821 hunc
583 1794 722 1821 necare
753 1785 891 1823 valeat.
1221 1784 1380 1830 Impune
1412 1784 1584 1820 Christus
1616 1785 1774 1825 tollitur.

297 1901 333 1938 3.
364 1899 545 1936 Adorant
576 1898 675 1944 magi
707 1898 908 1935 Dominum
1153 1898 1189 1936 8.
1221 1897 1356 1933 Pectus
1387 1897 1566 1933 tenellum
1599 1898 1795 1947 rumpitur,

368 1955 559 2001 Viamque
592 1959 752 2001 carpunt
784 1955 910 1999 aliam,
1220 1954 1387 1991 Matrum
1422 1954 1526 1990 sinus
1556 1952 1810 2000 perfunditur,

368 2012 450 2048 Nec
485 2012 587 2048 saevi
622 2012 721 2058 regis
753 2011 906 2057 impiam
1221 2010 1295 2047 Sed
1313 2010 1422 2047 lactis
1439 2011 1523 2056 plus
1536 2022 1644 2056 quam
1657 2011 1849 2057 sanguinis

369 2069 482 2106 Ultra
514 2068 644 2104 vident
676 2068 948 2114 praesentiam.
1221 2067 1280 2104 De
1310 2067 1393 2104 loco
1424 2067 1545 2103 stillat
1575 2067 1754 2105 vulneriS.

298 2184 334 2221 4.
367 2181 473 2218 Tunc
505 2192 571 2218 rex
605 2181 778 2219 Herodes
814 2179 962 2218 fervida
1150 2182 1186 2219 9.
1221 2181 1346 2227 Salve,
1376 2181 1523 2216 lactans
1555 2181 1754 2226 exercitus,

368 2237 622 2275 Succenditur
652 2238 801 2275 insania
1218 2237 1353 2274 Flores
1384 2242 1599 2274 sanctorum
1626 2241 1848 2284 martyrum,

368 2295 603 2340 Mandatque
635 2294 754 2331 sterni
786 2294 889 2330 milia
1217 2293 1278 2330 Ad
1310 2305 1413 2330 aram
1445 2294 1578 2330 summi
1609 2294 1770 2330 numinis
1834 2301 1838 2304 ⁴

370 2351 610 2388 Lactantium
644 2351 853 2389 innumera.
1218 2350 1288 2396 Qui
1320 2350 1411 2387 laeti
1441 2360 1591 2396 semper
1621 2350 1765 2389 lutlitiS.

302 2468 337 2502 5.
371 2465 591 2511 Completur
625 2475 738 2502 saeva
769 2465 896 2511 iussio,
1120 2466 1183 2503 10.
1217 2465 1295 2502 Nos
1328 2475 1392 2501 vos
1423 2464 1624 2501 laudantes
1656 2474 1792 2510 pueros

367 2521 561 2558 Mactatur
593 2522 713 2558 omnis
745 2522 864 2568 pusio,
1216 2521 1374 2567 Semper
1404 2521 1531 2557 iuvate
1562 2520 1750 2567 precibus,

365 2578 513 2614 Aetatis
546 2577 670 2615 bimae
702 2578 850 2624 parvuli
1217 2577 1417 2615 Vobiscum
1450 2577 1502 2613 uti
1537 2577 1674 2623 iugiter

370 2635 436 2670 Vel
468 2633 568 2671 infra
598 2634 813 2671 subduntur
843 2635 938 2672 neci.
1216 2635 1406 2671 Possimus
1438 2633 1527 2670 laeti
1559 2633 1736 2679 psallere.

375 2753 478 2792 Trop.
519 2762 579 2783 ms.
621 2751 851 2793 Sangallense
888 2762 977 2783 saec.
1014 2749 1063 2783 lO.
1122 2752 1205 2785 cod.
1248 2752 1448 2793 Sangallen.
1489 2748 1565 2783 381.
1600 2751 1640 2782 Α.
1667 2770 1703 2773 -
1740 2750 1846 2792 Trop.

284 2808 344 2827 ins.
380 2795 681 2839 Μῃςζυιιῒίῐιιιῐηῐη
718 2800 752 2829 et
780 2798 993 2838 Tcgurinum
1031 2808 1122 2829 saec.
1157 2795 1198 2830 10
1237 2800 1269 2829 et
1310 2796 1358 2829 11.
1417 2796 1498 2829 Cod.
1533 2795 1726 2828 Londinen.
1760 2795 1846 2827 Add.

282 2841 641 2919 437652-13.1bxirs.11l3133t
671 2844 708 2875 C.
740 2861 784 2866 —
816 2844 919 2884 Trop.
953 2853 1014 2874 mS.
1048 2843 1228 2875 Mindense
1263 2844 1344 2874 anni
1380 2840 1475 2875 1024.
1534 2841 1617 2873 Cod.
1649 2841 1846 2873 Berolinen.

325 2899 381 2918 lvo
402 2913 408 2920 .
557 2912 563 2918 -
625 2912 632 2919 .
