1914 3223
760 169 1061 208 —211—

328 281 402 319 Hic
434 282 511 319 vati
540 282 677 319 eximio
709 281 852 328 placidi
886 283 1058 319 Iordanis
1090 283 1138 320 ad
1169 283 1308 321 undam

384 338 432 376 Se
463 339 599 376 castris
632 338 784 375 Domini
816 339 990 384 prodidit
1021 350 1103 375 esse
1136 340 1283 386 ducem,

326 396 419 434 Cum
451 406 559 432 sacro
590 395 628 432 in
660 406 794 441 campo
825 395 960 431 stricto
992 397 1214 433 consisteret
1248 407 1336 433 ense

381 452 664 498 Subrueretque
696 452 769 497 piis
800 451 918 498 impia
949 456 1081 498 saepta
1114 453 1227 499 tubis,

228 506 287 546 ’15
322 508 503 546 Deiciens
534 513 679 555 septem
712 508 859 544 victrici
892 507 1049 545 fulmine
1079 514 1208 555 gentes

381 565 624 611 Sacratisque
653 565 734 602 Deo
767 564 927 611 mystica
958 575 1074 611 regna
1106 565 1245 606 ferens.

326 623 438 660 Hunc
469 621 625 659 Gabriel
658 621 778 658 solum
811 621 992 658 auxilium
1025 621 1096 658 sibi
1130 621 1230 659 ferre
1262 621 1404 660 fatetur

384 679 446 716 Ad
479 678 541 724 pia
574 677 747 714 caelestis
777 682 904 714 castra
934 678 1076 715 tuenda
1107 678 1193 724 Dei,

327 735 527 773 Admissus
559 733 731 771 referens
762 734 933 771 Danielis
964 735 1002 771 in
1034 735 1134 772 atria
1166 736 1274 783 caeli,

246 793 296 831 20
386 793 486 839 Quas
513 796 644 828 sancto
675 791 859 839 impastus
891 790 1043 828 fuderat
1075 802 1153 839 ore,
1187 803 1333 839 preces,

329 850 441 887 Hunc
471 848 590 884 oculis
621 848 758 884 mentis
790 848 890 884 inter
920 852 1084 895 myrteta
1116 848 1248 886 beatus

383 904 588 942 Zacharias
618 914 727 942 roseo
759 904 886 941 sidere
916 904 1013 941 vidit
1045 915 1153 952 equo,

326 962 561 999 'Pendentem
594 962 725 998 niveas
755 961 899 1008 templa
930 961 978 998 ad
1011 962 1191 998 caelestia
1222 962 1369 1008 palmas

386 1019 536 1065 Proque
567 1018 640 1054 Dei
671 1017 807 1055 affectu
838 1017 950 1064 plebe
981 1029 1115 1065 rogare
1147 1019 1221 1065 pio.

245 1076 295 1112 25
331 1076 516 1121 Quattuor
547 1085 592 1111 ex
625 1075 773 1122 gemino
804 1078 958 1112 ruerent
991 1085 1073 1112 cum
1105 1079 1232 1111 monte
1263 1076 1471 1125 quadrigae

386 1131 615 1178 Disparibus
647 1138 780 1178 raptae
812 1131 1113 1178 praecipitanter
1144 1131 1260 1181 equis,

327 1188 423 1225 Dum
458 1187 529 1225 rufi
560 1192 672 1235 atque
705 1189 814 1237 nigri,
848 1188 948 1225 nivei
979 1188 1151 1235 variique
1182 1188 1325 1235 iugales

390 1245 628 1282 Perlustrant
659 1245 785 1281 cuncti
816 1246 946 1291 iugera
978 1250 1087 1282 vasta
1116 1245 1199 1290 soli,

326 1300 452 1348 Atque
485 1302 555 1338 Dei
586 1313 731 1339 summo
763 1301 933 1338 referunt
964 1307 1100 1339 exacta
1130 1301 1303 1340 ministro

242 1359 293 1396 30
386 1358 575 1405 Principis
607 1363 642 1394 et
675 1359 841 1405 pendent
873 1358 923 1395 ad
954 1359 1018 1406 pia
1048 1359 1151 1395 iussa
1182 1359 1252 1407 sui,

329 1415 567 1452 Hierusalem
601 1415 785 1452 Dominus
817 1415 923 1462 larga
954 1416 1097 1462 pietate
1128 1415 1270 1452 reviset

388 1474 513 1518 Atque
545 1471 611 1508 illa
642 1477 796 1509 aeterno
828 1472 901 1508 iam
934 1471 999 1508 fiet
1030 1472 1116 1508 aula
1147 1472 1242 1516 Deo,

332 1530 448 1574 Quam
481 1533 608 1565 tantus
639 1539 816 1565 numerus
847 1529 1114 1575 hominumque
1145 1539 1374 1576 gregumque
1415 1529 1591 1577 replebit,

389 1585 539 1622 Nullius
570 1590 611 1621 ut
643 1586 738 1623 muri
771 1585 915 1632 cingier
945 1585 1037 1622 orbe
1067 1590 1192 1631 queat,

251 1643 301 1680 35
335 1642 409 1679 Sed
441 1641 544 1678 Deus
575 1642 672 1679 hanc
702 1642 800 1690 ignis
831 1642 908 1688 iugi
939 1642 1144 1679 munimine
1176 1643 1312 1690 cinget,

389 1698 621 1736 Consumens
652 1699 779 1736 hostes
810 1699 937 1735 lumen
969 1703 1006 1735 et
1036 1698 1137 1735 intus
1170 1710 1297 1746 agens,

327 1755 401 1792 Hic
431 1755 500 1792 sub
531 1754 605 1792 fine
637 1756 762 1803 etiam,
796 1766 877 1792 cum
910 1766 1067 1802 serpens
1098 1756 1164 1792 ille
1196 1760 1365 1792 vetustus

388 1812 567 1850 Intulerit
598 1813 748 1849 Christo
780 1812 927 1859 proelia
958 1823 1065 1849 cassa
1096 1813 1190 1858 Deo,

330 1868 539 1906 Caelestem
573 1870 729 1915 cupiens
760 1870 846 1906 telis
877 1869 1082 1906 excindere
1112 1869 1241 1906 sedem

245 1927 299 1963 40
388 1926 440 1963 Et
471 1926 650 1972 populum
681 1936 829 1963 sacrum
861 1936 1019 1972 carpere
1051 1926 1164 1963 dente
1195 1924 1289 1971 fero,

332 1982 542 2028 Consurget
572 1987 651 2019 toto
684 1983 858 2020 caelestis
890 1982 1041 2020 turbine
1072 1993 1222 2030 pugnae

387 2038 720 2086 Flammarumque
750 2039 873 2086 globis
905 2044 1031 2076 castra
1061 2038 1228 2077 nefanda
1260 2044 1419 2085 premet.

329 2095 423 2132 Tum
454 2095 619 2142 populus
651 2096 794 2134 Christi
824 2095 997 2143 perfecta
1029 2107 1122 2143 pace
1154 2095 1315 2143 fruetur,

384 2152 543 2198 Semper
573 2157 610 2189 et
641 2153 812 2200 angelico
844 2153 1017 2190 concinet
1048 2164 1113 2190 ore
1143 2153 1274 2191 melos

250 2209 301 2245 45
335 2208 446 2245 Hunc
476 2209 594 2255 igitur
624 2214 783 2259 tantum,
815 2221 884 2247 rex
916 2211 1071 2256 optime.v
1105 2209 1267 2255 Christe,
1300 2213 1500 2256 patronum

384 2265 549 2312 Respice
580 2271 618 2302 et
648 2266 768 2313 ipsius
799 2277 867 2304 nos
899 2277 1012 2314 prece
1044 2265 1215 2313 purifica.

225 2358 307 2390 Cod.
332 2360 482 2405 Parisin.
508 2358 608 2393 2832.
634 2372 723 2393 saec.
750 2360 781 2394 9.
811 2362 847 2393 A.
882 2379 926 2383 —-
957 2362 1041 2394 Cod.
1067 2362 1217 2393 Parisin.
1249 2359 1334 2393 7558
1365 2371 1453 2393 saec.
1480 2359 1511 2393 9.
1538 2362 1575 2392 Β.
1608 2378 1650 2382 —
1686 2360 1704 2393 7

138 2403 198 2444 pia
229 2415 331 2437 meua
356 2406 432 2438 luce
457 2407 495 2438 B.
522 2426 564 2429 —
599 2404 639 2438 10
664 2410 763 2439 necte
789 2411 956 2439 ruentem.
982 2425 1026 2428 —
1058 2404 1102 2438 23
1127 2407 1286 2448 planmas
1312 2408 1350 2438 B.
1376 2424 1420 2428 —
1454 2404 1497 2438 25
1522 2411 1642 2438 rurent
1666 2408 1704 2439 B.

134 2464 174 2470 —
210 2446 255 2481 33
280 2451 480 2483 Hirusalem
507 2452 545 2483 B.
571 2469 616 2473 —-
649 2450 692 2483 35
727 2453 880 2494 repleam
906 2454 944 2484 B.
969 2470 1014 2474 —
1045 2451 1089 2484 36
1123 2454 1256 2495 cingier
1281 2452 1494 2494 orbeaqueat
1518 2454 1557 2484 B.
1586 2470 1629 2474 -
1661 2450 1705 2484 43

139 2504 260 2536 pagne.
285 2513 329 2517 —
354 2497 535 2528 Diimmler
560 2498 606 2535 11,
632 2495 698 2529 504
723 2509 756 2529 u.
783 2499 803 2529 f.

259 2629 338 2665 160.
375 2630 432 2670 (2.)
471 2631 647 2674 Hymnus
676 2630 716 2665 in
743 2631 888 2667 Natale
914 2631 1147 2666 sanctorum
1171 2631 1365 2667 Iohannis
1391 2632 1430 2666 et
1458 2631 1590 2667 Pauli.

411 2716 594 2757 Iohannis
625 2718 809 2765 Paulique
841 2719 940 2756 diem
970 2719 1025 2756 sol
1056 2719 1185 2756 attulit
1216 2719 1310 2764 orbi,

466 2775 536 2822 Qui
569 2774 684 2811 rubra
715 2776 888 2822 martyrii
921 2781 1023 2812 serta
1055 2785 1189 2812 cruore
1222 2781 1368 2822 gerunt.

406 2831 551 2869 Unicus
582 2831 650 2867 hos
680 2833 831 2878 sanguis
860 2842 1039 2879 germano
1071 2831 1226 2869 foedere
1258 2832 1393 2878 iunxit,

465 2888 586 2926 Unica
618 2898 717 2924 mors
749 2886 887 2925 fratres
918 2899 1093 2935 morsque
1125 2888 1298 2935 fidesque
1330 2890 1443 2936 parit.

1429 2954 1499 2988 14*
