1914 3223
810 176 863 181 —
923 154 1000 212 571
1064 176 1118 180 -

266 264 327 296 Ad
352 265 527 296 Nonam.
556 280 593 285 —
627 263 655 303 1,
681 262 702 296 2
728 265 782 298 Sit
805 266 906 297 nobis
932 267 1000 298 AF.
1027 284 1070 288 —
1100 265 1127 306 1,
1153 265 1174 298 3
1198 267 1245 298 Et.
1270 277 1330 308 per
1354 267 1444 298 lianc
1469 267 1516 309 E;
1552 268 1618 300 Per
1643 279 1745 309 quam

177 312 212 342 et
235 310 336 342 nobis
362 310 407 341 H.
434 325 476 330 —
505 307 533 347 l,
558 307 581 341 4
606 309 744 342 Collata
768 312 839 342 sint
864 311 907 349 C,
940 313 1069 354 Aperta
1095 314 1164 344 sint
1190 313 1238 352 D3
1266 313 1404 344 Donata
1429 316 1509 344 sunt
1535 314 1580 345 H.
1609 330 1647 335 -
1674 315 1741 345 Str.

180 354 194 386 1
223 354 308 387 fehlt
332 355 372 387 L.
397 371 441 376 —
461 353 528 386 Str.
554 352 575 385 2
600 355 668 386 und
693 355 780 388 alles
806 358 944 389 weitere
969 358 1055 389 fehlt
1072 359 1108 390 C.
1135 375 1176 379 -—
1205 356 1234 395 2,
1271 356 1282 388 l
1306 359 1581 390 commoriamur
1598 359 1746 391 Domino

178 400 224 432 H.
245 418 282 422 —-
302 398 333 438 2,
351 398 373 431 4
389 398 557 432 Mundum
576 401 625 432 sic
643 401 784 433 salvans
802 402 847 440 G;
875 402 935 441 Sic
951 403 1114 435 muudum
1133 403 1273 434 salvans
1292 403 1338 443 [η
1358 403 1525 436 Mundum
1545 408 1747 436 restaurans

179 445 350 487 perditum
376 445 418 477 Ε.
445 461 488 466 -
514 445 613 477 Nach
639 448 706 478 Str.
733 444 753 478 2
778 448 854 488 fiigt
878 447 907 479 L
934 448 1003 480 bei:

655 536 753 568 Haec
779 537 920 570 horrent
945 539 1033 570 caeli
1059 540 1184 578 sidera,

652 582 744 613 Dum
770 582 901 622 vident,
927 584 1055 615 tollunt
1080 585 1222 624 lumina,

653 627 867 659 Scinduntur
892 630 1012 670 templi
1039 640 1223 668 marmora,

651 672 745 703 Mors
771 674 853 705 viva
880 674 993 706 reddit
1018 686 1176 716 corpora.

264 762 323 793 Ad
342 763 577 804 VesperaS.
603 780 647 785 —
673 761 704 801 2,
733 761 748 794 l
770 764 856 796 Cum
882 764 1031 806 flagellis
1050 765 1090 797 E.
1110 783 1153 788 —
1171 764 1203 804 2,
1232 765 1252 798 2
1271 767 1359 798 Potu
1379 768 1421 798 A.
1440 785 1483 789 —
1500 766 1531 806 3,
1563 766 1576 798 l
1597 767 1746 799 Nostrae

199 808 288 840 entis
314 808 362 847 D3
388 808 486 840 Tuae
510 809 606 850 genti
633 809 684 844 H:
711 809 814 841 Omni
839 811 935 852 genti
952 812 1019 849 1K3
1046 812 1131 843 Piae
1155 814 1251 853 genti
1269 813 1316 852 G,
1343 814 1491 844 Nostrae
1517 814 1622 845 menti
1645 812 1746 844 E.—

198 876 206 891 ,
231 850 252 884 2
277 853 476 885 Recolentis
502 854 544 885 D.
571 870 614 875 -—
639 851 670 891 3,
696 851 716 885 3
742 855 866 886 Mortis
893 859 972 887 tuae
998 856 1094 888 HIK.
1121 874 1165 878 *-
1188 856 1220 895 3,
1245 856 1267 888 4
1292 859 1371 889 Iesu
1396 858 1592 900 redemptor
1615 859 1683 890 FG.
1703 875 1744 879 —-

171 897 210 937 4,
241 896 263 930 4
300 908 348 937 sq.
378 899 444 930 Per
476 909 578 941 quem
602 901 715 930 caecis
741 900 856 932 lumen
883 901 998 933 reddis
1024 903 1067 933 H.
1094 919 1138 923 ——
1163 901 1201 941 5,
1233 901 1254 933 3
1278 902 1389 934 hostis
1415 904 1525 935 invidi
1550 903 1678 935 DEIK.
1703 920 1746 924 —

173 942 205 981 5,
230 942 253 975 4
278 944 347 975 Fac
372 954 492 976 secure
516 945 582 984 1K3
618 945 690 976 Nos
716 945 890 977 conducas
917 948 959 978 H.
986 965 1030 968 —
1055 946 1085 985 5,
1116 946 1136 979 5
1162 948 1207 980 Et
1232 959 1295 980 uos
1320 949 1439 980 venire
1466 949 1509 988 F,
1544 952 1578 981 et
1604 949 1746 980 inducas

174 989 220 1021 H.
253 1006 289 1010 —-
317 989 443 1020 Dieser
470 990 629 1030 Hymnus
654 989 741 1022 fehlt
765 992 805 1023 L.
833 1008 874 1012 —

261 1045 322 1077 Ad
340 1045 702 1087 Completorium.
728 1065 770 1069 —
799 1046 826 1084 1,
853 1044 874 1078 2
898 1048 937 1079 In
964 1058 1047 1089 pace
1074 1059 1131 1081 rex
1151 1050 1194 1080 H.
1222 1067 1265 1071 —
1293 1047 1322 1088 l,
1347 1048 1369 1081 4
1387 1050 1597 1091 Semperque
1623 1049 1745 1081 laudes

176 1091 310 1123 solvere
335 1091 386 1130 D;
411 1091 563 1132 Tibique
587 1091 708 1123 laudes
734 1091 875 1124 reddere
900 1093 950 1131 K;
976 1093 1024 1125 Et
1048 1099 1081 1127 te
1106 1094 1312 1136 redemptor,
1337 1105 1504 1137 quaerere
1525 1095 1570 1126 H.
1598 1112 1639 1116 —
1665 1092 1695 1133 2,
1724 1092 1745 1126 2

170 1136 348 1168 redemisti
374 1137 524 1168 Domine
550 1136 592 1176 F3
627 1136 828 1179 Redemptis
861 1141 920 1169 tuo
954 1141 1125 1181 sanguine
1153 1140 1196 1170 H.
1230 1157 1274 1162 -—
1307 1138 1343 1179 2,
1377 1138 1397 1172 3
1422 1151 1486 1172 nos
1512 1140 1555 1172 ad
1580 1139 1746 1172 caelestia

171 1182 336 1222 EFG1K3
368 1181 467 1214 Educ
492 1192 555 1212 nos
580 1181 621 1213 de
646 1184 799 1214 miseria.
824 1202 868 1206 -
893 1181 931 1221 2,
961 1182 983 1215 4
1007 1186 1158 1217 Aeterna
1185 1185 1231 1225 A3
1266 1186 1438 1217 Aeternae
1463 1187 1557 1217 vitae
1583 1186 1665 1224 DL;
1698 1184 1746 1217 Et

174 1227 264 1259 dona
290 1227 386 1268 pacis
411 1227 539 1269 gaudia
566 1228 611 1258 H.
637 1244 680 1250 —

262 1272 342 1303 Von
367 1272 497 1304 diesem
515 1271 675 1304 Officium
703 1273 835 1315 spricht
850 1274 905 1305 die
925 1273 1080 1307 Chronik
1098 1274 1158 1306 der
1175 1272 1218 1306 24
1235 1275 1425 1313 Generfile,
1454 1275 1542 1316 „Hic
1562 1275 1744 1308 Generalis

171 1316 443 1357 (Bonaventura)
462 1318 505 1349 ad
523 1319 726 1350 instantiam
745 1319 889 1351 Domini
907 1324 940 1351 et
958 1322 1069 1352 saneti
1085 1320 1268 1359 Ludovici,
1287 1322 1377 1362 regis
1392 1321 1572 1360 Franciae,
1593 1321 1744 1353 officium

171 1363 435 1395 devotissimum
461 1363 502 1395 de
528 1374 628 1395 cruce
656 1363 871 1405 coinposuit“
898 1365 982 1404 (Cfr.
1007 1366 1108 1397 Anal.
1135 1367 1369 1397 franciscana
1394 1367 1467 1404 III,
1493 1364 1582 1402 331).
1630 1366 1746 1399 Eben·

173 1418 210 1440 so
235 1409 283 1439 B:
320 1409 471 1450 „Incipit
503 1408 654 1440 officium
688 1414 829 1441 sanctae
855 1412 985 1449 crucis,
1016 1411 1226 1453 completum
1253 1422 1272 1442 a
1298 1412 1403 1442 fratre
1429 1412 1675 1444 Bonaventura
1701 1411 1744 1444 ad

174 1463 292 1496 preces
309 1454 441 1485 domini
461 1452 665 1485 Ludovici.“
700 1455 866 1496 WVeniger
879 1456 1039 1488 Gewieht
1055 1458 1100 1488 ist
1117 1458 1177 1488 auf
1191 1456 1246 1488 die
1262 1457 1451 1498 Zeugnisse
1464 1457 1523 1488 des
1538 1457 1744 1489 Franciscus

173 1499 322 1531 Samson
337 1499 513 1537 (Minister
537 1499 712 1540 generalis
737 1511 807 1532 von
835 1498 1072 1542 1475—1499)
1094 1513 1127 1534 11.
1154 1513 1185 1534 a.
1211 1513 1251 1533 zu
1270 1502 1371 1544 legen
1386 1502 1467 1543 (vgl.
1486 1503 1598 1544 Opera
1619 1503 1745 1534 Omnia

171 1544 213 1582 V,
243 1555 274 1586 p.
301 1545 400 1576 LVII
425 1544 504 1586 sq.)3
539 1544 630 1576 denn
655 1545 700 1576 da
724 1545 831 1577 ihnen
855 1547 1040 1588 beziiglich
1067 1547 1212 1579 anderer
1236 1547 1414 1588 opuscula
1438 1547 1605 1579 Irrtiimer
1629 1550 1744 1580 unter-

172 1589 299 1627 laufen,
329 1591 376 1620 ist
399 1590 475 1621 ihre
493 1591 670 1621 Autoritat
693 1591 914 1623 vermiudert.
958 1593 1125 1634 Dagegen
1149 1594 1249 1624 weist
1273 1593 1328 1623 die
1356 1593 1623 1634 eigentiimliche
1642 1594 1744 1625 Form

171 1634 232 1666 der
256 1636 419 1676 Hymnen
445 1635 488 1666 ad
513 1635 652 1667 Laudes
677 1636 747 1667 und
772 1636 816 1668 ad
840 1637 1025 1678 Vesperas,
1051 1638 1107 1670 die
1133 1641 1246 1669 zuerst
1272 1639 1308 1669 in
1333 1637 1410 1669 dem
1436 1639 1595 1679 Hymnus
1621 1635 1741 1670 Decus

170 1687 327 1718 morum,
358 1677 434 1712 dux
465 1679 645 1712 inimorwn
667 1680 826 1719 (Offieum
862 1693 887 1713 s.
913 1683 1092 1715 Francisei
1119 1684 1154 1715 in
1180 1681 1209 1714 2.
1236 1682 1352 1724 Vesp.)
1375 1693 1444 1714 von
1471 1680 1551 1715 dem
1577 1683 1742 1715 Cardiual

171 1725 323 1757 Thomas
340 1737 410 1757 von
428 1726 549 1766 Capua
569 1727 775 1768 angewandt
795 1727 923 1766 wurde,
948 1729 1125 1761 bestimmt
1142 1729 1204 1760 auf
1219 1729 1320 1759 ein‘en
1338 1728 1742 1761 Franziskanerdichter.

172 1771 257 1802 Man
289 1771 385 1802 kann
419 1771 493 1802 sich
526 1769 634 1803 daher
663 1782 729 1803 nur
753 1772 829 1804 dem
855 1773 969 1805 Urteil
996 1774 1056 1806 der
1080 1777 1246 1806 neuesten
1273 1774 1519 1815 Herausgeber
1544 1774 1604 1806 der
1629 1774 1744 1816 Opera

173 1816 300 1893 Qnffia
315 1816 567 1902 ansfigllifssen:
588 1817 702 1858 „Hine
715 1819 801 1849 satis
815 1821 946 1850 eertum
960 1820 1097 1852 videtur
1110 1819 1197 1851 illud
1211 1830 1284 1850 esse
1300 1829 1385 1860 opus
1405 1819 1438 1850 S.
1453 1816 1741 1852 Bonaventurae“

274 1885 281 1901 ,
308 1873 339 1904 p.
463 1885 470 1893 .

517 2018 599 2055 383.
636 2019 695 2062 (3.)
731 2018 966 2055 Laudismus
992 2019 1039 2054 (le
1066 2019 1209 2055 sancta
1235 2018 1376 2055 Cruce.

849 2089 936 2121 Pars
961 2089 1072 2121 Prior.

172 2181 208 2220 1.
254 2180 474 2218 Recordare
503 2184 656 2218 sanctae
687 2181 822 2225 crucis,
994 2182 1032 2220 3.
1078 2182 1177 2219 Ama
1208 2191 1369 2226 crucem,
1403 2181 1532 2217 mundi
1563 2181 1699 2229 lucem,

254 2237 326 2284 Qui
357 2235 568 2284 perfectam
598 2238 713 2275 vitam
748 2237 867 2285 ducis,
1077 2238 1129 2276 Et
1159 2237 1316 2275 habebis
1349 2237 1540 2274 Christum
1574 2237 1706 2274 ducem

238 2288 242 2291 ”
309 2294 514 2332 Delectare
543 2295 702 2342 iugiter3
1135 2294 1209 2331 Per
1237 2298 1392 2331 aeterna
1422 2294 1594 2341 saecula3

253 2350 414 2388 Sanctae
447 2351 568 2388 crucis
600 2351 816 2399 recordare,
1081 2352 1203 2389 Cruce
1234 2360 1372 2396 corpus
1404 2350 1667 2399 circumcinge,

254 2407 306 2445 Et
334 2407 374 2444 in
405 2406 490 2454 ipsa
519 2408 707 2445 meditare
1081 2407 1191 2444 Hanc
1224 2406 1451 2455 constringe,
1489 2418 1602 2444 manu
1632 2407 1745 2455 pinge

310 2463 604 2503 Insatiabiliter.
1137 2463 1404 2511 Consignando
1435 2463 1597 2510 singula.

167 2590 205 2630 2.
253 2589 338 2627 Stes
368 2588 405 2625 in
438 2598 550 2625 cruce
582 2588 733 2626 Christo
765 2589 872 2636 duce,
992 2589 1030 2628 4.
1079 2587 1155 2625 Cor
1184 2587 1223 2623 in
1255 2597 1388 2636 cruce,
1438 2598 1529 2625 crux
1561 2589 1598 2625 in
1630 2589 1746 2627 corde

253 2645 384 2684 Donec
412 2645 519 2682 vivas
548 2645 587 2682 in
618 2645 690 2682 hae
720 2645 804 2682 luce
1077 2643 1146 2693 Sit,
1181 2653 1263 2680 cum
1297 2645 1413 2682 corde
1443 2644 1524 2681 sine
1555 2646 1681 2695 sorde,

310 2702 418 2740 Moto
448 2702 581 2748 procul
609 2701 750 2750 taedio,
1079 2723 1085 2725 -
1135 2700 1238 2745 Quae
1269 2701 1515 2747 tranquillum
1550 2700 1688 2752 faciat;

254 2758 340 2796 Non
371 2759 544 2806 quiescas
574 2768 644 2795 nec
674 2762 860 2804 tepescas,
1078 2755 1226 2803 Lingua
1257 2767 1349 2794 crux
1381 2755 1580 2805 efficiatur,

257 2816 301 2854 In
332 2815 403 2853 hoc
434 2825 582 2853 crescas
614 2818 651 2851 et
683 2815 848 2851 calescas
1081 2813 1240 2851 Crucem
1272 2817 1421 2859 promat
1455 2818 1491 2851 et
1522 2814 1700 2863 loquatur

313 2871 449 2910 Cordis
482 2871 686 2909 desiderio.
1137 2869 1187 2907 Et
1219 2880 1407 2918 nunquam
1440 2870 1603 2911 deficiat.
