2031 3289
963 184 1266 224 —510-

337 298 409 337 aa.
452 298 482 336 Ο
514 298 636 345 qualis
668 298 831 343 devotio,

450 355 599 400 Quanta
630 365 775 401 quoque
808 354 969 392 dulcedo

452 409 658 448 Confertur
687 414 777 447 tuno
807 411 965 458 animae,

451 467 545 504 Cum
576 467 753 504 visitatur
782 470 857 503 tam

506 523 659 560 intime!

336 626 408 663 4a,
452 624 572 670 Tolle,
603 623 696 660 tolle
726 628 862 667 tecum,

448 679 621 724 Domine,

451 737 516 773 Me
548 735 595 772 de
626 736 736 773 domo
768 735 952 773 carceris!

1154 297 1228 337 3b.

1152 623 1225 661 4b.

1266 298 1296 335 Ο
1327 309 1436 344 quam
1468 297 1563 334 bene
1593 297 1650 334 illi
1681 302 1750 345 est,

1266 353 1334 392 Cui
1362 354 1532 392 Christus
1562 357 1639 391 tam
1670 364 1790 400 prope
1820 357 1890 400 est,

1266 409 1342 447 Sed
1372 421 1481 456 quam
1513 410 1715 447 iucundum
1747 409 1832 456 erit,

1266 466 1372 513 Cum,
1424 466 1524 513 quod
1569 464 1778 514 perfectum
1824 470 1893 515 est,

1323 523 1480 560 venerit.

1264 624 1372 669 Veni,
1403 623 1489 660 veni
1519 634 1676 667 mecum,

1265 679 1401 728 Hodie,

1267 735 1426 785 Sponsa,
1459 735 1724 773 coronaberisl

429 836 591 868 Zwollen.
615 834 693 868 434.
722 838 762 868 A.
788 853 830 857 —
855 836 1098 867 Vindobonen.
1124 833 1224 867 7970.
1250 836 1288 867 B.
1313 853 1357 857 —
1384 833 1440 874 la,
1466 834 1487 867 2
1510 836 1558 867 Et
1580 837 1640 868 ubi
1667 837 1706 868 B.
1725 853 1769 858 —
1794 835 1852 875 lb,
1878 833 1899 867 6

337 882 405 913 Sed
434 884 525 913 intus
552 885 604 913 est
630 883 671 912 A.
697 899 740 903 —
768 879 828 919 2a,
853 880 875 912 4
899 881 1084 913 deliciatur
1109 882 1251 922 spiritus
1276 881 1315 912 B.
1337 898 1380 902 —
1406 881 1512 913 Beide
1541 881 1689 920 Quelleu
1715 883 1776 913 mit
1799 882 1900 923 Sing-

340 929 452 965 weise,
477 927 567 958 nach
592 927 653 958 der
676 926 732 958 die
756 924 952 968 Abteilung
975 936 1258 968 vorgenommen,
1282 926 1411 958 welche
1436 927 1496 958 der
1521 927 1620 958 Reim
1646 927 1821 967 best'atigt.

369 1139 452 1175 489.
489 1139 571 1181 (3222
613 1139 844 1182 compassio
872 1138 1029 1174 animae
1055 1139 1225 1174 devotae
1252 1147 1372 1183 super
1397 1138 1645 1174 contritione
1672 1140 1713 1174 et
1737 1139 1878 1174 dolore

852 1195 997 1230 beatae
1022 1194 1178 1230 Mariae
1203 1195 1390 1238 virginis.

343 1315 363 1351 1
378 1324 412 1350 a.
446 1312 537 1350 Cum
565 1312 634 1348 sub
657 1322 767 1348 cruce
786 1312 893 1348 sedet
913 1321 1084 1348 maerens

453 1369 579 1406 Mater
609 1368 694 1415 Dei,
724 1369 846 1405 Iesum
877 1366 1004 1405 ferens

510 1426 551 1463 In
585 1425 770 1462 castitatis
801 1425 955 1471 gremio,

341 1528 412 1565 2a.
456 1527 658 1565 Osculatur
687 1536 751 1563 ore
782 1528 845 1575 pio

512 1583 643 1620 Rubra
673 1584 760 1620 Iesu
791 1583 960 1632 vulnera,

349 1686 416 1724 3a.
459 1685 488 1723 Ο
520 1685 656 1733 Maria,
688 1684 827 1721 rubens
858 1694 956 1731 rosa,

516 1741 690 1778 Candens
721 1741 854 1783 lilium,

344 1844 417 1881 4a.
459 1843 576 1889 Quem
607 1840 788 1879 infantem

514 1899 614 1936 laeta
644 1899 806 1946 genuisti

569 1955 726 2002 Angelis
757 1955 991 2004 canentibus,7

347 2060 418 2095 5a.
461 2058 685 2103 Compatere
716 2056 868 2095 Christo

517 2118 553 2149 et
584 2113 694 2149 matri
727 2123 829 2160 suae,

574 2170 711 2206 Anima
742 2168 879 2217 fidelis,

348 2273 418 2310 6a,
462 2271 558 2316 Iesu,
590 2269 644 2307 fili
676 2269 760 2317 Dei,

460 2327 646 2364 Miserere
675 2326 747 2363 mei

522 2384 609 2420 Piae
638 2383 770 2419 matris

575 2445 660 2476 tuae
691 2439 880 2486 precibus,

353 2543 371 2555 ,-

358 2554 418 2582 121.
459 2542 528 2589 Qui
560 2542 697 2578 latroni
734 2541 942 2588 paenitenti

521 2598 741 2636 Paradisum
774 2598 993 2644 promisisti,

353 2701 422 2738 821.
468 2700 589 2737 Filiae
622 2701 837 2747 Ierusalem,
871 2701 995 2737 venite

521 2762 556 2793 et
589 2757 726 2798 videte,

443 2857 605 2887 [nollem
641 2856 717 2888 434.
759 2875 798 2878 —
838 2858 899 2888 Am
939 2857 1077 2888 Raude:

353 2903 494 2933 Marias:

1158 1311 1229 1349 lb.

1159 1526 1231 1564 2b.

1162 1684 1234 1723 3b.

1161 1841 1235 1881 4b.

1163 2055 1237 2094 5b.

1164 2269 1233 2308 6b.

1169 2541 1237 2578 7b.

1271 1311 1509 1349 Lacrimatur
1538 1312 1708 1359 multum,

1270 1369 1368 1406 Dum
1399 1369 1588 1415 inspectat
1621 1368 1761 1405 vultum

1324 1424 1586 1463 Deformatum
1616 1425 1655 1462 in
1685 1423 1776 1463 filio.

1270 1526 1402 1564 Ambit
1431 1531 1590 1574 utroque
1623 1526 1777 1564 brachio

1327 1583 1488 1620 Dorsum
1520 1587 1633 1630 atque
1662 1583 1794 1622 latera.

1270 1684 1404 1721 Dulcis
1434 1684 1510 1733 pia,
1542 1695 1728 1732 amorosa,

1331 1741 1446 1778 Placa
1477 1740 1606 1779 filium.

1272 1842 1383 1879 Hunc
1415 1843 1462 1880 de
1492 1852 1603 1879 cruce

1331 1904 1518 1946 sumptum
1549 1898 1701 1935 tenuisti

1388 1955 1560 1993 Brachiis
1592 1954 1817 1992 dolent-ibus.

1277 2055 1316 2093 Si
1348 2056 1453 2103 cupis
1484 2056 1649 2103 gaudere

1388 2169 1478 2207 Cum
1512 2171 1565 2206 eis
1596 2170 1632 2205 in
1665 2169 1791 2207 caelis.

1273 2269 1386 2307 Salva
1416 2280 1474 2306 me
1506 2280 1574 2315 per
1604 2280 1765 2317 crucem,

1277 2326 1361 2363 Duo
1391 2327 1440 2363 ad
1473 2337 1597 2363 veram
1630 2326 1750 2363 lucem

1332 2383 1485 2428 Tecum,
1516 2393 1666 2429 quaeso,

1388 2439 1423 2475 in
1458 2439 1695 2477 caelestibus,

1277 2542 1395 2578 Parce
1425 2541 1516 2577 mihi
1549 2540 1792 2587 delinquenti.

1337 2598 1452 2644 Quem
1490 2597 1669 2644 sanguine
1700 2595 1906 2636 redemisti.

1168 2699 1240 2740 Sb.
1279 2699 1549 2737 Convertimini
1580 2700 1627 2737 ad
1662 2698 1878 2736 crucifixum

1340 2761 1375 2792 et
1409 2756 1544 2792 dolote.

1116 2857 1167 2888 De
1208 2858 1444 2897 compassione
1483 2858 1619 2887 animae
1655 2849 1766 2897 super'
1792 2854 1909 2886 dolore
