1914 3223
793 179 841 184 —
903 157 995 208 045,
1046 179 1096 186 —

599 344 681 380 418.
718 346 775 386 (l.)
811 345 953 383 Oratio
980 347 1029 382 ad
1056 333 1293 384 Patronum.

442 449 473 488 Ο
505 449 639 487 Victor
669 453 834 498 aeterne,
867 451 1026 488 victoria
1056 462 1195 489 nocuos
1226 457 1365 501 sterne,

441 506 494 544 Et
524 510 672 552 martyr
702 505 838 556 fidelis,
872 518 940 545 nos
971 506 1061 545 fidei
1093 518 1182 545 cura
1213 509 1382 558 medelis,

443 564 571 611 Atque
603 562 708 600 miles
740 562 863 609 fortis,
897 564 1091 610 disrumpe
1123 564 1273 601 vincula
1303 565 1446 615 mortis,

443 619 495 658 Et
525 623 656 657 sancte
685 623 856 670 patrone,
889 620 1082 657 nobiscum
1114 623 1164 657 sis
1196 621 1234 658 in
1264 631 1394 669 agone.

253 732 294 763 A.
320 748 365 753 -—
390 731 450 764 fol.
475 729 519 764 37
529 741 560 764 a.
577 731 711 764 Hierzu
734 731 790 764 die
806 731 1043 773 Bemerkung:
1070 731 1201 771 Quodsi
1225 733 1377 774 cuipiam
1394 733 1479 765 haec
1493 734 1604 765 oratio
1622 731 1725 775 longa

165 778 270 809 nimis
293 780 474 819 appareat,
499 778 705 815 breviorem,
732 786 821 819 quae
847 779 1013 820 sequitur,
1039 777 1166 809 cotidie
1193 777 1374 810 dicendam
1399 779 1559 820 accipiat.

663 979 745 1015 419.
782 979 840 1022 (2.)
877 978 1020 1015 Oratio
1046 979 1234 1015 Brevior.

445 1097 476 1136 Ο
506 1097 640 1136 Victor
670 1095 779 1141 bone,
811 1102 969 1144 martyr,
1000 1095 1182 1142 milesque
1213 1100 1382 1144 patrone,

389 1199 394 1205 ἠ
443 1154 524 1192 Nos
553 1154 593 1192 in
622 1164 741 1200 agone
772 1152 833 1190 fac
865 1152 1038 1190 Christus
1070 1151 1204 1190 evehat
1236 1163 1366 1199 prone.

256 1255 296 1290 A.
321 1256 380 1289 fol.
404 1253 488 1288 37a.
513 1271 558 1276 ——

593 1365 675 1402 420.
710 1365 769 1408 (3.)
804 1364 1036 1409 Antiphoua
1061 1373 1147 1400 cum
1172 1363 1313 1401 Versu.

667 1483 792 1531 Salve,
825 1481 934 1519 miles
964 1481 1204 1528 triumphalis

723 1539 831 1579 Caeli
861 1538 961 1576 inter
990 1538 1167 1583 athletas,

668 1597 793 1641 Salve,
827 1595 904 1633 dux
934 1599 971 1632 et
1002 1594 1217 1632 consodalis

723 1652 915 1699 Sacraque
935 1646 1118 1697 societas,

666 1709 812 1755 Victor,
844 1719 927 1755 ave,

668 1767 746 1804 Vas
776 1775 905 1814 suave,

721 1823 875 1869 Martyr
904 1825 941 1859 et
971 1825 1143 1871 patrone,

666 1879 789 1917 Nobis
820 1876 919 1927 fave,

667 1935 824 1974 Morbos
856 1945 960 1984 cave,

722 1992 832 2030 Assis
863 1992 902 2029 in
933 2001 1063 2040 agone.

388 2108 432 2144 V.
481 2106 664 2144 Laetetur
692 2105 732 2142 in
761 2104 875 2143 caelis
905 2103 1166 2142 Thebaeorum
1197 2100 1309 2138 turba
1338 2099 1474 2143 fidelis,

482 2162 535 2200 Et
565 2162 698 2201 Victor
733 2172 816 2199 cum
849 2161 961 2199 sociis
993 2159 1156 2197 exsultet
1187 2161 1332 2205 martyr
1363 2155 1499 2193 fidelis.

258 2263 298 2295 A.
323 2262 386 2305 f01„
409 2260 472 2296 eb.

397 2418 480 2456 421.
517 2419 575 2462 (4.)
611 2418 843 2464 Antiphona
868 2427 955 2452 cum
981 2414 1177 2457 collecta,
1203 2421 1277 2457 per
1301 2411 1493 2447 decanum

720 2475 858 2510 factae
885 2474 935 2508 ad
959 2473 1190 2517 patronum.

594 2593 679 2641 Eia,
712 2591 844 2628 Victor
869 2588 1044 2637 gloriose,

599 2649 670 2695 Qui
701 2647 827 2685 vicisti
857 2645 1024 2683 animose

650 2706 817 2743 Mortem
847 2702 923 2740 fide
954 2698 1083 2737 stabili

595 2763 740 2809 Quique
770 2763 928 2797 mortem
962 2754 1148 2802 delegisti,

598 2820 652 2858 Ut
683 2817 867 2865 gauderes
899 2823 968 2861 pro
998 2813 1069 2849 hac
1098 2809 1199 2846 tristi

655 2873 744 2911 Vita
775 2868 1033 2920 perdurabili3
