1914 3223
713 208 762 213 --
824 185 905 226 379
964 207 1017 213 -

97 303 162 341 33.
193 300 454 349 Eyredimini,
486 299 592 347 filiae

199 358 297 395 Sion
327 358 443 404 igitur
476 351 611 407 [nunc]
642 356 741 405 piae,

256 414 309 451 Et
337 414 457 451 videte
486 412 746 462 Salomonem,

199 470 337 517 Reyem
373 475 552 516 vestrum,
580 469 642 516 qui
674 469 812 507 nimiae

200 527 337 564 Plenus
369 526 653 564 misericordiae
711 547 721 551 -

255 583 501 620 Demonstrat
531 582 779 632 affectionem,

199 639 317 685 Quam
349 640 398 677 ad
430 640 690 677 liberationem

204 697 377 734 Vestram
409 701 448 732 et
477 696 725 733 salvationem

256 753 382 790 Habet
413 758 450 789 et
481 753 543 799 qui
574 753 749 789 miseriae

201 809 359 846 Vestrae
391 809 438 846 ob
471 810 768 855 compassionem

200 866 248 903 Se
280 866 345 903 dat
375 866 413 902 in
446 865 675 902 oblationem

256 922 337 959 Deo
369 923 469 969 patri
501 923 684 969 plenarie.

99 1008 166 1047 34.
198 1006 250 1044 In
283 1006 500 1044 diademate
530 1017 609 1052 suo,

198 1064 258 1101 Ex
289 1075 362 1110 quo
393 1064 440 1100 ab
472 1063 632 1099 invicem
668 1062 740 1099 duo

256 1120 478 1168 Demuntur,
494 1124 529 1156 et
539 1119 674 1166 quibus
684 1119 835 1156 iunctus

198 1176 252 1215 Ut
282 1177 384 1214 Deus
416 1180 473 1213 est
503 1181 686 1222 perpetuo

200 1234 398 1279 Ligamine
429 1233 483 1269 sic
515 1244 691 1279 congruo⁷

259 1290 366 1336 Quod
380 1301 569 1336 nunquam
582 1290 644 1326 liet
656 1287 868 1339 defunctus,

200 1347 347 1385 Pietate
378 1351 435 1383 est
465 1347 653 1391 inunctus,

201 1403 277 1441 Sed
309 1415 394 1440 non·
414 1401 541 1439 officio
573 1401 724 1439 functus

256 1460 395 1497 Debito
427 1459 506 1506 regi
536 1463 703 1506 strenuo,

201 1517 297 1554 Nam
322 1522 482 1563 punctus
504 1522 558 1553 est
577 1522 611 1552 et
631 1520 835 1562 repunctus

200 1573 254 1612 Et
286 1574 514 1610 dilaceratus
546 1580 703 1609 cunctus

258 1630 503 1676 Relictusque
533 1641 604 1676 pro
635 1633 796 1667 mortuo.

103 1715 169 1754 85.
203 1714 284 1764 Quo
315 1725 398 1752 eum
431 1718 552 1751 mater
580 1714 699 1762 impia

203 1771 424 1816 Goronavit,
457 1771 616 1817 vestigia

261 1829 394 1866 Patent
408 1838 478 1874 per
489 1834 614 1876 guttas
627 1827 832 1875 sanguinis,

202 1884 277 1923 Sed
308 1896 381 1932 quo
413 1888 534 1922 mater
561 1895 636 1922 sua
667 1885 731 1931 pia

203 1942 418 1988 coronavit,
450 1941 592 1978 indicia

260 1999 395 2035 Patent
431 2009 478 2035 ex
510 2009 622 2035 carne
653 1997 835 2046 hominis;

755 2133 895 2172 caput
918 2131 991 2164 IV.

866 643 872 649 ’
919 666 985 705 36.

920 1374 986 1412 37.

1018 299 1205 337 Coronam
1237 298 1499 346 flagellaminis

1018 357 1060 393 In
1092 355 1237 402 signum
1269 356 1517 402 turpitudinis

1073 412 1201 449 Dedit·
1221 416 1341 449 mater
1371 411 1530 459 nefaria,

1017 468 1201 506 Coronam
1236 469 1542 518 pulchritudinis,

1016 526 1172 563 Factam
1207 536 1251 562 ex
1284 536 1397 562 carne
1428 526 1596 573 virginis,

1074 581 1192 618 Dedit
1224 586 1345 619 mater
1375 583 1553 629 propitia.

1016 665 1069 702 In
1101 666 1162 703 die
1192 666 1458 712 desponsionis

1014 721 1133 760 Illius
1165 727 1201 758 et
1232 723 1381 759 unionis

1074 779 1160 816 Fuit
1194 779 1349 816 Gabi-iel
1382 779 1536 817 nuntius

1016 835 1141 872 Testis
1173 836 1522 883 impraegnationis,

1018 892 1143 929 Testis
1174 893 1470 939 incorruptionis

1073 949 1125 986 Et
1155 950 1367 986 sanctitatis
1398 949 1540 998 ipsius;

1017 1006 1080 1042 Ad
1112 1006 1264 1052 nuptias
1295 1006 1381 1043 illas
1412 1007 1517 1052 prius

1020 1061 1185 1100 Servivit
1217 1068 1254 1099 et
1284 1064 1473 1109 posterius

1075 1119 1260 1166 Magister
1290 1119 1529 1165 provisionis,

1020 1175 1193 1213 Thalami
1225 1176 1465 1224 secretarius,

1023 1232 1111 1269 Pius
1143 1232 1426 1270 referendarius

1078 1289 1287 1327 Amborum
1318 1288 1538 1330 affectionis,

1018 1373 1070 1410 In
1101 1373 1235 1420 dieque
1265 1373 1433 1411 laetitiae

1023 1429 1160 1468 Corczis
1192 1431 1272 1467 eius
1305 1436 1342 1467 et
1370 1430 1513 1478 gloriae

1075 1487 1312 1524 Ministravit
1342 1497 1426 1523 cum
1459 1486 1596 1524 ceteris

1018 1543 1070 1580 Et
1100 1544 1266 1580 cantavit
1297 1544 1500 1590 primarie:

1020 1600 1182 1647 Surgste,
1216 1600 1317 1637 cives
1349 1601 1509 1648 patriae,

1078 1657 1148 1701 En,
1181 1658 1285 1694 venit
1315 1668 1405 1694 arca
1435 1655 1625 1705 foederis3

1019 1714 1134 1761 Ecce,
1166 1714 1287 1761 surgit
1317 1714 1364 1751 ab
1396 1712 1543 1762 inferia

1019 1771 1073 1809 Ut
1103 1771 1235 1808 sedeat
1265 1771 1303 1807 in
1335 1771 1483 1817 superis

1077 1828 1283 1874 Tamquam
1317 1828 1445 1874 regina
1478 1826 1617 1875 curiae,

1021 1885 1112 1922 Cum
1144 1883 1322 1921 laudibus
1354 1882 1578 1931 hymniferis

1019 1941 1138 1978 Matri
1170 1941 1323 1977 humani
1354 1940 1503 1988 generis

1079 1998 1291 2035 Occurrunt
1322 2008 1450 2035 omnes
1482 1996 1607 2035 hodie.

609 2191 780 2228 Filius
820 2191 880 2229 ad
919 2194 1141 2229 matrem.

136 2282 174 2320 1.
205 2281 328 2330 Quam
348 2282 521 2329 pulchra
552 2293 588 2320 es
618 2282 789 2330 interius,

205 2338 331 2386 Quam
354 2339 522 2386 pulchra
552 2350 589 2376 es
620 2339 797 2386 exterius,

262 2395 404 2433 Amica
429 2407 515 2432 mea
545 2395 695 2445 nobilis,

206 2451 312 2489 Nihil
343 2453 381 2488 in
414 2452 554 2489 mundo
584 2452 794 2498 pulchrius,

205 2507 271 2545 Nil
298 2509 335 2545 in
368 2509 473 2545 caelo
503 2509 755 2556 splendidius,

264 2565 355 2602 Post
385 2575 443 2602 me
474 2566 555 2602 sola
586 2564 801 2616 laudabilis,

209 2620 391 2659 Genetrix
422 2622 661 2671 venerabilis,

209 2678 358 2715 Virtute
388 2678 600 2727 ineffabilis,

265 2734 430 2783 Fulgens
461 2740 502 2771 ut
532 2735 622 2772 solis
653 2735 795 2786 radius,

211 2788 299 2828 Sola
326 2791 635 2838 incomparabilis

209 2845 261 2883 Et
290 2847 349 2884 cui
380 2848 483 2885 nulla
513 2853 570 2885 est
600 2847 735 2884 similis

265 2902 419 2940 Sursum
449 2905 530 2942 sive
560 2903 732 2942 inferius.

953 2283 991 2320 2.
1025 2280 1133 2319 Oculi
1164 2280 1373 2317 miserativi

1023 2338 1074 2375 Et
1103 2349 1291 2384 nunquam
1324 2335 1550 2383 indignativi

1077 2394 1155 2431 Tui
1185 2400 1270 2430 sunt
1303 2399 1343 2430 ut
1370 2393 1636 2429 columbarum

1021 2450 1178 2497 Absque
1207 2461 1261 2498 eo,
1294 2450 1395 2497 quod
1426 2450 1567 2496 captivi

1024 2508 1242 2545 Gratiarum
1274 2507 1435 2554 optativi

1078 2565 1129 2602 Et
1160 2563 1506 2600 misericordiarum

1022 2621 1066 2658 In
1097 2625 1134 2657 te
1164 2624 1317 2666 sperant
1350 2619 1397 2656 ob
1425 2629 1579 2656 suarum

1026 2677 1262 2714 Deletionem
1295 2676 1489 2722 culparum

1080 2734 1144 2782 Et,
1162 2733 1263 2779 quod
1279 2733 1381 2778 latet,
1399 2737 1440 2769 ut
1453 2732 1655 2780 praescivi,

1021 2789 1260 2827 thrinsecus
1292 2789 1391 2826 intra
1420 2790 1557 2826 carum'

1022 2848 1159 2884 Pectus
1191 2846 1361 2882 nesciens
1391 2857 1574 2891 amarum,

1079 2903 1185 2950 Quod
1215 2903 1354 2949 iugiter
1384 2903 1582 2940 custodivi.
