2031 3289
443 305 528 325 f.

340 321 1769 440 ξῗὲ-ξὲζῇξξὲῗ-*ἙΞΞ-ἶὲῧ

247 343 269 436 Ε
339 381 886 464 2521-ng
864 397 1194 512 {iant
1184 402 1382 441 --rz
1386 399 1655 454 *zm--

409 493 431 524 Δ,
1690 501 1771 525 men

339 584 424 614 Zum
439 580 600 614 Schlusse
619 581 708 613 noch
725 582 781 614 die
797 581 1026 623 Bemerkung,
1045 581 1120 613 dass
1140 581 1201 613 das
1220 582 1305 613 Lied
1323 581 1420 613 nicht
1437 593 1502 613 nur
1518 584 1594 614 eine
1608 593 1818 625 sequenzen-

250 630 342 669 artig
370 627 618 670 eingeriehtete
639 627 790 659 Melodie
815 627 921 665 hatte,
949 627 1097 658 sondern
1123 627 1198 658 dass
1224 638 1260 658 es
1277 628 1466 658 vereinzelt
1483 628 1570 659 auch
1591 630 1642 659 als
1661 628 1818 669 Sequenz

248 673 438 715 liturg-isch
465 673 608 704 benutzt
632 672 758 709 wurde,
786 683 822 703 so
849 673 885 703 in
910 672 970 703 der
994 673 1103 703 Missa
1129 673 1250 703 votiva
1274 672 1316 704 de
1340 673 1480 704 nomine
1505 673 1586 704 Iesu
1610 675 1656 704 im
1674 674 1818 705 Mis-sale

251 719 413 750 fratrum
439 719 479 749 B.
506 719 640 749 Mariae
664 717 706 749 de
730 717 899 755 Mercede,
927 718 1007 758 imp.
1034 718 1253 749 Barcinonae
1281 715 1366 749 1507
1390 717 1492 755 (Bibl.
1519 718 1564 750 du
1589 718 1712 758 Mans».

652 860 718 895 382
764 861 822 901 42.)
859 860 1046 897 Officium
1072 861 1239 896 sanctae
1268 861 1424 897 Crucis.

847 920 907 951 Ad
932 920 994 951 Ma
1007 921 1216 951 tutinum.

249 990 284 1028 1.
333 990 376 1026 In
408 989 584 1035 passione
611 988 776 1034 Domini,
1072 990 1110 1026 4.
1156 989 1263 1026 Haec
1293 989 1417 1026 omnia
1447 1000 1513 1026 nos
1544 990 1682 1026 satient

332 1045 412 1091 Qua
447 1045 563 1083 datur
592 1045 694 1082 salus
723 1044 878 1089 homini,
1155 1045 1207 1082 Et
1238 1045 1401 1082 dulciter
1430 1046 1631 1094 inebrient,

333 1101 391 1139 Sit
423 1106 592 1138 nostrum
626 1100 866 1147 refrigerium
1154 1101 1233 1139 Nos
1264 1102 1438 1148 repleant
1468 1102 1672 1140 virtutibus

329 1158 380 1196 Et
416 1158 540 1196 cordis
575 1158 820 1196 desiderium.
1155 1158 1207 1195 Et
1236 1158 1412 1208 gloriosis
1441 1157 1641 1197 fructibus.

244 1251 283 1287 2.
331 1249 528 1285 Portemus
560 1248 598 1285 in
626 1249 809 1286 memoria
1074 1251 1114 1286 5.
1161 1248 1215 1285 Te
1246 1247 1463 1286 crucifixum
1496 1248 1651 1285 colimus

329 1305 380 1342 Et
411 1315 553 1351 poenas
585 1309 622 1341 et
652 1304 861 1351 opprobria
1156 1305 1208 1341 Et
1238 1309 1317 1342 toto
1349 1306 1462 1342 corde
1492 1305 1693 1353 poscimus,

331 1361 486 1411 Christi,
521 1372 695 1398 coronam
727 1361 911 1407 spineam,
1156 1361 1210 1399 Ut
1239 1372 1308 1398 nos
1338 1366 1552 1398 sanctorum
1585 1362 1752 1400 coetibus

333 1419 507 1467 Crucem,
541 1418 667 1455 clavos
698 1422 735 1454 et
765 1418 950 1455 lanceam.
1161 1417 1374 1464 Coniungas
1405 1418 1442 1454 in
1474 1418 1704 1457 caelistibus.

243 1509 279 1547 3.
326 1508 378 1544 Et
407 1508 543 1555 plagas
575 1507 863 1557 sacratissimas,
1071 1510 1107 1546 6.
1153 1509 1266 1556 Laus,
1298 1508 1417 1545 honor
1448 1508 1600 1546 Christo
1630 1509 1785 1547 vendito

329 1564 438 1602 Omni
468 1564 581 1601 laude
614 1564 873 1611 dignissimas,
1154 1565 1205 1602 Et
1236 1565 1316 1600 sine
1349 1575 1461 1602 causa
1491 1565 1657 1615 prodito,

328 1623 500 1670 Acetum,
533 1619 599 1666 fel,
633 1621 872 1668 arundinem,
1155 1622 1272 1659 Passo
1303 1625 1461 1658 mortem
1493 1632 1562 1668 pro
1592 1622 1735 1668 populo

326 1677 464 1716 Mortis
495 1677 804 1715 amaritudinem.
1155 1678 1197 1714 ln
1229 1688 1364 1724 aspero
1395 1677 1578 1724 patibu10.

888 1799 916 1831 A
927 1799 948 1830 d
973 1800 1002 1831 L
1012 1810 1031 1831 a
1041 1810 1064 1831 u
1076 1799 1097 1830 d
1109 1810 1126 1831 e
1140 1810 1166 1831 S.

242 1869 277 1907 1.
327 1868 515 1905 Christum
549 1868 694 1915 ducem,
1067 1870 1104 1907 3.
1152 1868 1226 1905 Per
1258 1867 1387 1906 felices

324 1925 393 1970 Qui
426 1935 494 1970 per
526 1935 674 1961 crucem
1146 1924 1365 1974 Cicatrices,

381 1980 556 2018 Redemit
589 1992 655 2018 nos
686 1982 734 2019 ab
766 1981 949 2027 hostibus,
1203 1982 1335 2031 Sputa,
1368 1981 1530 2032 flagella,
1564 1982 1735 2033 verbera,

322 2037 473 2074 Laudet
505 2042 632 2074 coetus
1145 2037 1265 2076 Nobis
1296 2044 1403 2087 grata

324 2093 466 2130 Noster
494 2094 627 2143 laetus,
1145 2093 1228 2132 Sint
1261 2096 1398 2133 collata

379 2150 555 2189 Exsultet
587 2151 733 2188 caelum
765 2151 957 2189 laudibus.
1199 2149 1375 2192 Aeterna
1408 2152 1555 2191 Christi
1583 2164 1760 2192 munera.

238 2242 275 2279 2.
323 2241 450 2278 Poena
481 2239 590 2278 fortis
1059 2244 1096 2280 4.
1143 2242 1324 2280 Nostrum
1357 2248 1486 2290 tangat

322 2297 424 2334 Tuae
456 2298 587 2334 mortis
1143 2300 1229 2348 Cor,
1262 2305 1301 2336 ut
1333 2300 1501 2346 plangat,

377 2354 428 2391 Et
459 2354 652 2401 sanguinis
684 2354 812 2392 effusio
1199 2357 1364 2393 Tuorum
1407 2358 1557 2404 sanguis
1597 2357 1805 2405 vulnerum,

323 2411 450 2449 Corda
480 2415 616 2457 terant,
1142 2413 1185 2450 In
1218 2424 1290 2459 quo
1320 2413 1387 2449 toti

322 2468 374 2505 Ut
405 2471 442 2503 te
472 2471 668 2513 quaerant,
1145 2469 1267 2506 Simus
1300 2469 1378 2517 loti,

376 2523 480 2573 Iesu,
514 2524 651 2562 nostra
680 2524 907 2575 redemptio,
1202 2525 1387 2563 Conditor
1418 2522 1519 2562 alme
1547 2525 1730 2565 siderum.

715 2618 751 2653 5.
799 2614 991 2652 Passionis

797 2671 900 2708 Tuae
932 2671 1040 2708 donis

857 2727 1032 2765 Salvator
1063 2739 1130 2766 nos
1162 2728 1323 2774 inebria,

797 2786 878 2830 Qua
910 2784 1034 2821 tidelis

796 2841 897 2877 Dare
930 2841 1021 2878 velis

843 2897 967 2934 Beata
999 2896 1110 2935 nobis
1139 2898 1298 2945 yaudia.
