2031 3289
324 397 424 435 415.

326 690 421 727 420.

325 988 420 1025 425.

326 1282 418 1320 430.

323 1576 417 1614 435.

325 1861 422 1897 440.

323 2144 416 2181 445.

327 2427 418 2465 450.

326 2710 420 2747 455.

934 165 1238 205 —120—

454 278 643 315 Nonnulla
675 278 862 324 replicans

508 335 600 372 satis
629 335 738 371 utilia

455 397 504 434 Et
537 395 664 433 futura
693 397 850 442 loquens

510 457 698 499 tamquam
729 452 952 501 praeterita,

450 514 546 560 Quia
576 519 629 560 tu,
663 514 815 551 Domini

508 575 628 608 mater
657 570 882 617 largissima,

455 632 651 679 Liberalis,
686 633 853 678 prudens

510 692 545 725 et
576 687 794 735 honorifica,

454 750 545 787 Cum
576 755 773 797 praestare
803 751 942 798 placet,

507 811 679 854 praestas
710 807 884 855 insignia,

451 869 501 906 Et
532 878 682 915 semper
713 873 778 906 tua
807 873 894 906 sunt

507 925 606 962 dona
637 925 853 972 praecipua.

454 986 601 1024 Dehinc
631 997 700 1033 per
730 988 916 1025 Zosimam

508 1047 638 1081 sancta
669 1045 851 1091 mysteria

450 1105 514 1144 Illi
546 1105 673 1143 delata
703 1111 789 1143 sunt

507 1162 692 1209 digneque
722 1163 878 1209 tradita,

451 1224 587 1271 Sicque
618 1224 798 1263 defuncta
828 1230 885 1263 est

508 1281 660 1318 Domini
691 1280 844 1331 famula,

452 1343 601 1380 Mariae
631 1344 792 1381 nominis

510 1400 652 1437 honore
681 1401 869 1448 praedita,

452 1462 598 1499 Mariae
628 1462 787 1508 meritis,

507 1529 602 1565 quae
634 1523 691 1556 est
721 1517 937 1563 fortissima,

451 1575 509 1612 De
539 1575 619 1622 lupi
649 1575 775 1613 rabidi

509 1630 680 1669 faucibus
711 1636 831 1679 eruta,

450 1688 560 1726 Nunc
590 1688 627 1725 in
659 1689 883 1727 sublimibus

508 1750 723 1783 sanctorum
755 1747 870 1795 socia,

451 1803 569 1850 Quam
602 1803 706 1839 caelo
738 1803 888 1850 peperit

510 1863 725 1896 sanctorum
759 1860 922 1904 domina,

450 1915 562 1953 Cuius
593 1916 735 1954 anxilio

498 1983 629 2009 manus
661 1978 717 2010 est
749 1973 888 2012 valida.

452 2028 481 2066 Ο
514 2029 618 2076 virgo
652 2029 850 2079 virginum,

506 2090 627 2122 mater
659 2085 817 2134 deifera,

448 2142 593 2189 Regina
624 2143 812 2192 caelitum,

506 2198 687 2237 Abrahae
719 2200 808 2249 filia,

452 2256 570 2302 Virgo
602 2256 805 2295 laudabilis

507 2318 542 2348 et
575 2312 654 2349 sine
685 2313 844 2362 macula,

449 2369 554 2406 Haec
584 2379 643 2406 me
674 2368 881 2407 laetificant

509 2430 545 2462 et
575 2426 633 2463 his
664 2426 812 2476 similia,

449 2484 552 2528 Quae
583 2483 846 2530 peccatoribus

508 2539 574 2576 das
604 2539 865 2586 medicamina,

451 2596 522 2633 Pro
554 2596 688 2642 quibus
719 2607 802 2634 mea
832 2601 870 2633 te

508 2652 633 2698 diligit
662 2653 787 2691 anima

455 2708 663 2756 Curarique
693 2710 788 2757 petit

507 2766 564 2802 his
595 2777 661 2803 sua
693 2767 861 2805 vulnera.

447 2823 539 2868 Quot
573 2833 710 2860 arenae
742 2824 868 2872 maris,

507 2886 594 2925 quot
627 2880 722 2917 caeli
753 2880 890 2930 sidera,

1141 337 1235 374 460.

1139 636 1233 673 465.

1139 927 1233 966 470.

1140 1229 1235 1267 475.

1139 1524 1233 1561 480.

1141 1807 1233 1846 485.

1136 2092 1232 2129 490.

1137 2375 1228 2412 495.

1135 2658 1229 2695 500.

1265 280 1336 317 Tot
1367 283 1405 316 et
1434 280 1544 327 plura
1574 282 1666 318 satis

1324 341 1409 373 sunt
1440 337 1652 385 privilegia,

1266 397 1408 444 Quibus
1438 402 1504 436 tua
1534 403 1639 446 patet

1321 455 1583 492 misericordia
1597 469 1604 502 ;

1263 516 1315 553 Et
1345 526 1412 563 ego
1440 520 1586 554 taceam
1614 548 1620 552 .

1324 572 1371 609 de
1401 582 1442 609 re
1472 577 1547 609 tam
1580 573 1754 620 optima?

1266 634 1422 672 Gabriel
1452 635 1595 683 angele,

1321 701 1454 738 magne
1485 691 1681 739 caelicola,

1266 752 1466 790 Fortitudo
1496 753 1582 800 Dei,

1323 809 1448 846 divine
1479 813 1646 858 satrapa,

1266 871 1453 909 Iohannes
1482 871 1636 908 Domini

1323 927 1462 964 dilecte
1492 928 1661 975 vemula‚

1265 989 1381 1036 Virgo
1415 989 1633 1036 praecipue,

1320 1045 1495 1082 sublimis
1526 1046 1665 1093 aquila,

1266 1107 1407 1155 Quibus
1438 1112 1495 1145 est
1525 1108 1679 1146 Domini

1323 1168 1443 1201 mater
1475 1164 1682 1212 carissima,

1266 1227 1325 1264 Ex
1356 1228 1435 1263 eius
1467 1237 1645 1273 proceres

1322 1282 1447 1330 magni
1479 1281 1635 1331 familia,

1264 1347 1427 1393 Quorum
1460 1346 1655 1383 custodiae

1323 1402 1492 1440 noscitur
1521 1403 1677 1453 tradita,

1263 1465 1389 1503 Alteri
1420 1475 1589 1511 corpore,

1321 1522 1432 1559 alteri
1459 1521 1597 1569 anima,

1266 1579 1333 1617 Cui
1364 1577 1540 1616 assistitis

1325 1635 1363 1672 in
1395 1635 1487 1671 caeli
1520 1634 1635 1684 curia,

1267 1692 1330 1730 Ad
1362 1691 1441 1728 eius
1471 1691 1595 1729 seduli

1323 1758 1472 1795 semper
1502 1747 1691 1796 obsequia,

1266 1805 1520 1852 Frequentate
1551 1805 1681 1849 melos,

1320 1862 1484 1909 promite
1515 1862 1672 1911 cantica,

1265 1919 1424 1966 Pangite
1457 1917 1594 1955 iubilos

1321 1985 1413 2012 voce
1440 1973 1630 2024 dulciflua,

1263 2032 1406 2070 Solvite
1438 2032 1610 2069 dominae

1321 2089 1474 2126 laudum
1505 2088 1720 2135 praeconia,

1264 2146 1360 2192 Quia
1390 2145 1516 2183 suavis
1547 2150 1604 2181 est

1320 2206 1357 2239 et
1387 2200 1593 2248 odorifera,

1257 2260 1370 2297 Cuius
1401 2257 1603 2296 aedificant

1317 2326 1385 2353 nos
1415 2315 1636 2362 patrocinia,

1263 2373 1377 2413 Cuius
1408 2371 1594 2419 suffragiis

1319 2433 1467 2468 constat
1499 2428 1669 2467 ecclesia.

1262 2487 1336 2523 Vos
1366 2485 1483 2534 scitis,
1516 2489 1606 2532 quot
1636 2484 1714 2522 eius

1315 2546 1402 2580 sunt
1430 2541 1625 2588 beneficia,

1265 2600 1337 2636 Per
1367 2609 1475 2645 quam
1508 2609 1574 2635 vos
1606 2599 1743 2645 repetit

1317 2655 1398 2692 ovis
1429 2655 1644 2701 centesima,

1264 2711 1428 2749 Pastoris
1458 2711 1590 2758 optimi

1316 2769 1414 2806 ulnis
1446 2769 1634 2814 imposita,

1262 2825 1374 2863 Cuius
1405 2829 1462 2861 est
1491 2824 1670 2872 sanguine

1315 2882 1490 2920 sordibus
1522 2881 1653 2930 diluta,
