2031 3289
947 182 1248 223 —194-

414 296 440 327 C
457 296 513 327 fol.
536 295 640 327 1861).
666 313 707 317 —
738 294 765 332 1,
793 294 813 325 ἶ)
832 295 865 326 id
885 296 974 336 qnod
993 296 1090 326 vivit.
1120 313 1157 318 -
1186 293 1216 334 2,
1245 294 1260 327 1
1280 296 1337 327 hic
1354 296 1525 328 deorsum.
1545 314 1582 317 -
1602 294 1633 334 2,
1659 295 1680 327 2
1698 299 1816 337 agunt.
1836 313 1877 317 -—

323 340 353 379 4,
380 339 401 372 3
426 342 532 372 Cuius
559 343 667 383 regni.
693 359 736 362 —
760 340 792 379 4,
817 339 838 371 5
863 341 909 372 Et
933 341 1129 373 adventum.

803 508 884 543 19⁶2.
923 508 1006 550 (52.)
1039 509 1082 542 In
1108 508 1143 543 :2-
1171 508 1392 544 Noenu-110.

329 615 363 651 1.
396 612 569 650 Mulieris
601 613 729 649 decem
763 613 963 650 drachmas
1140 616 1176 652 3.
1208 615 1369 660 Quorum
1396 613 1545 660 quidem
1577 614 1839 650 detrimentum

453 669 663 716 designavit
695 669 890 716 Dominus,
1265 677 1451 717 tamquam
1467 670 1681 707 drachmam
1693 671 1878 717 perditam

395 728 557 771 Quarum
586 737 661 762 una
692 726 739 761 sit
771 726 908 763 amissa
1210 728 1438 764 Restaurare
1469 727 1572 763 Deus
1602 727 1730 763 volens

451 793 584 819 novem
615 782 908 831 remanentibus,
1267 788 1301 820 et
1333 793 1438 820 ovem
1471 784 1709 820 centesimam

395 840 474 885 Quo
505 838 605 874 beati
637 839 920 885 distinguuntur
1212 840 1420 888 Reportare
1450 840 1534 886 pius
1565 844 1695 886 pastor

452 907 474 931 a
504 895 621 941 lapsis
653 895 861 942 spiritibus.
1267 908 1334 933 nos
1366 897 1479 943 elegit
1510 896 1706 934 decimam.

326 999 363 1035 2.
398 997 541 1033 Novem
573 1007 655 1033 esse
685 1007 933 1043 supernorum
1141 1000 1178 1035 4.
1211 998 1268 1035 Ex
1283 1009 1366 1044 quo,
1386 1009 1454 1044 per
1466 998 1636 1047 quem,in
1650 1009 1722 1045 quo
1736 1003 1881 1043 cunctat7

453 1053 606 1089 ordines
637 1053 836 1100 spirituum
1267 1065 1403 1100 perpes
1434 1054 1506 1100 ipsi
1538 1055 1669 1101 gloria,

397 1110 646 1157 Expletisque
677 1110 769 1147 locis
800 1121 947 1147 sacrum
1215 1111 1329 1148 Cuius
1361 1121 1514 1157 regnum
1547 1111 1628 1147 sine
1658 1110 1730 1147 fine

454 1166 615 1203 tradidit
646 1167 846 1213 eloquium,
1270 1177 1384 1213 regna
1416 1167 1519 1204 dedit
1551 1168 1687 1216 omnia,

397 1223 477 1259 Nec
510 1233 591 1259 cum
623 1223 700 1260 suis
731 1224 821 1260 inde
851 1223 997 1269 lapsum
1197 1223 1257 1261 Ad
1290 1224 1491 1261 adventum
1525 1228 1659 1260 cuncta
1690 1235 1793 1260 suum

451 1280 675 1327 praeterivit
705 1280 891 1324 zabulum,
1271 1280 1522 1327 disponuntur
1552 1281 1714 1318 saecula.

417 1370 443 1402 C
467 1369 525 1401 fol.
553 1367 616 1401 186
627 1370 658 1401 b.

807 1469 887 1506 193.
925 1470 1005 1512 (83.)
1042 1470 1087 1504 In
1111 1470 1147 1505 3.
1175 1470 1396 1504 Nocturno.

332 1578 364 1614 1.
398 1577 514 1622 Quam
546 1572 676 1611 felices
707 1584 954 1621 supernorum
1143 1576 1179 1612 3.
1212 1575 1333 1612 Facta
1362 1575 1462 1611 salus
1493 1580 1550 1611 est
1580 1579 1618 1611 et
1650 1575 1779 1617 virtus,

451 1631 639 1677 agminum
672 1631 870 1678 exercitus,
1268 1642 1422 1678 regnum
1455 1636 1491 1668 et
1520 1632 1689 1678 potentia
1741 1669 1747 1678 ¹

399 1690 561 1734 Quorum
593 1699 775 1724 summum
803 1698 926 1735 regem
951 1687 1070 1724 Deum
1214 1688 1285 1724 Dei
1317 1689 1435 1724 nostri
1466 1688 1546 1725 sive
1577 1687 1718 1726 Christi

456 1745 621 1782 Sabaoth
654 1744 742 1780 hinc
775 1744 950 1783 dicimus!
1273 1745 1382 1791 pulsa
1413 1745 1485 1782 iam
1517 1745 1698 1793 nequitia,

400 1802 524 1838 Pollet
552 1801 590 1837 in
622 1802 679 1838 his
711 1801 919 1848 proeliator
1218 1801 1376 1838 Fratres
1407 1805 1555 1838 nostros
1585 1801 1818 1838 incessanter

453 1858 619 1895 Michael
651 1858 883 1905 magnificus.
1272 1868 1451 1895 accusare
1481 1859 1604 1899 solita,

331 1963 368 1999 2.
400 1963 480 2008 Quo
512 1964 702 2007 pugnante
734 1970 814 1997 cum
849 1960 1011 1997 dracone
1145 1962 1183 1998 4.
1216 1960 1276 1997 Ex
1289 1971 1373 2006 quo,
1392 1960 1645 2006 perquem,in
1657 1971 1729 2006 quo
1743 1964 1887 2009 cuncta,

457 2017 497 2054 fit
528 2017 566 2054 in
597 2017 701 2054 caelo
732 2017 929 2063 proelium,
1272 2027 1409 2063 perpes
1445 2016 1518 2063 ipsi
1546 2017 1678 2065 gloria⁷

401 2075 532 2112 Donec
562 2074 626 2110 ille
658 2074 787 2120 pulsus
817 2073 904 2110 inde
1218 2073 1329 2111 Cuius
1360 2084 1514 2120 regnum
1546 2074 1625 2110 sine
1657 2073 1730 2110 fine

458 2142 583 2168 casum
616 2129 713 2168 ferat
745 2130 965 2176 maximum,
1272 2141 1387 2177 regna
1415 2130 1511 2179 regit
1541 2130 1678 2178 omnia,

398 2189 524 2234 Atque.
554 2187 635 2224 Deo
666 2187 906 2235 persolvatur
1216 2188 1278 2225 Ad
1309 2188 1510 2224 adventum
1545 2191 1678 2223 cuneta
1707 2198 1812 2224 suum

457 2245 663 2291 gratiarum
694 2244 902 2280 canticum:
1275 2244 1525 2290 disponuntur
1555 2244 1716 2282 saecula..

422 2344 448 2376 C
473 2345 530 2376 fol.
559 2342 664 2376 188b.
690 2363 733 2366 —
758 2342 790 2382 2,
819 2342 839 2375 5
864 2345 1118 2385 persolvantur.
1143 2362 1186 2366 —
1211 2341 1243 2380 3,
1270 2342 1291 2375 3
1315 2345 1417 2377 Omni
1443 2345 1553 2376 nostri
1579 2345 1652 2376 sive
1676 2344 1816 2376 Christi.
1867 2388 1870 2391 η

862 2511 942 2547 194.
979 2511 1059 2553 (84.)
1095 2511 1150 2546 Ad
1176 2512 1344 2547 Laudes.

334 2622 369 2659 1.
401 2620 490 2664 Quis
521 2623 562 2655 ut
594 2619 706 2664 Deus,
740 2623 815 2655 tam
847 2618 986 2654 virtute
1147 2619 1184 2656 2.
1218 2616 1338 2653 Huius
1370 2616 1477 2653 nobis
1510 2616 1704 2653 bellatoris

460 2680 673 2722 protestans
704 2686 815 2721 quam
846 2674 1007 2719 nomine,
1272 2684 1380 2720 opem
1414 2673 1702 2720 postulantibus,

405 2733 477 2769 Hic
508 2731 670 2768 bellator
702 2730 772 2767 Dei
805 2729 915 2769 fortis
1216 2732 1314 2776 Quos
1343 2728 1497 2767 infestat
1529 2730 1761 2766 incessanter

461 2792 497 2825 ct
528 2788 710 2825 contritor
742 2787 915 2837 Satanae,
1271 2787 1371 2823 idem
1402 2787 1655 2831 adversarius,

406 2847 655 2883 Intnmentem
688 2844 837 2881 calcans
869 2854 1023 2892 anguem
1216 2844 1367 2881 Nostra.
1401 2843 1514 2885 Deus,
1547 2853 1634 2889 spes
1666 2847 1703 2879 et
1732 2842 1844 2889 salus,

459 2913 499 2939 os
531 2900 717 2950 transfigit
749 2901 917 2949 cuspide.
1270 2911 1343 2937 non
1376 2899 1520 2937 differri
1552 2910 1786 2947 quaesumus
