2031 3289
939 147 1246 186 —136—

526 260 590 299 10.
637 259 770 298 Gloria
799 260 881 297 Deo
911 260 962 297 sit
991 260 1093 308 patri
1124 261 1354 310 perenniter,

641 316 698 353 Sit
728 327 878 363 semper
908 316 1027 353 honor
1056 317 1125 354 alti
1155 322 1244 354 nato
1275 317 1449 363 nominis,

640 372 781 420 Virtus,
813 377 980 420 potestas
1012 378 1218 420 sanctoque
1248 373 1412 420 spiritui,

639 428 698 466 Sit
727 429 892 466 trinitati
924 429 1038 466 decus
1070 433 1107 466 et
1137 430 1337 478 imperium

641 486 715 523 Per
744 484 894 523 infinita
922 486 1159 523 saeculorum
1190 486 1355 525 saecula.

407 607 490 641 Cod.
516 607 714 639 Bruxellen.
748 605 938 639 8860—67.
964 618 1053 640 saec.
1083 606 1133 639 10.
1159 609 1206 641 in.
1232 607 1272 638 A.
1297 624 1342 630 --
1367 610 1495 649 Hymn.
1521 619 1583 640 ms.
1610 609 1874 641 Severinianum

315 662 403 685 saec.
432 651 484 684 10.
510 663 562 684 ex.
611 652 694 685 Cod.
727 653 887 684 Vatican.
913 651 1012 684 7172.
1037 654 1076 685 Β.
1101 670 1146 675 —-
1170 654 1300 694 Hymn.
1325 665 1387 686 ms.
1414 653 1679 686 Severinianum
1706 663 1794 685 saec.
1823 650 1874 686 10.

309 709 361 730 ex.
409 698 493 731 Cod.
519 699 670 729 Parisin.
698 695 794 729 1092.
820 698 857 730 Ο.

405 742 439 782 1,
473 741 493 775 5
523 743 647 775 Mundi
678 746 821 784 tropaeo
855 747 1016 784 superato
1050 745 1206 785 principe
1237 745 1277 776 A.
1314 762 1357 767 —-
1391 742 1429 782 2,
1467 743 1482 775 1
1510 744 1614 776 Casto
1648 745 1688 776 A.
1717 761 1757 766 -
1783 742 1821 783 2,
1854 741 1876 776 2

315 790 508 820 serviamus
526 789 567 820 A.
594 805 637 810 —
662 786 694 827 2,
719 786 741 820 3
765 790 848 820 totis
873 799 947 819 cum
967 789 1006 820 A.
1036 808 1074 811 —
1104 786 1134 828 2,
1160 787 1181 820 4
1199 790 1265 821 Dei
1283 791 1478 831 sapientiae
1502 789 1542 827 A,
1569 789 1876 832 augenscheinlich

313 834 518 866 Korrektur.
551 851 596 856 —-
627 831 664 872 3,
698 832 719 865 5
750 835 817 873 Qui
849 844 912 864 nos
945 834 1082 865 reduxit
1113 835 1154 866 A.
1186 851 1227 856 —
1261 845 1340 866 caro
1375 836 1481 866 traxit
1512 835 1578 866 BC.
1607 852 1648 857 —-
1680 833 1712 874 4,
1738 832 1759 867 3
1783 835 1877 867 valle

314 879 439 911 directi
464 889 583 911 sumus
607 880 676 912 ΒΟ.
701 897 746 900 -
769 877 800 917 4,
833 878 855 910 4
879 879 976 910 Diris
1001 879 1139 921 diligati
1164 880 1202 910 A.
1229 897 1273 901 ——
1297 879 1329 917 4,
1355 878 1375 911 5
1400 879 1536 911 revehit
1560 880 1603 911 ad
1628 880 1742 912 sidera
1765 880 1806 911 A.
1834 897 1875 902 —

314 923 344 962 5,
370 922 391 956 2
415 926 526 956 movit
549 924 649 956 ABC.
675 941 716 946 —
744 923 775 962 5,
799 922 822 956 4
846 925 973 966 infligit
997 925 1037 955 A.
1063 942 1104 946 —
1130 922 1161 963 6,
1190 924 1204 956 1
1231 926 1370 957 Ieiunia
1393 926 1503 956 vincit
1519 926 1564 959 A:
1590 925 1749 957 Parcitas
1766 926 1878 957 vincit

314 971 481 1001 vitiorum
514 970 655 1012 agmina
686 970 754 1002 BC.
787 987 832 991 -
862 967 892 1007 6,
925 968 946 1000 2
978 970 1187 1001 Divinitatis
1220 970 1430 1012 suffragante
1464 969 1530 1001 BC.
1557 988 1598 992 —
1623 968 1654 1007 6,
1680 968 1701 1001 3
1728 971 1878 1003 refrenat

315 1015 497 1047 libidinem
534 1016 573 1046 A.
610 1032 654 1036 -—
690 1012 728 1053 6,
764 1013 786 1046 4
817 1015 991 1046 castitatis
1025 1016 1070 1049 A:
1098 1015 1173 1047 dass
1207 1017 1359 1047 castitati
1386 1027 1427 1047 zu
1452 1016 1563 1053 lesen,
1602 1016 1688 1047 wird
1719 1026 1781 1048 aus
1818 1016 1878 1048 der

316 1060 502 1102 folgenden
530 1060 624 1092 Zeile
656 1059 821 1092 deutlich.
846 1078 891 1081 -—
919 1058 950 1099 6,
976 1059 996 1091 5
1021 1061 1139 1092 cinxit
1165 1061 1230 1093 ΒΟ.
1255 1080 1299 1084 —
1326 1060 1357 1099 7,
1383 1059 1403 1092 2
1427 1061 1551 1092 Petrae
1578 1062 1641 1093 sub
1667 1062 1706 1093 A.
1731 1079 1777 1082 —
1801 1059 1832 1100 7,
1855 1059 1879 1093 4

316 1106 445 1137 almam
469 1106 580 1147 legem
608 1106 773 1147 scriptam
798 1105 927 1147 digitos
952 1106 1022 1137 ΒΟ.
1047 1125 1089 1128 --
1116 1104 1146 1144 7,
1170 1104 1193 1136 4
1218 1107 1280 1138 sub
1307 1117 1389 1138 aure
1415 1107 1462 1145 B,
1485 1106 1548 1138 sub
1574 1110 1649 1138 ture
1673 1107 1713 1138 A.
1739 1126 1780 1129 —
1807 1104 1838 1145 8,
1858 1104 1876 1138 1

314 1151 440 1183 Helias
472 1152 641 1183 sustinuit
671 1152 712 1182 A.
751 1168 791 1172 —
824 1149 863 1189 8,
894 1148 914 1183 3
948 1151 1051 1182 Ionas
1084 1151 1222 1183 diacum
1253 1152 1405 1183 triduam
1430 1152 1469 1182 A.
1498 1168 1539 1172 —
1567 1150 1596 1188 9,
1631 1149 1652 1184 3
1677 1162 1736 1183 ore
1759 1151 1877 1183 nullus

316 1196 461 1238 pertulit
478 1196 517 1228 A.
543 1213 587 1217 —
612 1194 644 1234 9,
668 1194 691 1227 4
706 1197 797 1228 Potu
816 1197 963 1237 ciboque
981 1196 1047 1227 BC.
1074 1214 1116 1218 —
1142 1195 1174 1235 9,
1199 1195 1219 1228 5
1236 1197 1325 1229 fame
1341 1197 1429 1228 fehlt
1445 1197 1485 1229 A.
1503 1213 1544 1218 —
1568 1194 1618 1236 10,
1645 1195 1666 1228 2
1685 1198 1757 1229 nati
1775 1197 1817 1228 A.
1833 1214 1878 1219 —

315 1242 386 1273 Die
410 1241 608 1283 Doxologie
632 1242 743 1273 lautet
766 1242 803 1273 in
827 1241 899 1273 BC:

630 1321 753 1353 Gloria
777 1321 843 1352 tibi
869 1321 925 1359 sit,
951 1324 1050 1362 pater
1074 1322 1240 1363 ingenite,

630 1367 685 1398 Sit
708 1370 790 1398 nato
816 1367 880 1398 tibi
904 1367 1016 1397 virtus
1043 1370 1077 1398 et
1102 1368 1284 1408 imperium

631 1412 759 1443 Sancto
785 1412 958 1453 simulque
984 1415 1137 1453 potestas
1163 1412 1316 1453 spiritui,

631 1457 684 1488 Sit
702 1458 854 1488 trinitati
879 1457 974 1488 salus
997 1457 1211 1495 individuae,

627 1503 774 1534 Manens
799 1505 833 1534 et
857 1512 1006 1543 regnans
1032 1513 1094 1544 per
1118 1504 1288 1534 immensa
1314 1502 1465 1534 saecula.

400 1604 473 1635 Aus
520 1604 549 1635 A
599 1602 768 1645 gedruckt
815 1604 871 1635 bei
920 1604 1101 1635 Diimmler
1140 1604 1395 1644 Rhythmorum
1436 1604 1752 1637 ecclesiasticorum
1800 1606 1878 1638 aevi

313 1649 469 1682 Carolini
496 1650 681 1691 specimen,
706 1649 808 1681 Halis
837 1646 933 1687 1881,
960 1660 992 1691 p.
1018 1648 1061 1681 20
1087 1660 1136 1691 sq.

695 1839 776 1874 102.
813 1839 871 1881 (4.)
906 1839 951 1873 In
976 1839 1292 1874 Resurrectione
1317 1839 1493 1875 Domini.

547 1955 582 1994 1.
630 1954 810 2001 Refulget
838 1955 958 1991 omnis
988 1955 1073 1991 luce
1103 1955 1264 1992 mundus
1295 1965 1410 1992 aurea

632 2009 825 2054 Perfusus,
858 2011 991 2048 aether
1021 2011 1162 2048 irrorat
1195 2012 1447 2060 dulcedinem,

631 2069 761 2114 Astra,
792 2067 956 2104 iucunda
988 2068 1082 2104 caeli
1113 2068 1326 2115 luminaria,

635 2124 762 2171 Cingit
791 2135 859 2171 per
889 2135 998 2161 omne
1031 2125 1145 2161 decus
1176 2125 1379 2171 radiantia,

633 2181 805 2218 Distillat
836 2191 902 2218 aer
932 2181 1185 2218 balsamorum
1217 2181 1398 2228 guttulas,

547 2297 586 2334 2.
632 2295 809 2341 Occasus,
840 2298 957 2339 ortus,
991 2294 1129 2341 aquilo,
1162 2295 1412 2341 septentrion,

631 2351 835 2397 Tellusque
864 2355 1015 2401 pontus,
1048 2351 1179 2387 oceani
1210 2351 1365 2400 limites,

631 2407 718 2444 Lati
747 2407 933 2455 polorum,
967 2406 1136 2453 iubilate,
1170 2407 1356 2456 cardines,

629 2465 771 2502 Fontes
803 2474 997 2511 aquarum,
1029 2462 1182 2500 flumina
1214 2463 1392 2508 labentia,

632 2520 819 2567 Gaudete,
852 2520 988 2569 campi,
1021 2521 1201 2557 montium
1233 2520 1439 2557 cacumina.

548 2635 584 2672 3.
632 2633 819 2679 Surrexit,
852 2643 952 2677 ecce,
986 2632 1167 2670 Dominus
1198 2632 1245 2669 ab
1275 2631 1422 2678 inferis,

634 2690 794 2727 Devicta
825 2695 946 2727 morte
977 2700 1059 2726 cum
1091 2689 1281 2735 triumpho
1313 2689 1438 2732 rediit,

634 2747 764 2783 Victor
794 2747 960 2792 iniquum
993 2746 1172 2792 spoliavit
1202 2750 1399 2791 tartarum,

636 2803 811 2840 Claustra
841 2803 1034 2849 gehennae
1064 2801 1178 2849 fregit
1209 2806 1246 2838 et
1277 2801 1568 2849 chirographum

637 2859 774 2896 Mortis
807 2870 939 2896 cruore
972 2859 1081 2895 diluit
1113 2857 1276 2896 rosifluo.
