1914 3223
742 184 1052 224 —551—

88 308 91 310 ·
122 300 218 337 103.
261 298 363 336 Rosa
392 301 527 335 vernat
557 296 751 346 inoffensa,
945 289 993 337 10
1008 298 1044 338 b.
1090 297 1232 336 Christi
1263 297 1371 334 miles
1401 297 1598 346 gloriatur,

263 355 339 394 Sed
370 355 503 402 regina
533 354 646 392 laude
677 364 796 400 pensa
1090 354 1181 392 Cum
1215 354 1387 391 ducentis
1415 354 1620 399 laureatur,

264 411 388 449 Trans
409 411 598 449 mamillas
614 415 671 448 est
688 420 871 457 suspensa
1093 411 1162 448 Est
1195 410 1366 459 eductus,
1397 415 1438 448 ut
1471 410 1652 448 caedatur

318 468 415 506 Fixa
444 477 514 515 per
543 467 708 505 hastilia.
1151 468 1241 506 Flos
1272 467 1320 505 ab
1353 467 1599 506 Alexandria.

121 583 222 621 113.
263 581 347 618 Vox
378 580 503 618 oranti
534 578 638 617 favet
669 579 753 628 Dei,
942 580 1043 620 111).
1086 580 1164 618 Lac
1205 585 1261 617 est
1299 579 1421 618 fusum
1457 591 1527 627 pro
1558 590 1691 618 cruore

259 638 382 684 Quod,
414 637 476 684 qui
507 637 621 674 laude
652 636 771 673 servit
801 636 849 682 ei,
1093 637 1144 675 Et
1177 637 1367 674 caelorum
1398 636 1466 674 flos
1498 637 1614 675 odore

315 696 419 740 Quae
436 693 529 742 vult,
547 696 670 730 sumat
682 693 864 740 praemia.
1153 693 1284 740 Spirat
1314 694 1353 730 in
1385 693 1573 731 sublimia.

122 807 168 844 12
184 817 217 846 a.
260 806 366 844 Haec
405 806 445 843 in
481 810 607 843 monte
638 815 734 844 novo
765 817 870 844 more
942 806 1043 846 121).
1092 806 1225 845 Oleum
1259 806 1305 844 de
1337 806 1466 844 tumba
1496 811 1637 854 manat,

259 863 329 900 Est
362 862 490 900 delata
521 873 604 900 eum
636 873 771 900 canore
1090 862 1248 900 Morbos
1279 873 1407 900 omnes
1439 862 1514 900 fide
1545 867 1666 909 sanat,

317 921 351 956 A
385 919 538 956 caelesti
571 919 696 967 curia;
1148 919 1239 957 Flos
1270 930 1338 957 nos
1370 924 1476 957 sanet
1509 919 1629 959 venia.

208 1031 296 1063 Clm.
315 1031 498 1063 Monaeen.
524 1028 626 1063 6911.
654 1041 743 1062 saec.
772 1029 858 1062 ¹3fs14.
876 1030 957 1071 (Str.
986 1029 1001 1062 1
1028 1032 1083 1063 bis
1109 1029 1160 1063 51)
1184 1031 1243 1062 fol.
1273 1029 1361 1063 171³:
1389 1033 1456 1063 Str.
1482 1029 1531 1063 6a
1549 1032 1602 1063 bis
1622 1029 1692 1063 121)

116 1077 174 1108 fol.
200 1073 244 1108 22
254 1075 297 1116 3).
315 1077 356 1108 Α.
386 1093 426 1098 -
453 1075 536 1108 Cod.
554 1076 765 1108 Admunten.
791 1074 868 1109 637.
894 1087 983 1110 saec.
1005 1075 1056 1108 14.
1082 1077 1122 1108 Β.
1145 1093 1188 1097 -
1208 1076 1290 1108 Cod.
1308 1077 1482 1109 Melliceu.
1509 1075 1585 1108 711.
1602 1087 1692 1109 saec.

119 1120 170 1154 15.
198 1121 234 1153 C.
263 1139 302 1143 -
331 1121 414 1153 Cod.
439 1121 552 1153 Palat.
578 1121 824 1154 Vindobonen.
850 1120 949 1154 3121.
977 1133 1066 1154 saec.
1096 1120 1146 1153 15.
1165 1123 1208 1153 D.
1235 1140 1278 1143 —
1306 1120 1364 1160 13,
1394 1121 1409 1154 1
1433 1123 1502 1154 Via
1520 1123 1566 1158 D;
1594 1123 1694 1154 novis

118 1167 154 1199 C.
180 1184 225 1188 —
253 1165 316 1206 la,
347 1165 368 1198 2
392 1167 460 1198 Via
485 1168 528 1199 D.
554 1184 597 1188 —
625 1165 686 1205 lb,
713 1165 733 1198 2
758 1169 911 1200 Normae
935 1169 1009 1199 vita
1028 1167 1064 1200 C.
1094 1186 1133 1190 -—
1160 1165 1221 1206 23,
1246 1167 1267 1199 3
1286 1166 1383 1199 Costi
1404 1169 1495 1210 regis
1521 1172 1596 1199 erat
1620 1167 1694 1199 filia

117 1214 157 1245 A.
183 1230 227 1234 -
255 1209 310 1244 21)
335 1210 356 1244 3
375 1212 548 1255 Cogelans
566 1212 612 1252 Α,
639 1213 768 1244 militia
786 1214 858 1245 CD.
883 1230 927 1235 -—
952 1211 1016 1252 31),
1041 1211 1062 1244 2
1086 1213 1325 1245 Blandimenti
1342 1214 1421 1253 Ass;
1447 1213 1694 1245 Blandimenta

116 1259 153 1290 C.
180 1276 222 1280 —-
247 1257 312 1296 41),
337 1256 359 1289 2
384 1258 588 1295 absonicum
606 1258 644 1290 C.
697 1276 704 1279 -
740 1256 805 1295 4b‚
831 1257 852 1291 3
868 1258 1107 1300 Dedignatum
1124 1258 1192 1290 BC.
1221 1276 1262 1281 —
1288 1257 1351 1296 53,
1377 1256 1398 1290 3
1423 1260 1549 1290 circuit
1575 1259 1696 1300 pluvia

114 1304 158 1336 D.
183 1320 227 1325 —
253 1301 326 1342 5b‚
359 1301 375 1334 1
403 1304 505 1335 tectis
530 1303 616 1335 fehlt
640 1304 682 1335 D.
709 1322 752 1326 —
779 1302 841 1343 51),
871 1302 892 1336 3
917 1305 980 1336 flos
1007 1304 1143 1346 audaga
1169 1304 1212 1335 D.
1238 1321 1283 1325 —-
1308 1302 1369 1341 6a,
1394 1302 1415 1336 3
1440 1305 1567 1336 Fervet
1592 1307 1629 1335 ut
1655 1305 1692 1336 C.

115 1366 158 1370 —
193 1348 268 1387 6b,
302 1347 323 1380 2
348 1351 437 1380 Sunt
462 1349 604 1381 ferreuti
631 1349 770 1380 flamma
795 1351 886 1381 cocti
912 1351 952 1382 D.
980 1367 1024 1371 —
1050 1347 1118 1387 73,
1152 1346 1172 1380 2
1197 1352 1289 1381 artat
1313 1350 1413 1381 testis
1438 1350 1481 1381 D.
1506 1366 1549 1370 —
1576 1347 1644 1389 73,
1674 1346 1695 1381 3

118 1392 167 1426 Et
193 1397 246 1426 est
272 1394 364 1426 flecti
390 1394 462 1427 CD.
488 1412 532 1416 -—
557 1392 620 1433 83,
648 1392 669 1426 2
693 1405 792 1426 sacro
818 1395 897 1437 gelo
915 1396 958 1427 D.
985 1414 1027 1418 —-
1053 1392 1113 1433 83,
1139 1392 1160 1426 3
1177 1394 1313 1427 Reddat
1336 1396 1486 1426 victoria
1504 1396 1541 1426 C.
1570 1414 1609 1417 —
1636 1392 1657 1426 8
1673 1395 1694 1427 b

118 1438 138 1471 2
164 1440 232 1471 Vix
261 1441 382 1481 regina
408 1439 451 1480 C;
485 1440 549 1471 Vir
574 1441 695 1481 regina
720 1441 769 1481 B3
802 1441 850 1472 Et
874 1442 996 1483 regina
1020 1441 1064 1472 D.
1094 1457 1138 1461 --
1165 1438 1226 1477 81),
1261 1438 1281 1471 3
1305 1440 1391 1472 Cum
1417 1440 1575 1471 ducentis
1601 1450 1697 1471 coro-

113 1488 217 1517 natur
242 1485 286 1523 Ο,
321 1485 410 1517 Cum
442 1484 606 1516 cedendis
640 1489 676 1517 at
709 1489 853 1517 ornatur
878 1487 921 1518 D.
956 1503 997 1507 —
1031 1483 1102 1525 9a,
1133 1483 1154 1516 2
1187 1486 1265 1527 plus
1298 1489 1392 1517 torta
1416 1486 1453 1517 C.
1487 1504 1529 1507 —
1567 1483 1636 1524 91),
1676 1483 1693 1517 1

115 1531 227 1563 Rosas
263 1529 326 1562 has
361 1530 496 1562 Cirates
530 1531 577 1571 B;
612 1531 689 1562 Has
723 1531 886 1563 Crasates
919 1534 1013 1563 rotas
1039 1531 1083 1569 Ο,
1120 1531 1193 1562 Has
1219 1531 1387 1563 Cur-sares
1422 1535 1515 1562 rotas
1541 1531 1591 1570 D3
1625 1531 1695 1572 vgl.

118 1587 160 1608 zu
184 1576 316 1608 diesem
342 1576 587 1618 Eigennamen
610 1576 667 1608 die
687 1576 788 1608 Anm.
811 1577 866 1609 bei
885 1576 1042 1608 Zarncke
1069 1586 1100 1608 a.
1127 1587 1157 1607 3.
1177 1577 1216 1607 O.
1236 1576 1268 1607 S.
1295 1574 1349 1607 67.
1375 1594 1419 1597 -
1435 1573 1498 1614 91),
1524 1572 1545 1607 3
1565 1577 1696 1616 Quater

117 1626 274 1654 sternens
301 1621 372 1654 CD.
400 1638 443 1642 —
470 1619 549 1660 lla,
579 1619 594 1652 1
620 1621 793 1653 Exoranti
818 1623 913 1654 favet
938 1623 980 1654 D.
1008 1639 1053 1643 —
1079 1620 1162 1659 113,
1188 1619 1209 1652 2
1234 1624 1349 1653 servet
1372 1622 1412 1653 B.
1437 1638 1481 1642 —
1509 1620 1695 1663 „Sequitur

119 1667 290 1744 secundgs
305 1665 678 1744 {hyggmusfhhannis
696 1668 836 1710 Anglici
862 1667 904 1699 de
930 1671 1052 1699 sancta
1070 1664 1298 1699 Katharina.“
1325 1667 1363 1699 C.
1380 1685 1424 1688 -—
1441 1667 1519 1709 Vgl.
1538 1667 1695 1698 Zamcke

124 1722 154 1744 a.
181 1722 212 1744 3.
271 1735 278 1743 .
333 1735 340 1743 .
435 1723 469 1743 u.
508 1736 515 1743 .

526 1890 608 1927 357.
645 1891 701 1934 (6.)
736 1891 795 1927 De
820 1891 1029 1937 Principio
1059 1891 1307 1935 Magistrali.

118 1998 154 2038 1.
203 1996 267 2034 Ad
298 1996 460 2034 insultus
491 1997 666 2043 aequoris
943 1999 978 2037 3.
1026 1997 1181 2035 Faciem
1211 1997 1250 2034 in
1281 1996 1435 2043 speculo

259 2056 365 2090 nutat
397 2064 518 2102 parva
547 2054 662 2102 ratis3
1083 2054 1189 2101 virgo
1220 2053 1451 2100 speculatur,

200 2110 303 2156 Quae
337 2121 413 2147 non
444 2111 537 2147 ratis
569 2110 747 2157 pertimet
1026 2110 1229 2160 Prospicit,
1263 2110 1303 2147 in
1334 2108 1434 2147 facie

256 2167 377 2204 minas
409 2166 678 2214 tempestatis?
1083 2168 1114 2204 si
1145 2167 1236 2214 quid
1268 2165 1515 2214 deformatur,

203 2223 277 2260 Vos
308 2223 506 2270 phaselum
539 2223 693 2261 dubiam
1026 2223 1244 2262 Emundata
1275 2221 1392 2260 facies

259 2290 365 2317 meae
395 2280 598 2327 parvitatis
1082 2290 1192 2318 amne
1223 2277 1454 2316 reformatur

203 2336 265 2374 Ad
295 2340 460 2385 portum,
494 2336 668 2374 benevoli
1026 2337 1077 2374 Et
1108 2335 1275 2374 formosa
1307 2336 1470 2383 speciem

259 2392 410 2441 nautae,
444 2393 629 2440 dirigatis.
1056 2393 1154 2431 nivis
1186 2393 1409 2432 aemulatur.

118 2507 156 2544 2.
205 2506 311 2543 Intro
343 2516 426 2542 cum
458 2504 662 2543 formidine
943 2508 980 2545 4.
1030 2505 1193 2553 Speculo
1224 2505 1278 2542 sic
1309 2505 1406 2555 ratio

259 2562 401 2609 Magna
431 2573 607 2610 magnum
638 2573 755 2607 mare,
1085 2561 1197 2599 modo
1227 2561 1390 2608 puellari

203 2618 289 2656 Non
321 2623 375 2655 est
407 2619 544 2656 mirum
574 2619 732 2656 militem
839 2649 845 2653 .
1028 2618 1198 2656 Naturae
1229 2617 1438 2664 primordio

259 2686 397 2712 novum
430 2673 662 2724 formidare,
1086 2674 1208 2712 fertur
1238 2673 1450 2721 speculari3

204 2731 279 2769 Sed
312 2742 377 2770 vos
409 2731 501 2768 mihi
531 2732 726 2778 speculum
1028 2731 1186 2778 Triplex
1217 2731 1285 2768 sed
1317 2735 1374 2767 est
1402 2730 1609 2777 speculum,

264 2788 386 2825 laetor
416 2787 581 2837 radiare,
1083 2787 1225 2835 triplex
1257 2787 1522 2835 contemplari,

209 2845 281 2882 Per
312 2855 403 2891 quos
435 2844 535 2882 viam
562 2844 738 2891 speculer
1029 2844 1190 2893 Triplici
1222 2853 1262 2880 se
1293 2844 1390 2881 ratio

261 2901 397 2938 timens
428 2900 621 2939 oberrare.
1085 2901 1214 2939 studet
1245 2898 1488 2938 conformari.
