2031 3289
332 303 395 341 19.

951 189 1228 231 -56-

427 303 524 340 Moti
555 307 640 340 sunt
671 303 860 340 dialectici

482 359 583 397 Victi
613 363 700 396 sunt
730 359 933 404 haeretici;

429 415 652 465 Concubuit,
683 416 713 452 si
744 416 905 463 peperit,

485 472 730 519 syllogismus
761 472 886 522 periit,

426 528 620 565 Mundana
649 528 836 574 sapientia

484 584 594 621 Victa
619 588 675 620 est
706 595 727 620 a
759 582 910 621 femina.

1144 305 1209 344 20.
1244 303 1345 349 Sion,
1376 304 1520 341 adorna
1550 304 1756 341 thalamum

1296 360 1348 397 Et
1377 360 1532 397 intende
1562 360 1764 407 canticum,

1240 415 1371 463 Surge,
1403 426 1546 463 appare
1575 415 1731 465 fulgide,

1298 472 1487 510 Christum
1518 483 1643 519 regem
1674 474 1837 519 suscipe,

1241 528 1358 573 Quem
1388 528 1493 575 virgo
1523 532 1644 567 mater
1674 529 1813 575 genuit,

1298 584 1414 632 Virgo
1445 589 1567 621 mater
1598 585 1758 632 peperit.

406 695 509 727 Grad.
543 705 604 726 ms.
639 697 673 725 ὃ.
707 695 889 725 Laurentii
922 696 957 725 in
990 692 1178 734 Ἶρι-31100)
1209 704 1298 726 saec.
1333 692 1417 726 ¹⁰:51.
1475 695 1557 726 eod.
1590 695 1777 738 Angelicus
1811 693 1875 728 1523

314 739 354 777 (Β
379 741 433 772 111
462 738 514 779 18)
537 741 578 771 A.
599 757 643 761 -—
670 740 774 781 Trop.
799 750 862 770 ms.
889 739 1145 771 Cremifanense
1171 750 1259 771 saec.
1289 737 1339 771 12.
1376 740 1458 771 cod.
1484 741 1714 773 Cremifanen.
1740 739 1816 773 309.
1837 743 1874 772 B.

315 802 359 806 —
381 783 411 823 2,
438 783 460 816 4
484 786 611 816 Verum
636 795 715 816 nani
734 785 772 815 A.
791 802 827 807 -
850 782 881 824 2,
908 783 927 816 5
945 785 991 816 Et
1016 788 1113 816 casta
1130 785 1197 816 Dei
1222 786 1358 825 virgine
1376 786 1413 816 B.
1432 803 1476 806 —
1492 782 1521 822 ⁴2,
1548 784 1568 816 6
1586 787 1695 817 Natus
1720 797 1755 817 es
1774 786 1813 817 A.
1833 803 1874 808 —

317 828 348 869 3,
374 828 396 862 4
421 831 584 862 Nascitur
609 831 645 861 in
671 830 842 861 infantulo
868 830 914 864 A:
941 831 1112 861 Nascetur
1136 831 1174 861 Β.
1200 847 1243 851 -
1268 828 1299 868 3,
1325 828 1345 861 5
1370 830 1504 861 baiulat
1530 830 1569 862 A.
1587 848 1630 852 —
1654 830 1686 869 4,
1716 830 1736 862 3
1762 833 1874 863 Datur

313 876 354 907 A.
379 893 423 896 -—
447 874 478 913 5,
504 873 524 907 3
548 876 641 907 lucet
666 875 706 907 A.
723 892 766 896 —
795 873 825 913 5,
852 873 871 906 5
897 885 946 915 sq.
972 875 1115 906 Diei-um
1142 876 1418 916 antiquissimus,
1445 876 1578 907 Primus
1603 880 1636 907 et
1661 877 1873 908 novissimus

314 922 355 952 A.
379 921 448 962 vgl.
474 922 592 953 weiter
615 920 735 952 hinten
767 918 818 957 16,
844 918 864 951 5
890 931 940 961 sq.
966 937 1009 941 —
1035 920 1100 951 Str.
1127 918 1237 952 6—17
1264 921 1344 952 incl.
1370 920 1483 951 fehlen
1509 922 1548 952 A.
1569 939 1602 942 —
1626 923 1749 953 Mutuo
1775 922 1813 953 Β.
1834 940 1874 944 -

318 964 368 1003 18,
395 964 416 996 2
440 966 581 997 Referat
605 967 644 997 A.
668 983 711 986 —
740 963 789 1004 18,
816 962 837 996 3
863 966 983 1006 lingua
1010 964 1125 996 deficit
1150 965 1189 996 A.
1215 982 1258 986 ——
1287 964 1339 1003 19,
1363 964 1384 997 3
1410 967 1459 996 sie
1484 968 1619 1008 peperit
1643 968 1681 998 B.
1704 984 1749 989 —
1776 964 1828 1004 19,
1853 965 1875 998 4

316 1012 369 1041 Sit
394 1011 562 1052 logisinus
588 1012 626 1042 A.
653 1028 695 1031 —
724 1009 780 1049 19,
813 1009 833 1042 6
859 1011 950 1041 Victi
985 1013 1065 1041 sunt
1095 1021 1115 1042 a
1139 1011 1179 1041 B.
1205 1027 1248 1032 -
1273 1010 1338 1042 Str.
1371 1010 1414 1042 20
1444 1010 1529 1042 fehlt
1553 1013 1599 1051 A,
1634 1016 1717 1043 statt
1751 1012 1875 1043 desseu

314 1056 428 1087 Maria
465 1060 586 1088 sancta
617 1056 745 1088 femina
781 1059 844 1088 etc.
882 1057 947 1087 wie
979 1056 1068 1087 oben
1094 1056 1161 1088 Str.
1195 1054 1224 1086 7.
1260 1057 1322 1087 mit
1347 1057 1484 1098 einigen
1517 1057 1806 1089 Schreibfehlern.
1833 1076 1874 1079 —

314 1102 436 1133 Dieser
479 1102 640 1142 Hymnus
676 1101 762 1133 fehlt
803 1103 839 1132 in
881 1101 940 1132 der
976 1101 1138 1142 Ausgabe
1174 1111 1244 1132 von
1281 1101 1448 1140 Gaetaiii3
1494 1102 1582 1133 doch
1619 1104 1783 1134 erweisen
1814 1102 1876 1132 ihu

314 1146 508 1187 Rhythmus
545 1147 614 1178 und
648 1147 800 1189 Sprache
837 1147 900 1177 init
934 1145 1029 1177 nicht
1061 1145 1431 1178 misszuverstehender
1462 1147 1701 1179 Deutlichkeit
1732 1148 1783 1179 als
1819 1148 1875 1178 eiu

314 1191 423 1223 lVerk
449 1193 643 1223 Damianis.

798 1325 852 1360 57.
889 1326 969 1368 (42.)
1005 1325 1054 1360 De
1081 1325 1208 1360 sancto
1235 1325 1386 1360 Donato.

357 1430 391 1470 1.
422 1431 577 1468 Auratis
609 1432 728 1469 Deum
761 1431 917 1467 citharis
1170 1432 1207 1470 5.
1242 1429 1394 1467 Solante
1424 1440 1510 1466 mox
1540 1431 1710 1477 angelico

480 1487 627 1524 Laudet
659 1491 695 1523 et
726 1487 764 1523 in
799 1487 981 1533 cymbalis

431 1544 521 1581 Cum
552 1543 690 1580 Tuscia
720 1543 844 1591 Italia,

483 1600 632 1637 Nobilis
662 1601 892 1646 monarchia,

428 1657 649 1694 Sanctorum
683 1657 912 1695 domicilium

484 1714 601 1759 Quam
632 1718 767 1764 sacrat,
801 1713 978 1751 Aritium.

393 1856 401 1865 .
432 1826 476 1862 In
507 1837 580 1872 qua
608 1825 763 1862 lucerna
793 1825 1020 1872 praesulum,

487 1882 568 1926 Via,
603 1880 734 1931 forma,
767 1882 974 1929 speculum,

430 1938 600 1976 Donatus
632 1942 777 1985 martyr
807 1938 976 1975 inclitam

483 1995 636 2033 Obtinet
666 1995 874 2043 basilicam,

429 2051 562 2089 Servat
593 2056 629 2090 ct
661 2052 888 2098 Ianuarium,

486 2109 588 2146 Caeli
618 2108 722 2146 sidus
754 2119 921 2149 aureum.

1298 1486 1445 1525 Gaudet
1479 1487 1737 1533 contubernio,

1242 1543 1339 1580 Dum
1370 1542 1472 1589 globi
1503 1543 1665 1580 strident
1696 1543 1809 1593 ignei,

1301 1599 1445 1636 Crescit
1475 1600 1590 1636 ardor
1620 1599 1722 1649 fidei,

1243 1656 1305 1693 Sic
1334 1655 1483 1692 flamma
1515 1656 1695 1694 desiderii

1301 1713 1405 1749 Perit
1435 1712 1490 1748 vis
1519 1713 1697 1750 incendii.

1188 1827 1213 1864 Ἰ.
1248 1825 1378 1861 Victor
1409 1825 1456 1862 ab
1487 1825 1571 1872 igne
1602 1826 1780 1867 trahitur,

1301 1882 1365 1919 Ad
1395 1881 1562 1919 tribunal
1591 1883 1750 1928 rapitur,

1245 1938 1475 1985 consulitur,
1507 1939 1714 1985 impetitur,

1302 1995 1447 2031 Eadem
1479 2006 1551 2032 vox
1582 1996 1776 2043 redditur-3

1246 2051 1342 2088 Nam
1374 2050 1448 2088 fixa
1479 2062 1593 2098 super
1623 2051 1794 2089 stabilem

1301 2108 1441 2144 Domus
1472 2108 1571 2155 viget
1603 2108 1782 2156 lapidem,

358 2223 395 2260 3.
427 2223 543 2268 Quem
572 2232 646 2258 non
677 2222 838 2258 humana
868 2221 1005 2270 studia,
1202 2250 1210 2258 .
1244 2221 1335 2258 Cum
1365 2231 1452 2258 caro
1482 2221 1612 2268 poenis
1646 2221 1819 2269 cingitur,

483 2278 568 2315 Non
598 2279 747 2324 linguae
780 2277 957 2314 facundia
1300 2277 1407 2314 Mens
1440 2278 1476 2314 in
1508 2282 1610 2314 astra
1642 2277 1779 2326 figitur,

427 2334 550 2381 Digno
582 2335 682 2371 valet
713 2335 895 2371 extollere
1242 2334 1446 2371 Tormenta
1477 2334 1641 2371 reddunt
1673 2335 1770 2371 levia

491 2393 563 2428 Pro
593 2391 726 2427 merito
757 2391 922 2438 gloriae3
1300 2390 1389 2427 Visa
1419 2391 1498 2427 illic
1528 2391 1709 2437 praemia,

428 2447 538 2493 Nam,
571 2458 665 2494 quac
697 2446 866 2494 perferre
898 2447 1032 2496 potuit,
1244 2447 1307 2484 Sic
1338 2458 1478 2493 poenas
1508 2447 1611 2483 mille
1642 2447 1816 2485 mortium

483 2504 571 2551 Quis
604 2503 747 2541 referre
778 2504 946 2551 poterit?
1301 2503 1421 2540 Dulce
1453 2504 1573 2540 credit
1604 2505 1732 2540 otium.

361 2619 398 2655 4.
433 2618 609 2655 Caminus
640 2628 708 2664 per
740 2618 953 2654 continuum
1207 2646 1214 2654 .
1248 2617 1390 2654 Sacvae
1421 2628 1552 2654 manus
1584 2616 1798 2654 carnificum

487 2675 702 2721 Vaporatur
733 2674 911 2721 triduum,

431 2732 496 2772 Ut,
529 2742 600 2777 quo
633 2734 821 2767 crematur
852 2730 1010 2776 longius,

487 2788 635 2824 Cremct
664 2793 749 2834 post
781 2787 970 2834 volociu53

431 2843 540 2880 llunc
561 2848 706 2891 martyr
729 2844 816 2880 dum
834 2843 1057 2891 ingreditur,

492 2900 571 2936 Nec
603 2901 761 2947 capillus
790 2900 966 2937 laeditur.

1303 2674 1450 2710 Servos
1482 2674 1625 2710 vellunt
1656 2674 1853 2720 viscerum,

1246 2731 1455 2777 Compages
1487 2730 1575 2767 laxa
1605 2730 1775 2778 solvitur,

1303 2787 1504 2833 Postquam
1528 2797 1643 2823 nexus
1675 2786 1832 2834 tollitur,

1247 2843 1310 2880 Fit
1343 2854 1412 2890 per
1443 2843 1611 2880 diversos
1643 2843 1764 2879 exitus

1304 2899 1507 2946 Multiplcx
1538 2899 1725 2936 interitus.
