1914 3223
582 286 618 320 5.
652 283 811 321 Perenni
843 283 1002 320 Domino

266 735 291 766 B
318 735 373 766 fol.
399 733 442 766 84
453 736 483 765 b.

181 1030 216 1067 1.
247 1030 410 1068 Octavae
441 1029 570 1066 titulos

800 192 848 197 --
915 170 988 209 155

708 351 844 387 perpes
874 340 923 378 sit
952 340 1084 387 gloria,

649 396 707 433 Ex
739 408 810 443 quo
841 401 940 440 sunt,
981 407 1049 443 per
1080 407 1186 443 quem
1219 400 1316 444 sunt,

706 453 741 489 in
774 464 846 499 quo
877 457 961 489 sunt
994 453 1139 490 omnia:

648 510 707 547 Ex
739 521 812 556 quo
841 513 940 557 sunt,
973 513 1082 555 pater
1113 514 1183 557 cst,

706 577 774 613 per
804 577 911 612 quem
943 570 1041 611 sunt,
1074 565 1187 613 tilius,

652 624 696 661 In
727 634 800 669 quo
830 626 928 667 sunt,
961 622 1081 668 patris
1112 627 1149 659 et

706 679 773 716 filii
804 679 974 726 spiritus.

698 866 767 903 126.
803 868 885 909 (16.)
922 865 984 902 Die
1013 865 1210 902 [lominica.

821 938 872 969 Ad
899 939 1083 980 Vesperas.

987 1033 1024 1069 5.
1056 1030 1117 1067 Ad
1149 1030 1258 1067 huius
1288 1029 1421 1066 addito

304 1086 340 1122 in
370 1086 526 1133 psalmis
557 1087 713 1134 legimus

248 1144 414 1180 Futurae
445 1143 601 1190 gloriam

302 1199 400 1236 vitae
432 1199 665 1244 canentibus,

249 1255 339 1293 Cum
371 1256 433 1292 lux
464 1255 622 1293 subierit

301 1322 438 1359 perpes
470 1311 634 1349 fidelium

247 1368 358 1405 Istius
391 1361 570 1415 temporis

302 1428 387 1470 post
418 1425 685 1471 septenarium.

175 1516 212 1553 2.
246 1515 353 1552 Hanc
383 1515 456 1552 iam
486 1515 524 1552 in
556 1515 679 1562 capite

301 1572 524 1618 completam
554 1572 736 1616 novimus,

245 1628 334 1666 Cum
367 1628 617 1665 resurrexerit

300 1684 371 1721 hac
402 1685 463 1722 die
493 1685 687 1730 Dominus,

245 1742 295 1780 Ut
326 1741 381 1778 sic
411 1741 657 1779 certissimam

298 1808 402 1844 spem
433 1798 610 1836 membris
642 1798 808 1846 propriis

241 1854 420 1892 Eiusdem
452 1855 593 1893 tribuat

297 1910 557 1952 beatitudinis,

171 2003 208 2039 3.
242 2002 341 2039 Hinc
371 2013 394 2039 a
424 2002 651 2041 christicolis

296 2059 389 2096 haec
420 2059 500 2097 dies
528 2060 663 2097 merito

240 2116 336 2153 Prae
368 2118 510 2153 cunctis
541 2117 679 2154 colitur

297 2172 368 2210 hoc
398 2173 436 2210 in
466 2174 660 2221 mysterio,

237 2229 417 2266 Aeternis
449 2231 599 2279 etenim,

294 2297 368 2323 non
399 2287 671 2334 temporalibus

239 2342 291 2380 Hi
319 2342 428 2380 bonis
459 2344 618 2394 inhiant,

294 2410 452 2447 quorum
488 2411 570 2438 sors
600 2401 796 2440 Dominus.

168 2490 208 2530 4.
240 2489 345 2527 Neve
375 2494 452 2529 tam
483 2491 640 2529 arduam

296 2547 395 2585 viam
425 2548 641 2586 tenentibus

237 2603 297 2641 Ex
329 2602 544 2643 diffidentia

293 2665 462 2708 tepescat
493 2662 651 2713 animus,

238 2716 320 2754 Hac
349 2718 434 2765 ipsa
463 2718 646 2757 Dominus

297 2774 358 2812 die
388 2775 612 2822 paraclitum

236 2830 342 2868 Misit
374 2831 572 2879 discipulis

292 2887 330 2926 in
362 2900 465 2926 aram
497 2889 671 2937 spiritum

1113 1087 1186 1123 diei
1218 1086 1389 1133 gloriam,

1058 1146 1137 1188 Quo
1167 1148 1270 1180 recte
1302 1143 1431 1180 videas

1115 1200 1189 1237 dici
1222 1199 1461 1247 dominicam,

1056 1256 1162 1302 Quod
1195 1256 1446 1303 corporaliter

1112 1313 1183 1350 hac
1216 1313 1299 1349 luce
1330 1313 1514 1350 Dominus

1057 1369 1107 1407 Ut
1140 1380 1205 1406 rex
1237 1374 1435 1416 susceptus
1469 1374 1525 1406 est

1112 1431 1147 1462 et
1179 1427 1289 1463 heres
1320 1427 1457 1473 regius,

1015 1545 1023 1554 .
1056 1518 1251 1564 Ingressus
1283 1517 1476 1563 proprium

1113 1573 1249 1610 dehinc
1277 1573 1459 1620 palatium

1057 1630 1225 1667 Potentis
1257 1629 1410 1666 exhibet

1112 1686 1211 1734 regis
1242 1687 1453 1736 imperium,

1058 1743 1198 1781 Pravos
1230 1743 1368 1780 eiciens

1111 1810 1242 1837 caecos
1273 1800 1461 1838 illuminat.

1053 1856 1104 1893 Et
1136 1857 1286 1894 domum
1318 1857 1469 1894 Domini

1111 1914 1165 1950 sic
1195 1914 1427 1952 reconciliat.

1013 2037 1021 2044 .
1054 2005 1219 2043 Octavae
1250 2005 1397 2053 peragit

1109 2063 1214 2100 Iesus
1243 2063 1475 2109 mysterium,

1053 2119 1097 2156 In
1128 2130 1200 2166 qua
1231 2119 1416 2156 resederit

1108 2180 1149 2212 ut
1179 2176 1294 2213 iudex
1325 2176 1490 2213 omnium

1055 2232 1148 2270 Suos
1178 2233 1395 2270 illuminans

1110 2289 1166 2326 sui
1197 2290 1424 2338 praesentia,

1054 2347 1196 2384 Pravos
1228 2346 1367 2383 eiciens

1109 2413 1131 2440 a
1159 2403 1264 2451 regni
1295 2403 1428 2451 gloria.

982 2495 1020 2532 8.
1053 2495 1133 2532 Nec
1163 2505 1185 2531 a
1216 2495 1394 2541 mysterio

1110 2561 1244 2588 vacare
1276 2551 1476 2598 eredimus,

1050 2608 1158 2655 Quod
1189 2608 1259 2644 soli
1291 2608 1370 2645 dies
1401 2607 1493 2644 haec

1110 2664 1221 2701 datur
1251 2676 1272 2700 a
1303 2664 1476 2711 gentibus

1053 2721 1206 2767 Ipsique
1237 2726 1457 2758 consecrent

1107 2788 1188 2815 eam
1220 2788 1265 2814 ex
1295 2778 1455 2824 nomine,

1050 2834 1142 2871 Cum
1173 2834 1245 2871 sibi
1278 2834 1443 2871 vindicet

1105 2891 1202 2929 hanc
1232 2891 1288 2928 sol
1318 2891 1495 2931 iustitiae.
