2031 3289
450 319 487 356 3.
521 316 610 355 Sola
640 315 712 352 fuit
738 315 885 361 mulier,
918 315 1041 361 patuit
1071 325 1144 361 qua
1174 315 1286 352 ianua
1315 315 1404 362 leto,

571 373 634 420 Et,
669 383 741 418 qua
774 372 851 408 vita
882 371 993 417 redit,
1025 372 1106 407 sola
1138 370 1208 407 fuit
1238 371 1384 408 mulier.

449 475 486 512 4.
519 473 659 509 Frater
689 472 839 518 iniquus
872 475 965 516 erat,
997 471 1136 508 iustum
1167 473 1229 518 qui
1260 472 1424 518 perculit
1454 472 1555 515 olim,

444 634 480 670 5.

447 790 484 826 6.

440 947 473 984 7.

443 1094 480 1131 8.

439 1241 476 1278 9.

413 1386 480 1426 10.

412 1536 478 1574 11.

415 1683 481 1721 12.

412 1830 477 1868 13.

415 1977 480 2014 14.

413 2123 479 2161 15.

417 2272 479 2309 16.

419 2417 483 2459 17.

420 2565 484 2603 18.

418 2712 482 2750 19.

417 2860 484 2896 20.

574 529 785 565 Damnator
816 528 957 566 Christi
992 527 1112 564 frater
1142 529 1291 574 iniquus
1323 531 1417 564 erat.

514 631 713 668 Transitus
744 630 810 666 ille
841 634 978 679 monet,
1011 630 1101 676 quid
1132 630 1257 676 prima
1287 629 1414 666 amisit
1444 630 1562 677 origo,

573 687 671 732 Quid
703 690 862 723 ventura
892 690 1039 732 parent,
1073 687 1256 723 transitus
1285 686 1351 722 ille
1382 690 1521 724 monet.

516 789 620 826 Arca
647 788 796 825 levatur
827 787 946 836 aquis,
980 788 1148 824 homines
1178 792 1220 824 ut
1250 789 1431 834 perderet
1460 799 1619 835 aequo1·;

570 845 629 881 Ne
660 848 820 891 pereant
851 844 1033 891 homines,
1065 855 1155 881 arca
1183 845 1332 881 levatur
1363 845 1483 890 aquis.

510 946 635 991 Sume⁷
669 949 789 994 pater,
823 945 982 992 populos
1014 956 1082 991 pro
1114 945 1191 982 nati
1234 946 1389 981 vulnere
1421 949 1595 991 cunctos-,3

568 1003 661 1040 Cum
696 1002 816 1039 tradis
847 1002 1051 1050 Christum,
1085 1012 1201 1045 sume,
1234 1006 1355 1048 pater,
1388 1002 1561 1048 populos,

513 1092 650 1130 Hostia
681 1103 824 1129 summa
855 1092 976 1138 patris
1008 1092 1135 1129 tacitis
1167 1092 1314 1139 signata
1344 1091 1487 1138 figuris,

568 1150 685 1195 Quam
718 1153 864 1185 reserat
896 1148 1081 1194 Christus⁷
1114 1149 1238 1185 hostia
1269 1160 1413 1185 summa
1443 1149 1576 1195 patriS.

510 1240 722 1288 Claudicat‚
757 1250 856 1286 ecce,
891 1239 1024 1276 videns
1055 1240 1270 1285 Dominum,
1305 1240 1392 1276 dum
1422 1239 1617 1286 praevalet

562 1297 714 1343 Aspera
746 1307 837 1343 gens
870 1296 1061 1333 Christum
1095 1296 1296 1342 claudicat,
1329 1306 1428 1344 ecce,
1462 1296 1606 1333 videns.

510 1387 694 1434 Reppulit
724 1387 790 1423 ille
821 1385 958 1424 famem
990 1388 1138 1423 venitus
1171 1387 1326 1423 crimine
1358 1385 1532 1435 fratrum,

567 1444 754 1481 venditus
787 1448 844 1480 est
877 1443 1060 1488 Christus,
1094 1444 1261 1490 reppulit
1292 1443 1356 1480 ille
1387 1441 1536 1480 famem.

511 1533 676 1582 Perside,
710 1534 824 1570 corde
855 1533 970 1581 peris,
1004 1534 1091 1570 dum
1123 1537 1274 1570 vastant
1304 1534 1429 1570 omnia
1459 1533 1606 1580 plagae,

567 1591 666 1628 Dum
699 1595 849 1628 cessant
880 1590 1027 1638 plagae,
1061 1589 1220 1638 perfide,
1253 1590 1367 1627 corde
1397 1591 1512 1636 peris,

513 1682 644 1729 Agnus
676 1681 724 1718 ab
756 1682 864 1718 hoste
897 1692 1005 1718 sacer
1036 1684 1228 1718 revocavit
1259 1681 1440 1727 sanguine
1471 1686 1611 1727 patres,

565 1738 754 1785 Sanguine
785 1749 927 1784 nosque
959 1736 1077 1775 refert
1108 1749 1225 1785 agnus
1254 1737 1301 1774 ab
1334 1738 1441 1774 hoste
1472 1748 1591 1776 sacer.

509 1829 645 1867 Obruit
674 1828 777 1865 unda
807 1827 914 1865 nefas
945 1828 1085 1876 populo
1116 1827 1313 1874 gradiente
1343 1838 1413 1874 per
1443 1838 1597 1876 aequor,

568 1885 678 1922 Nunc
708 1885 859 1932 populis
891 1885 1021 1921 mundi
1052 1884 1178 1921 obruit
1208 1885 1309 1921 unda
1338 1883 1460 1923 nefaS.

509 1975 723 2012 Murmurat
753 1975 929 2021 impietas
957 1986 1094 2011 manna
1124 1975 1298 2011 veniente
1331 1973 1489 2021 refecta,

567 2032 680 2070 Panis
715 2032 824 2069 adest
856 2032 1042 2081 Christus,
1076 2036 1285 2068 murmurat
1315 2031 1504 2078 impietaS.

513 2122 625 2159 Plebs
659 2122 733 2159 sibi
765 2122 861 2159 dura
892 2126 1003 2169 caput
1036 2126 1161 2158 terrae
1193 2121 1349 2158 cultoris
1379 2121 1550 2167 adoptat,

1623 1271 1632 1287 ,
1663 1239 1773 1277 heres
1787 1254 1796 1288 3

570 2179 754 2226 Abstulit,
787 2179 871 2225 heu,
906 2179 1095 2217 Christum
1128 2178 1237 2224 plebs
1269 2178 1341 2215 sibi
1374 2178 1469 2215 dura
1500 2182 1624 2224 caput.

513 2270 593 2306 Lex
626 2269 733 2306 dedit
762 2269 941 2306 indicium
975 2269 1114 2305 veteris
1146 2269 1193 2305 de
1225 2268 1381 2305 crimine
1412 2279 1566 2318 poenae,

568 2327 750 2373 Quodque
777 2326 879 2362 salus
911 2326 1049 2371 veniat,
1081 2325 1143 2362 lex
1177 2325 1283 2362 dedit
1314 2325 1509 2364 indicium.

515 2417 588 2465 En,
621 2416 720 2463 lapis
747 2416 936 2463 irriguus!
970 2416 1121 2465 satiare,
1155 2416 1363 2465 incredule,
1392 2413 1516 2452 fonte!

570 2473 641 2519 Qui
669 2473 860 2510 Christum
891 2472 1086 2520 reprobas,
1121 2483 1179 2518 en,
1212 2472 1309 2518 lapis
1341 2472 1527 2518 irriguus!

514 2565 695 2615 Carpitur
724 2564 811 2610 igne
841 2574 948 2600 sacro
980 2574 1112 2599 munus
1144 2566 1345 2609 votumque
1376 2563 1537 2611 piorum,

571 2620 760 2658 Seditiosa
788 2619 909 2656 tribus
939 2621 1109 2666 carpitur
1137 2620 1223 2666 igne
1254 2630 1374 2657 sacro.

515 2712 646 2758 Regna
677 2710 789 2748 beata
818 2710 940 2757 patris
971 2710 1065 2756 legis
1098 2721 1171 2746 non
1203 2710 1360 2756 contigit
1390 2710 1511 2755 heres,

571 2769 674 2805 Iesus
707 2767 902 2814 dispensat
934 2777 1049 2814 regna
1079 2766 1190 2803 beata
1220 2766 1352 2813 patriS.

518 2858 687 2895 Destruit
720 2869 807 2895 arca
838 2858 924 2903 Dei,
956 2869 1080 2894 muros
1113 2857 1199 2893 dum
1222 2857 1370 2905 circuit,
1403 2857 1572 2900 hostem,·

571 2915 632 2951 Sic
665 2915 807 2951 hostem
840 2915 969 2951 mundi
1002 2914 1163 2951 destruit
1194 2924 1283 2950 arca
1313 2913 1397 2952 Dei.
