2031 3289
956 231 998 236 -
1068 207 1149 248 240
1206 230 1262 235 —

8 293 13 373 1
717 330 798 364 25⁴3.
834 331 891 371 (7.)
927 330 1058 364 Prusa
1083 330 1130 364 ‹lc
1156 332 1297 366 sancto
1323 331 1506 373 nugono.

8 377 13 604 ἱ
365 425 430 463 la.
477 424 588 471 Regis
620 425 766 461 actcini
797 424 899 470 regia
1182 423 1250 463 lb.
1292 424 1448 471 Recepit
1480 435 1561 461 cum
1594 423 1739 460 laetitia

532 481 707 518 Sanctum
740 480 935 526 Hugonem
967 479 1080 516 hodie
1347 481 1391 517 ln
1421 481 1527 528 largo
1560 481 1644 517 sinu
1673 479 1827 526 gloriae.

364 568 434 605 2a.
477 565 625 602 Nobilis
656 575 804 613 genere,
1177 564 1251 601 2b.
1291 564 1382 601 Cum
1414 565 1566 602 Christo
1597 558 1724 601 vivere

532 622 605 659 Sed
638 621 803 657 mom‘hus
835 620 997 657 nobilior
1347 621 1450 669 Vult,
1482 624 1524 657 ut
1553 621 1601 657 sit
1634 620 1861 667 generosior‚

588 678 693 714 Nihil
724 677 938 725 degenerat,
1404 677 1594 714 Christum
1627 676 1830 714 desiderat.

364 765 433 802 Sa.
476 762 658 800 Mundum
695 762 838 799 liabens
868 762 906 797 in
937 761 1078 806 odium,
1181 760 1253 800 31»,
1292 761 1462 800 Cluniaci
1493 761 1712 798 coenobium

533 819 654 856 Purus
685 830 707 856 a
737 818 913 865 pueritia,
1348 819 1470 855 Intrat
1502 829 1583 855 cum
1615 817 1685 854 Dei
1717 816 1849 864 gratia.

365 907 435 943 43.
478 904 578 941 Leve
609 904 680 940 Dei
711 914 802 939 onus
1181 902 1255 939 4b.
1294 903 1448 941 Cunctis
1478 913 1596 948 aeque
1627 901 1745 939 bonus

534 959 673 996 Libens
704 959 878 996 sustinuit
1349 959 1504 997 Cunctis
1537 958 1762 1004 complacuit

590 1017 640 1054 Et
672 1016 896 1063 regulariter
1405 1015 1696 1053 Universaliter.

367 1106 436 1142 5a.
481 1103 620 1139 Rector
651 1099 772 1138 factus
805 1101 951 1137 demum
1184 1099 1257 1138 5b.
1297 1100 1387 1137 Cum
1421 1100 1585 1137 Bariona
1615 1111 1757 1137 remum
1788 1084 1790 1087 V

536 1158 637 1195 Dicti
670 1157 840 1195 coenobii
1352 1156 1520 1203 Sumpsit
1551 1157 1712 1204 remigii.

367 1246 436 1283 Ga.
480 1244 577 1281 Dum
608 1247 665 1280 est
694 1242 812 1280 abbas
844 1241 978 1288 factus,
1181 1241 1254 1280 6b.
1294 1241 1493 1288 Spiritales
1525 1247 1630 1279 actus

535 1299 669 1347 Coepit
699 1299 900 1336 ostendere
1350 1298 1476 1335 Verbo
1508 1302 1545 1335 et
1575 1308 1702 1344 opere.

369 1387 438 1424 7a.
480 1385 646 1431 Fulgens
676 1385 868 1421 miraculis
1186 1383 1257 1422 7b.
1299 1384 1407 1420 Patet
1437 1393 1529 1430 prae
1560 1383 1678 1420 oculis

537 1442 706 1479 Renovat
737 1442 873 1488 omnia,
1355 1440 1539 1483 Praesens
1572 1439 1740 1476 ecclesia.

368 1529 440 1566 Sa.
481 1527 583 1573 Ergo
614 1537 744 1573 prece,
787 1539 859 1573 qua
890 1539 1087 1574 possumus
1187 1527 1261 1565 sb.
1300 1525 1379 1562 Nos
1409 1525 1462 1562 tui
1495 1525 1593 1561 servi
1624 1534 1868 1571 quaesumus:
1919 1515 1924 1521 ⁶

368 1616 437 1652 9a.
479 1614 614 1652 Sancte
645 1614 767 1659 Engo,
1182 1611 1253 1652 Ob,
1293 1611 1387 1648 Esto
1418 1615 1504 1646 tuae

536 1673 645 1716 pater
675 1669 835 1720 egregie,
1350 1677 1493 1704 memor
1525 1666 1720 1704 ecclesiae.

343 1756 392 1794 10
405 1767 438 1793 a.
481 1755 531 1791 Et
562 1754 649 1801 quia
680 1758 816 1790 metum
850 1754 981 1790 incutit
1157 1752 1256 1791 101).
1297 1753 1415 1798 Opem
1448 1749 1579 1788 confer
1610 1754 1646 1786 et
1678 1760 1843 1799 operam,

480 1811 531 1848 Et
561 1822 628 1848 nos
658 1811 823 1857 undique
852 1811 1017 1857 percutit
1295 1809 1354 1845 Ne
1386 1808 1551 1845 declinet
1585 1807 1634 1844 ad
1666 1817 1860 1853 vesperam

537 1868 846 1906 persecutionum
876 1868 1037 1916 gladius,
1353 1864 1560 1913 Religionis
1593 1863 1736 1900 radius.

343 1955 390 1992 11
407 1965 440 1993 a.
484 1955 562 1990 Iam
594 1952 686 1989 felix
718 1951 867 1989 felicem
898 1963 1045 1989 cursum
1155 1953 1205 1990 11
1223 1951 1257 1989 b.
1297 1952 1370 1988 I’er
1400 1956 1437 1986 te
1466 1949 1575 1986 nobis
1604 1948 1795 1985 tribuatur

483 2010 636 2055 Fecisti,
668 2010 742 2046 iam
774 2020 908 2056 regnas
935 2020 1082 2046 sursum
1296 2008 1373 2044 Pax
1409 2011 1444 2043 et
1475 2005 1722 2052 adaperiatur

539 2067 582 2104 In
615 2066 783 2113 paradisi
813 2066 945 2114 gloria,
1352 2063 1466 2110 Regis
1497 2062 1642 2099 aeterni
1673 2061 1790 2108 regia.

432 2150 573 2182 Collect.
607 2160 668 2181 ms.
696 2151 729 2182 S.
756 2150 898 2181 Martini
931 2160 951 2180 a
977 2149 1115 2190 Campis
1150 2158 1239 2179 saec.
1274 2144 1359 2178 '‘21'13.
1392 2147 1440 2177 in.
1489 2145 1571 2177 cod.
1596 2145 1746 2177 Parisin.
1774 2141 1897 2176 17716.

342 2197 405 2227 mit
430 2196 511 2228 Mel.
537 2213 580 2217 —
606 2194 642 2226 11
661 2196 692 2233 h,
719 2193 740 2226 2
765 2196 950 2236 aperiatur.

596 2341 677 2376 257.
713 2340 771 2382 (8.)
807 2340 864 2375 De
891 2340 1033 2375 saneto
1062 2339 1184 2374 Patre
1210 2337 1429 2373 Benedicto
1456 2337 1646 2381 Hymnus.

957 2409 1017 2441 Ad
1050 2410 1283 2451 Vesperas.

661 2505 694 2541 1.
730 2503 834 2539 Inter
863 2506 1036 2538 aeternas
1067 2511 1243 2547 superum
1275 2510 1444 2548 coronas,

726 2560 824 2605 Quas
855 2569 962 2596 sacro
994 2564 1123 2604 partas
1159 2558 1321 2594 retinent
1354 2566 1484 2603 agone,

727 2616 879 2653 Emicas
911 2615 1020 2651 celsis
1052 2614 1197 2651 meritis
1229 2624 1418 2661 comscu5‚

818 2673 847 2710 Ο
880 2671 1098 2709 Benediclc.

657 2760 693 2798 iv

728 2758 867 2795 Sancta
898 2761 934 2793 te
966 2755 1127 2802 compsit
1159 2765 1316 2802 puerum
1349 2758 1535 2802 senectus,

727 2815 791 2851 Nil
824 2813 896 2850 sibi
930 2813 976 2850 de
1007 2816 1044 2849 te
1075 2812 1200 2858 rapuit
1234 2811 1421 2858 voluptas,

726 2871 838 2909 Aruit
875 2869 1005 2906 mundi
1037 2869 1102 2905 tibi
1136 2868 1204 2905 flos
1235 2868 1283 2905 ad
1315 2867 1391 2905 alta

818 2928 948 2966 Mente
978 2926 1115 2965 levato.
