1914 3223
704 188 979 228 —65-

462 344 520 380 59.
557 344 616 386 (6.)
651 344 826 388 Hymnus
853 343 984 379 sancti
1010 343 1224 379 Ambrosii.

74 451 118 490 ·1.
152 449 265 486 Caelo
297 447 424 486 ferunt
453 448 695 486 Ambrosium
896 452 931 488 5.

148 505 307 550 Nomen,
340 506 460 542 honor
490 505 548 542 vel
580 505 702 552 actio,

148 561 213 599 Nil
247 561 360 598 debet
391 561 451 598 hic
483 560 694 606 facundiae,

150 619 228 656 Dos
259 619 378 655 omnis
409 623 467 654 est.
496 629 518 655 a
549 617 727 656 moribus.

79 724 115 760 2.
148 720 275 757 Fortis
316 721 505 757 iuvantem
542 731 614 757 non
647 719 748 766 cupit
896 721 933 758 6.

147 777 321 816 Umbone
352 777 516 814 munitus
547 788 625 826 suo,

145 834 186 870 In
219 844 332 870 carne
362 834 414 869 nil
447 833 571 870 carnis
602 834 693 882 agit,

147 890 292 938 Regina
323 900 425 926 mens
456 890 494 926 in
527 900 685 936 corpore

78 993 115 1032 3.
149 990 344 1040 Confregit
374 1002 482 1029 omne
513 991 711 1029 lubricum.
900 1006 931 1031 c.

148 1048 211 1086 Sic
241 1048 337 1085 vixit
366 1048 432 1084 ille
461 1060 535 1085 non
566 1048 651 1096 sibi,

146 1104 222 1142 Sed
253 1110 353 1141 totus
384 1105 529 1142 auctori
562 1105 660 1152 Deo;

148 1162 333 1199 Adiectus
364 1161 451 1198 hinc
481 1161 662 1208 apostolis

77 1266 114 1304 4.
147 1264 316 1301 Reduxit
347 1264 542 1310 expulsam
574 1263 698 1313 fidem,
894 1266 930 1303 8.

146 1320 253 1358 Dixit
285 1320 496 1367 triumphos
528 1326 735 1367 martyrum

148 1377 316 1424 Linguae
348 1377 505 1415 virentis
536 1378 686 1414 laureis.

146 1433 220 1470 Hie
251 1444 316 1470 ore
347 1434 526 1480 praedam
559 1434 712 1470 sustulit

965 449 1023 485 De
1056 447 1162 486 fauce
1193 448 1380 495 serpentis
1412 446 1497 487 feri.

965 506 1034 550 Qui
1065 505 1166 542 bella
1197 505 1339 544 Christi
1371 504 1521 549 militat,

965 561 1099 598 Nudus
1128 563 1281 598 timetur
1312 561 1474 609 ensibus,

966 618 1072 654 Vivit
1102 618 1271 664 sepultus
1302 623 1338 654 et
1368 617 1473 655 iuvat

967 720 1122 758 Clavum
1155 724 1286 756 tenens
1318 719 1514 757 ecclesiae.

963 777 1108 814 Iustina
1138 777 1240 813 virus
1272 776 1455 822 perdidit,

962 833 1037 870 Dat
1068 844 1189 879 poena
1219 834 1297 869 nati
1328 832 1547 878 praemium.

964 889 1073 927 Sedis
1104 896 1288 935 memento
1321 889 1386 925 lux
1418 894 1517 935 tuae,

964 992 1130 1038 Exorna,
1163 996 1305 1036 sancte,
1338 995 1510 1037 posteros

962 1051 1127 1087 Auctore
1157 1046 1272 1085 fultos
1304 1047 1433 1095 nobili,

963 1105 1020 1142 Ne
1053 1106 1127 1142 dux
1162 1105 1285 1141 sereni
1317 1103 1490 1140 culminis

961 1163 1004 1199 In
1036 1161 1134 1199 nube
1163 1166 1285 1198 tectus
1318 1161 1485 1199 horreat,

961 1265 1032 1312 Qui
1063 1269 1193 1310 pastor
1224 1268 1279 1300 est
1311 1262 1534 1302 antistitum,

960 1321 1066 1368 Quod
1099 1319 1234 1364 fuscat,
1274 1329 1382 1356 omne
1413 1318 1620 1363 submovet,

963 1378 1124 1424 Gregem
1156 1376 1339 1424 gubernat
1371 1375 1597 1422 principum,

961 1435 1148 1480 Magister
1180 1437 1237 1469 est
1270 1432 1498 1469 docentium.

154 1531 186 1572 l,
222 1532 237 1564 1
265 1534 370 1566 Caelo
401 1538 527 1575 perant
561 1534 645 1566 haec
670 1534 893 1566 Ambrosium
919 1535 957 1565 B.
987 1551 1024 1554 —
1059 1532 1096 1572 2,
1133 1531 1148 1564 1
1184 1533 1361 1564 iubantem
1386 1534 1424 1566 Β.
1449 1549 1493 1553 -
1524 1529 1563 1570 2,
1598 1528 1619 1562 3

62 1580 174 1610 carnis
200 1581 271 1621 egit
296 1580 334 1611 B.
361 1597 405 1601 —
428 1578 460 1617 4,
487 1577 508 1610 2
533 1579 729 1621 triumphus
756 1581 793 1611 B.
816 1597 860 1601 -—
884 1578 915 1618 5,
936 1577 957 1611 3
982 1580 1098 1611 Huius
1124 1579 1265 1610 timetur
1291 1579 1328 1609 Β.
1348 1594 1393 1599 —-
1416 1576 1447 1614 5,
1472 1575 1495 1607 4
1511 1577 1620 1609 Uiuet

61 1625 100 1656 B.
132 1641 176 1645 -
208 1623 246 1663 7,
279 1622 299 1656 2
324 1626 453 1656 Autore
489 1625 595 1656 fultus
630 1626 667 1656 B.
700 1642 743 1646 -—
776 1622 815 1665 8,
851 1623 867 1656 1
903 1626 1104 1656 antestitum
1137 1625 1175 1654 Β.
1202 1641 1246 1644 -
1278 1620 1314 1661 8,
1349 1622 1369 1654 2
1394 1623 1488 1654 fucat
1512 1623 1551 1654 B.
1577 1638 1621 1643 —-

66 1670 244 1712 „Hymnus
270 1672 381 1702 sancti
406 1671 579 1707 Ainbrosi,
603 1670 717 1702 dictus
743 1681 764 1702 a
788 1671 914 1702 domno
939 1667 1120 1701 Ennodi0“
1149 1671 1185 1701 B.

384 1816 444 1853 60.
480 1817 538 1859 (7.)
574 1817 749 1860 Hymnus
773 1817 821 1852 de
846 1816 1088 1852 Ascensione
1113 1815 1289 1850 Domini.

81 1925 117 1962 1.
149 1923 225 1959 Iam
258 1923 430 1960 Christus
460 1923 630 1959 ascendit
661 1922 804 1971 polum,
892 1926 927 1962 5.

146 1979 306 2016 Necavit
335 1984 423 2016 ante
454 1977 599 2023 funera,

147 2035 279 2073 Letum
312 2036 480 2082 sepultus
512 2036 669 2082 expulit,

144 2092 248 2130 Mors
281 2092 412 2129 mortis
442 2093 607 2139 impulsu
638 2093 725 2130 ruit.

77 2195 113 2234 2.
146 2194 302 2232 Cantate
333 2195 485 2241 factum,
518 2194 680 2242 saecula,
892 2198 927 2234 6.

144 2250 272 2288 Funus
302 2251 451 2298 subegit
482 2256 678 2295 tartarum,

147 2307 244 2344 Vicit
276 2313 493 2354 peremptus
525 2308 688 2356 exitum3

145 2363 250 2400 Mors
281 2365 370 2400 inde
401 2364 503 2411 luget
531 2364 688 2413 pallida,

80 2465 116 2502 3.
149 2464 403 2511 Praesumpsit
433 2466 533 2502 uude
563 2466 755 2512 gaudium.
892 2467 927 2505 7.

141 2521 248 2558 Escis
281 2526 432 2559 vorator
464 2527 596 2568 captus
627 2527 696 2570 est,

144 2577 212 2614 Est
242 2578 386 2626 praeda
417 2583 548 2625 raptor
578 2580 757 2618 omnium.

144 2634 220 2671 Iam
253 2640 334 2671 rete
366 2635 528 2672 vinctum
563 2636 724 2682 ducitur,

76 2739 113 2773 4.
146 2737 246 2773 Iacet
277 2741 409 2774 catena
440 2737 477 2773 in
509 2737 678 2783 nexibus,
885 2740 923 2777 8.

142 2791 305 2839 Serpens
327 2804 470 2830 venena
500 2793 670 2841 pertulit,

141 2848 246 2886 Mitis
276 2851 365 2887 terit
394 2851 623 2898 superbiam,

143 2906 270 2952 Agnus
300 2907 445 2944 leonem
476 2907 674 2944 eviscerat.

123 2970 284 3006 Dreros,
310 2974 515 3002 Lateinische
536 2975 825 3009 Hymnendichter.
856 2975 912 3004 IX.

963 1922 1052 1959 Plus
1082 1921 1186 1958 istud
1217 1926 1290 1958 est.
1305 1919 1509 1968 potentiae,

961 1979 1068 2024 Quod
1090 1982 1231 2026 nostra,
1265 1977 1426 2021 Christe,
1456 1973 1617 2023 suscipis

960 2036 1011 2073 Et
1043 2041 1147 2073 veste
1178 2035 1278 2071 servi
1310 2032 1557 2073 absconditus

961 2092 1040 2129 Nos
1082 2092 1131 2129 ad
1162 2090 1394 2137 triumphum
1428 2088 1616 2136 provehis,

961 2195 1079 2241 Quam
1109 2194 1150 2230 si‘
1173 2193 1338 2229 coruscis
1369 2191 1522 2228 sedibus

960 2251 1124 2298 Fulgore
1154 2255 1318 2286 terreres
1350 2259 1446 2287 reos

962 2308 1063 2345 Deus
1094 2311 1199 2353 patet
1229 2316 1298 2353 per
1328 2305 1464 2351 omnia,

960 2364 1074 2401 Nullo
1106 2367 1270 2400 remotus
1302 2363 1477 2408 tegmine,

961 2466 1049 2511 Sed,
1082 2470 1121 2502 ut
1152 2465 1317 2502 iacentes
1350 2463 1481 2510 erigat,

958 2523 1144 2569 Dignatus
1175 2531 1270 2568 esse,
1302 2521 1401 2567 quod
1431 2529 1569 2568 sumuS,

957 2579 1131 2617 Redemit
1163 2579 1244 2624 ipse
1275 2578 1333 2614 ius
1365 2586 1483 2624 suum,

957 2636 1072 2673 Ovem
1106 2634 1259 2671 reduxit
1291 2633 1478 2680 perditam

956 2738 1124 2775 Pastoris
1156 2737 1204 2774 ad
1237 2735 1459 2773 custodiam.

954 2795 1096 2831 Levate
1126 2798 1269 2841 portas,
1303 2792 1438 2842 angeli,

955 2852 1077 2889 Intret
1107 2849 1325 2886 tremendus
1353 2848 1508 2898 arbiter,

953 2907 1079 2945 Maior
1108 2905 1274 2953 tropaeis
1305 2904 1482 2944 hostium.

1395 2975 1415 3008 5
