1914 3223
576 295 657 331 135.
694 295 752 336 (4.)
788 295 963 340 Hymnus
983 287 1036 331 'de
1063 276 1263 332 Caritate.

414 438 420 444 .
467 407 560 443 Alta
591 417 651 443 res
683 418 932 454 magnumque
963 407 1114 450 bonum,
1148 408 1300 445 salubre

469 463 608 500 Munus
641 473 685 500 ex
718 463 796 500 alto
830 464 985 500 veniens
1017 475 1234 510 supernum⁷

468 519 688 558 conditoris
720 520 883 556 maxime
914 520 971 556 ius
1000 521 1179 568 potentis,

710 576 792 613 Lux
825 577 888 623 pia
919 577 1062 617 mundi,

410 720 418 728 .
466 688 615 725 Caritas
647 689 846 735 praeclara
878 689 1044 726 tonantis
1076 694 1188 736 atque

463 745 593 782 Ardor
623 750 660 782 et
693 746 903 782 communio
934 746 1131 793 trinitatis,

465 800 613 838 Cuncta
645 802 767 839 virtus
800 802 872 839 rite
905 812 1050 851 regens,
1084 807 1218 849 potens
1249 803 1322 847 lex,

706 859 871 906 Agmina
902 859 1008 897 caeli.

387 972 417 1011 ³.
467 971 573 1008 Haec
606 977 802 1009 creaturae
836 971 907 1009 fuit
938 973 1039 1010 alma
1069 973 1188 1020 origo,

462 1028 559 1065 Nam
592 1039 663 1075 per
693 1028 792 1065 hanc
823 1029 1003 1066 caelestia
1035 1029 1188 1066 condita
1220 1034 1381 1078 exstant,

462 1085 514 1122 Et
545 1086 661 1122 maris
694 1090 895 1133 terraeque
927 1086 1038 1123 simul
1071 1091 1225 1132 reperta

707 1141 890 1180 Germina
922 1146 1109 1181 constant.

406 1283 413 1291 .
462 1254 569 1292 Haec
598 1254 725 1292 Adam
757 1255 919 1302 primum
952 1256 1058 1293 dedit
1090 1256 1128 1292 in
1160 1266 1200 1292 se
1230 1255 1383 1302 habere,

461 1311 535 1355 En,
568 1311 640 1348 Dei
673 1313 870 1358 exemplar
901 1312 1082 1359 fieretque
1114 1313 1236 1359 imago

461 1367 679 1405 Conditoris
711 1369 1008 1416 praeposuitque
1039 1373 1118 1406 toto
1150 1369 1250 1406 hunc

706 1426 892 1464 Conditor
922 1425 1017 1464 orbi.

404 1567 413 1577 .
459 1538 567 1576 Haec
598 1539 806 1586 prophetas
838 1544 876 1577 et
906 1541 1008 1586 patri
1038 1562 1094 1566 —
1125 1539 1217 1577 fecit
1247 1563 1303 1567 —
1332 1541 1481 1588 archas,

460 1594 553 1633 Cum
586 1606 694 1633 sacro
725 1596 933 1643 spiramine
964 1607 1027 1635 eos
1059 1597 1235 1645 replevit,

459 1651 514 1690 Ut
544 1653 750 1690 salutarem
781 1653 844 1699 pie
874 1654 1144 1700 praedicarent

705 1710 893 1756 Dogmate
925 1710 1132 1748 Christum.

384 1823 412 1860 ⁷.
458 1822 643 1870 Haecque
673 1823 746 1860 huc
778 1823 1011 1861 descendere
1042 1822 1134 1860 fecit
1164 1819 1286 1871 ipsum

461 1878 602 1916 Filium
635 1880 769 1917 summi
800 1880 922 1927 patris
954 1881 1004 1918 ad
1036 1881 1235 1927 medelam,

459 1935 513 1973 Ut
543 1947 747 1983 supernam
777 1937 1082 1985 terrigenamque
1113 1937 1263 1984 plebem

705 1994 884 2042 Iungeret
914 1999 1058 2032 auctor.

404 2137 414 2146 .
459 2106 566 2144 Haec
597 2107 679 2154 pati
711 2107 904 2145 Christum
937 2118 1060 2156 cruce,
1094 2107 1188 2144 haee
1218 2106 1380 2156 flagella,

461 2164 594 2211 sputa,
627 2164 757 2211 spinas
788 2163 890 2202 ferre
921 2165 1043 2211 dedit,
1074 2164 1290 2210 sepulcrum

460 2221 589 2268 Atque
620 2221 804 2258 victorem
837 2220 919 2258 fore
949 2221 1070 2268 deque
1101 2225 1222 2258 morte

709 2277 874 2327 Surgere
905 2279 1009 2316 fecit.

403 2418 412 2428 .
460 2390 566 2427 Haec
596 2391 673 2436 poli
706 2401 861 2438 regnum
896 2392 1002 2429 dedit
1033 2402 1115 2428 esse
1145 2394 1331 2440 apertum,

460 2447 635 2485 Christus
668 2458 714 2484 ex
745 2459 817 2494 quo
849 2448 950 2486 celsa
980 2448 1087 2496 petit,
1119 2452 1319 2494 sequentes

459 2503 554 2540 Eius
583 2508 622 2540 et
653 2505 812 2552 vestigia
843 2503 934 2541 fecit
964 2515 1093 2542 omnes

700 2560 893 2598 Scandere
925 2562 1082 2599 caelum.

403 2705 412 2714 .
461 2673 646 2721 Spiritum
678 2680 847 2713 sanctum
882 2676 989 2713 dedit
1020 2676 1113 2713 haee
1143 2675 1190 2713 ab
1222 2685 1310 2713 arce

462 2731 705 2768 Pentecostes
737 2733 865 2779 sicque
896 2729 1033 2784 [diem]
1066 2733 1242 2779 sacravit,

462 2787 699 2826 Primitivum
733 2799 815 2826 cum
846 2789 1064 2836 paracletus
1094 2799 1227 2836 agmen

706 2846 842 2882 Visitat
875 2845 980 2883 orbe.
