2031 3289
937 178 1217 218 —75-

390 291 455 324 KG
489 291 619 322 ordneu
649 290 705 322 die
729 290 837 320 Verse
861 290 928 320 wie
952 289 1056 330 folgt:
1092 288 1107 320 1
1138 289 1191 320 bis
1215 287 1254 320 4:
1288 287 1308 321 9
1333 289 1389 322 bis
1416 287 1475 326 14;
1508 286 1539 327 7,
1564 286 1596 326 8,
1621 287 1652 327 5,
1678 286 1708 326 6,
1737 288 1777 321 15
1802 289 1856 322 bis

307 334 357 369 18.
383 354 429 358 -
451 334 548 369 Nach
575 339 642 368 Str.
670 332 710 366 18
734 334 823 375 folgt
846 333 934 365 noch
958 336 1078 365 weiter
1102 335 1139 365 in
1163 335 1209 366 B:

574 426 723 456 Tartara
747 424 858 455 fracta
881 425 932 455 tui
959 428 1039 455 sunt
1063 425 1208 461 viribus,
1237 427 1341 466 atque
1365 424 1526 455 draconis

617 469 791 501 Faucibus
817 470 927 510 erepti
953 470 1146 511 pangimus,
1172 479 1260 504 ecce,
1286 469 1362 500 tibi.

574 515 760 547 Libertatis
787 524 886 555 opem
911 515 1067 555 capimus
1092 514 1274 545 temnendo
1299 517 1495 554 tyrannum,

618 560 697 591 Iure
722 563 782 590 tuo
807 559 912 590 fultos
938 559 1053 590 iacula
1076 559 1175 590 nulla
1198 562 1333 590 nocent.

574 605 687 636 Arbor
711 614 831 635 amara
855 604 921 635 fuit
945 605 1101 641 nimium,
1127 605 1210 645 quia
1234 607 1372 645 gutture
1397 603 1515 635 clauso

619 650 749 681 Nectus
774 649 816 680 ad
842 649 913 679 ima
939 651 1009 680 ruit
1033 650 1163 690 primus
1188 650 1225 680 in
1250 649 1332 680 orbe
1358 658 1493 690 parens-

574 694 696 726 Dulcis
723 694 844 725 adesse
870 695 955 725 satis
980 694 1193 735 nimiumque
1221 695 1340 725 suavis
1365 693 1507 725 alumna

620 738 778 771 Crederis
805 743 908 779 atque
934 740 1004 770 tuis
1029 738 1282 780 vivificansque
1307 738 1412 770 salus.

575 784 754 826 Romphea
779 788 873 815 mota
896 785 968 821 (tuo
995 785 1107 825 patuit
1131 785 1307 815 iuvamine
1331 782 1437 821 vitae)

620 829 686 861 Est
710 833 744 861 et
768 833 850 861 tunc
874 829 947 868 leti,
972 829 1054 860 hinc
1078 829 1168 869 perit
1192 833 1296 870 atque
1319 829 1418 870 fugit.

576 875 691 916 Impia
715 884 823 916 regna
851 874 981 911 vident,
1007 874 1132 915 pavido
1158 877 1287 905 terrore
1312 876 1531 911 tremescunt,

623 920 719 958 Cum,
746 930 847 961 quem
873 923 909 950 tu
934 919 1076 956 tuleras,
1103 919 1231 960 palluit
1254 923 1359 960 atque
1382 918 1499 950 chaos.

577 965 715 997 Gaudia
740 974 866 1006 magna
890 967 1018 1002 tenent,
1043 965 1181 995 fuerant
1205 965 1263 1006 qui
1289 964 1406 995 vinela
1433 963 1586 995 barathri

622 1011 781 1050 Perpessi
806 1010 974 1047 trucibus,
999 1020 1140 1041 munere
1165 1013 1340 1051 perpetuo.

575 1056 672 1087 Mors
697 1054 883 1087 maledicta
906 1056 1004 1096 eupit
1029 1053 1108 1085 dum
1134 1065 1195 1096 per
1219 1059 1253 1086 te
1278 1054 1418 1095 perdere
1446 1055 1555 1085 vitam

623 1100 736 1141 Seque
762 1101 895 1142 perisse
919 1100 1023 1137 dolet,
1048 1100 1123 1130 vita
1151 1099 1320 1131 manendo
1345 1101 1449 1140 viget.

577 1145 684 1178 Nulla
709 1147 778 1177 tuis
806 1146 940 1176 meritis
965 1145 1070 1176 arbor
1093 1144 1268 1176 confertur
1293 1145 1420 1186 opima,

624 1191 689 1222 Cui
714 1191 818 1222 decus
845 1201 862 1221 e
887 1191 1028 1231 proprio
1057 1189 1208 1231 pondere
1233 1191 1361 1231 quippe
1386 1192 1511 1221 manet.

577 1236 654 1275 Quo
680 1236 849 1277 pendente
874 1245 978 1275 super
1002 1239 1034 1266 te
1059 1238 1253 1266 monstrant
1277 1235 1392 1266 saecla
1415 1234 1595 1276 lugubrem

624 1280 757 1312 Cuncta
780 1281 882 1318 diem,
907 1281 1020 1312 noctis
1044 1282 1159 1311 texuit
1182 1282 1218 1311 in
1242 1281 1403 1320 speciem.

579 1327 674 1357 Mors
700 1327 843 1357 inimica
869 1327 947 1363 ruit,
974 1336 1129 1367 surgens,
1155 1336 1208 1363 en,
1233 1327 1308 1356 vita
1332 1326 1444 1362 beata,

624 1371 678 1403 Tu
702 1371 901 1403 veneranda
925 1372 1044 1408 micas,
1069 1374 1105 1402 tu
1131 1370 1249 1401 mundi
1276 1374 1412 1411 sceptra
1436 1374 1543 1401 tenes.

579 1416 654 1447 Ista
678 1427 781 1457 super
805 1416 908 1447 titulo
934 1416 1119 1457 splendens
1144 1416 1304 1447 tenebras
1330 1415 1500 1457 repulisti,

626 1461 806 1493 Laudibus
831 1461 911 1492 inde
937 1462 1007 1492 tuis
1034 1462 1226 1502 pangimus
1254 1471 1342 1498 ecce,
1368 1460 1487 1492 melos.

582 1505 697 1545 Salve,
723 1517 812 1546 quae
838 1506 990 1538 brachiis
1015 1507 1141 1538 mundo
1168 1506 1317 1547 perferre
1342 1505 1510 1538 medelam

628 1552 744 1593 Digna
769 1552 878 1588 fuisti,
903 1553 973 1583 tuis
998 1552 1127 1593 gaudia
1152 1561 1277 1593 magna
1303 1555 1453 1582 manent.

583 1597 688 1629 Plebs
714 1599 749 1628 in
775 1597 906 1629 honore
931 1599 982 1628 tui
1009 1607 1107 1628 sacro
1133 1597 1367 1628 modulamine
1392 1595 1544 1637 plaudat,

629 1641 763 1674 Cuncta
789 1647 928 1673 caterva
953 1642 1057 1673 simul
1084 1646 1244 1683 personet
1269 1645 1372 1682 atque
1397 1642 1473 1672 tibi.

582 1687 711 1719 Nostra
737 1688 831 1719 salus
857 1698 989 1729 perpes,
1015 1691 1053 1718 tu
1077 1688 1224 1718 erimina
1249 1687 1339 1728 pelle
1364 1686 1561 1728 redemptis,

628 1733 695 1764 Per
719 1737 752 1764 te
777 1733 883 1773 digna
907 1733 971 1763 tibi
996 1743 1064 1774 quo
1090 1732 1316 1763 modulemur.
1364 1733 1485 1763 Amen.

586 1777 709 1810 Gloria
733 1788 859 1820 magna
883 1778 968 1815 Deo,
995 1777 1172 1818 magnalia
1197 1781 1295 1808 tanta
1320 1777 1492 1818 patranti3

631 1823 699 1862 Qui
725 1827 797 1854 tam
822 1824 910 1854 mira
934 1823 1027 1860 facit,
1055 1823 1167 1864 gloria
1193 1832 1319 1864 magna
1343 1823 1436 1853 Deo!

408 1913 450 1944 In
475 1914 500 1945 C
527 1913 604 1944 sind
628 1913 684 1944 die
708 1914 817 1945 Verse
844 1911 874 1951 1,
899 1911 931 1952 2,
957 1912 987 1949 5,
1015 1912 1044 1949 6,
1072 1911 1102 1950 7,
1127 1910 1148 1944 8
1174 1922 1236 1944 aus
1256 1913 1367 1944 Carni.
1392 1912 1415 1943 l.
1440 1913 1486 1944 11.
1512 1923 1545 1943 n.
1570 1910 1591 1943 3
1611 1911 1698 1944 ohne
1717 1911 1872 1944 Abstand

321 1968 366 1989 an
389 1958 476 1990 Vei-s
504 1956 544 1990 18
568 1959 848 2001 angeschlossen.
874 1978 916 1981 —
941 1959 1008 1990 Die
1034 1958 1255 1990 Collationen
1280 1958 1340 1989 der
1365 1957 1481 1999 liturg.
1508 1958 1590 1989 Hss.
1616 1957 1793 1989 verdanke
1818 1956 1872 1988 ich

317 2003 363 2034 H.
388 2004 435 2035 M.
460 2004 656 2035 Banm’ster.

621 2182 680 2218 69.
716 2183 775 2225 (4.)
809 2183 957 2219 Versus
983 2183 1030 2217 (le
1055 2182 1368 2217 Resurrectione
1394 2181 1568 2217 Domini.

911 2265 1023 2296 Carm.
1049 2264 1071 2295 l.
1097 2265 1159 2301 ΙΙΙ,
1186 2274 1217 2295 n.
1243 2261 1274 2295 9.
2003 2230 2006 2298 i

549 2379 736 2425 Tempora
767 2377 944 2425 florigero
975 2378 1133 2415 rutilant
1163 2378 1342 2415 distincta
1371 2388 1504 2415 sereno

606 2435 657 2472 Et
687 2435 828 2472 maiore
858 2435 936 2482 poli
967 2434 1106 2471 lumine
1139 2438 1248 2481 porta
1279 2438 1396 2481 patet.

549 2492 674 2530 Altius
705 2491 933 2539 ignivomum
964 2491 1079 2528 solem
1112 2491 1208 2528 caeli
1238 2491 1362 2528 orbita
1394 2491 1507 2535 ducit,

605 2548 675 2595 Qui
706 2559 821 2595 vagus
852 2548 1023 2585 Oceanus
1051 2548 1127 2584 exit
1159 2552 1195 2584 et
1225 2547 1343 2584 intrat
1373 2557 1502 2593 aquas,

477 2607 498 2642 5
551 2605 719 2642 Armatis
750 2604 869 2641 radiis
899 2604 1084 2641 elementa
1115 2604 1298 2650 liquentia
1329 2604 1494 2640 lustrans

607 2661 746 2699 Adhuc
774 2665 884 2698 nocte
916 2660 1021 2697 brevi
1052 2661 1175 2697 tendit
1204 2661 1243 2696 in
1275 2659 1366 2697 orbe
1398 2660 1509 2699 diem.

557 2717 769 2765 Splendida
799 2718 985 2754 sincerum
1016 2717 1231 2763 producunt
1260 2716 1415 2754 aethera
1447 2717 1601 2762 vultum,

611 2774 889 2820 Laetitiamque
919 2785 1024 2810 suam
1054 2774 1181 2810 sidera
1212 2773 1315 2810 clara
1344 2773 1519 2819 probant.

554 2831 674 2867 Terra
705 2829 835 2867 favens
867 2831 971 2867 vario
1003 2828 1127 2867 fundit
1159 2830 1380 2867 munuscula
1410 2829 1523 2876 foetu,

453 2889 502 2925 10
610 2887 700 2924 Cum
732 2886 828 2924 bene
857 2887 1030 2923 vernales
1061 2886 1232 2923 reddidit
1260 2897 1380 2923 annus
1409 2895 1512 2932 opes,
