2031 3289
959 165 1265 206 —178—

808 282 846 319 3.
877 280 934 317 Tu
964 279 1034 316 tibi
1065 281 1228 327 compati

935 336 990 373 sic
1020 335 1081 373 fac
1110 348 1192 385 nos,
1222 337 1395 384 Domine,

883 393 987 430 Tuae
1016 393 1224 440 participes

936 453 978 486 ut
1007 449 1122 486 simus
1153 450 1312 499 gloriae,

883 506 945 544 Sic
975 516 1156 552 praesens
1186 506 1358 545 triduum

937 563 974 599 in
1006 563 1110 599 luctu
1142 563 1292 607 ducere,

884 619 937 656 Ut
969 619 1084 655 risum
1115 619 1260 656 tribuas

940 676 1131 722 paschalis
1162 676 1318 722 gratiae.

425 750 451 780 C
476 748 533 779 fol.
559 746 641 780 8221.
668 765 710 769 -
740 747 767 786 l,
793 747 814 778 2
839 748 1004 789 praedam
1029 749 1128 789 eripi.

884 841 954 877 166.
990 843 1071 884 (56.)
1106 840 1159 876 Ad
1184 841 1344 880 Sextam.

340 915 374 952 1.
406 913 544 951 Adhuc
575 918 614 950 ut
647 914 837 950 dormiens
1154 916 1192 952 2.
1224 914 1420 951 Torrentis
1451 915 1632 961 impetum

464 974 599 1017 pausat
629 970 836 1020 leunculus,
1279 971 1392 1007 istum
1421 971 1611 1017 intellege,

410 1027 498 1075 Sed,
531 1031 569 1063 ut
602 1027 768 1074 evigilet,
1229 1027 1286 1064 De
1318 1039 1390 1074 quo
1421 1028 1656 1065 meminimus

464 1094 583 1130 prope
615 1089 671 1120 est
701 1084 896 1132 terminus,
1279 1084 1514 1130 psalmistam
1547 1085 1684 1128 dicere,

408 1139 536 1177 Somni
567 1151 677 1186 quam
710 1139 852 1177 funeris
1228 1141 1333 1186 Quod
1369 1141 1415 1177 de
1447 1141 1515 1177 hoc
1546 1141 1688 1178 biberis

466 1197 648 1234 dicendus
680 1198 818 1244 potius,
1284 1198 1320 1234 in
1354 1197 1427 1244 via,
1461 1197 1631 1246 Domine,

410 1253 528 1290 Velox
562 1253 770 1290 dominicae
1226 1254 1390 1291 Mortem
1423 1255 1599 1291 videlicet

463 1310 596 1347 mortis
627 1316 684 1347 est
713 1310 906 1349 transitus.
1282 1311 1449 1348 sceleris
1469 1312 1598 1349 calice.

1991 1334 1998 1366 l

747 1385 784 1422 3.
816 1384 874 1421 Tu
902 1384 971 1420 tibi
1003 1385 1167 1431 compati
1992 1392 1999 1445 ᾗ

875 1441 929 1477 sic
960 1440 1022 1478 fac
1051 1452 1133 1486 nos,
1167 1441 1338 1487 Domine,
1994 1454 1998 1474 l

819 1497 922 1534 Tuae
954 1499 1160 1544 participes
1994 1475 2001 1567 1
2028 1497 2031 1528 Σ

876 1559 917 1591 ut
948 1555 1063 1591 simus
1095 1555 1249 1602 gloriae,

819 1611 881 1648 Sic
912 1621 1092 1658 praesens
1123 1612 1288 1649 triduum

874 1668 911 1704 in
943 1669 1046 1704 luctu
1078 1669 1227 1712 (lucere,

820 1725 871 1762 Ut
902 1725 1017 1763 risum
1051 1725 1195 1762 tribuas

876 1782 1066 1828 paschalis
1096 1782 1256 1832 gratiae.

436 1856 462 1887 C
488 1855 546 1886 tol.
571 1852 656 1886 2521).
682 1871 725 1875 —-—
751 1852 781 1892 2,
809 1852 827 1885 7
853 1855 987 1886 Mortis.

902 1953 970 1989 167.
1007 1954 1089 1996 (57.)
1122 1953 1174 1989 Ad
1201 1953 1349 1990 Nonam.

345 2029 377 2064 1.
412 2026 496 2063 Non
529 2027 712 2064 naturalis
740 2031 794 2063 est
1158 2029 1194 2063 2.
1231 2027 1312 2063 Hoc
1343 2027 1474 2063 mortis
1506 2027 1692 2072 poculum,

469 2083 537 2120 sed
568 2084 811 2131 adventitius.
1285 2083 1385 2130 quod
1417 2093 1486 2129 per
1518 2083 1707 2120 diabolum

414 2141 492 2185 Quo
524 2140 696 2177 Christus
728 2140 878 2189 biberit,
1229 2140 1348 2176 Nobis
1379 2138 1609 2176 transfusum
1643 2147 1697 2176 est

468 2197 648 2233 torrentis
678 2196 835 2244 rivulus,
1285 2197 1323 2233 in
1354 2206 1497 2243 poenae
1530 2197 1710 2242 debitum,

413 2255 519 2301 Quia,
552 2254 614 2300 qui
647 2252 761 2290 fuerit
1229 2253 1332 2290 Illud
1363 2254 1541 2300 intellege
2011 2269 2015 2323 ι

470 2311 617 2357 peccati
648 2310 808 2357 nescius⁷
1288 2309 1421 2347 Goliae
1453 2310 1632 2357 gladium,

413 2367 551 2404 Mortis
582 2368 792 2404 sententiae
1229 2367 1309 2413 Quo
1340 2366 1466 2403 David
1497 2367 1631 2404 stravit
1664 2367 1762 2403 hunc
1861 2371 1865 2374 ”
2013 2344 2018 2403 i

471 2435 544 2461 non
575 2429 657 2461 erat
687 2424 874 2462 subditus.
1287 2433 1361 2460 non
1392 2423 1534 2460 habens
1566 2423 1773 2471 proprium.
2013 2413 2017 2429 ¹

754 2500 790 2536 3.
822 2498 879 2534 Tu
909 2497 980 2533 tibi
1009 2497 1172 2544 compati
2015 2476 2031 2534 ⁸3

879 2555 934 2591 sic
965 2552 1026 2591 fac
1056 2565 1135 2599 nos,
1167 2553 1339 2602 Domine,
2028 2553 2031 2558 '

823 2610 926 2648 Tuae
956 2611 1164 2658 participes

877 2672 919 2703 ut
948 2668 1062 2704 simus
1093 2667 1248 2714 gloriae,

824 2723 887 2761 Sic
918 2733 1098 2770 praesens
1128 2723 1294 2760 triduum

880 2780 917 2817 in
949 2780 1052 2817 luctu
1085 2781 1233 2825 ducere,

822 2837 872 2875 Ut
901 2837 1016 2873 risum
1048 2837 1193 2873 tribuas

880 2893 1068 2940 paschalis
1099 2893 1257 2940 gratiae.

441 2966 466 2998 C
490 2966 548 2998 fol.
573 2963 656 2999 83a.
684 2983 729 2988 —
755 2964 785 3005 2,
810 2965 832 2998 4
857 2966 1027 2999 dubitum,
1053 2983 1095 2988 —
1120 2964 1151 3004 2,
1179 2964 1197 2997 7
1224 2966 1323 3008 Quod
1348 2965 1474 2998 David.
