1914 3223
734 177 785 182 —
851 154 927 194 105

116 274 151 308 3.
184 275 263 317 Quo
295 281 360 316 pro
390 269 497 306 nobis
529 268 730 306 dimicante
929 270 960 306 l.
994 268 1051 306 Ex
1065 279 1149 314 qun,
1169 276 1369 314 perquem,
1384 266 1419 303 in
1433 278 1505 313 quo
1518 271 1664 314 cuncta,

242 327 359 363 victus
391 326 499 362 cedat
529 325 684 362 zabulus
1050 334 1186 371 perpes
1218 323 1289 372 ipsi
1320 323 1453 369 gloria,

129 374 132 377 ’
183 384 230 420 Et
263 394 343 419 cum
380 383 456 419 suis
488 382 557 418 hoc
587 382 743 429 expulso
993 381 1106 419 Cuius
1139 391 1290 427 rognum
1322 379 1402 416 sine
1433 380 1505 416 fine

241 439 368 486 pravis
398 438 624 476 satellitibus
1050 448 1163 483 regna
1195 436 1291 483 regit
1320 437 1456 482 omnia,

186 496 292 533 Mens
323 495 448 542 quieta
478 494 545 531 tibi
578 498 682 531 vacet
994 494 1054 532 Ad
1084 495 1287 531 adventum
1321 498 1456 530 cuncta
1486 504 1591 529 suum

240 558 276 588 et
306 552 463 589 exsultet
496 551 663 598 spiritus.
1050 551 1300 597 disponuntur
1331 550 1491 586 saecula.

203 656 229 686 C
256 653 311 684 ful.
341 650 402 684 188
414 653 444 683 b.
471 670 513 674 --
539 650 569 687 2,
595 652 614 683 (i
639 651 774 683 deferri.

512 843 588 880 1951.
629 844 709 884 (85.)
745 843 787 877 ln
815 843 930 878 sestis
956 843 1256 888 Apostolorum.

738 926 775 956 111
807 923 833 955 l.
861 926 1046 956 Nsmturuo.

117 1039 391 1086 1.·Apost01ici
922 1042 958 1079 3.
990 1041 1195 1085 Tamquam
1228 1039 1376 1086 pedites

239 1095 382 1133 culmen
413 1096 556 1133 ordinis
1047 1096 1166 1133 sancti
1198 1096 1331 1142 reliqui

185 1152 300 1188 Novis
332 1157 476 1189 recreat
991 1152 1254 1190 Abstinentiae

237 1209 413 1245 mundum
444 1209 603 1255 gaudiis,
1047 1210 1180 1256 longae
1213 1209 1332 1247 dediti

180 1266 294 1312 Quem
327 1265 509 1302 exhilarat
990 1266 1075 1303 Non
1108 1265 1288 1303 deficiunt

242 1320 348 1358 festis
379 1322 522 1363 annuis.
1048 1322 1183 1360 castris
1214 1322 1380 1362 Domini.

110 1425 147 1461 2.
182 1423 231 1460 Hi
261 1422 428 1469 signiferi
919 1426 958 1463 4.
990 1425 1133 1471 Perpes
1164 1425 1284 1472 gloria

238 1487 323 1516 sunt
353 1480 546 1522 eeclesiae,
1047 1482 1127 1528 regi
1157 1481 1319 1530 perpeti,

185 1537 223 1573 ln
255 1536 439 1574 dominica
990 1538 1235 1575 Exercituum

240 1593 351 1630 duces
383 1593 475 1637 acie,
1047 1595 1198 1633 Christo
1230 1595 1408 1645 principi,

183 1650 268 1687 Post
300 1649 366 1686 hos
398 1655 604 1698 martyrum
991 1651 1095 1688 Patri
1125 1652 1272 1698 pariter

235 1706 316 1743 laus
346 1707 514 1744 militiae.
1047 1713 1083 1745 et
1114 1708 1277 1755 spiritui.

189 1808 308 1884 ’BBfoL
334 1806 376 1839 92
389 1809 418 1840 b.
451 1826 495 1829 —
529 1809 554 1840 C
580 1808 637 1840 fol.
662 1806 727 1840 207
739 1809 770 1841 b.
806 1826 847 1830 —
882 1807 918 1847 2,
954 1807 969 1841 1
996 1809 1067 1841 Alii
1093 1810 1249 1851 signiferi
1275 1811 1315 1842 B.
1344 1828 1382 1832 —
1408 1809 1449 1849 4,
1483 1809 1503 1843 5
1528 1811 1665 1856 quiter

109 1857 197 1893 patri
254 1876 261 1884 .

584 1999 662 2035 196.
699 1999 779 2042 (86.)
817 1999 862 2034 In
887 1999 922 2035 2.
951 1999 1172 2036 Nocturno.

112 2116 145 2152 1.
177 2115 405 2162 Apostolicis
921 2119 958 2157 3.
990 2116 1052 2154 Ad
1084 2116 1154 2154 hoc
1184 2118 1346 2154 omnium

220 2175 322 2208 recte
352 2172 527 2209 laudibus
1043 2174 1180 2220 linguis
1211 2175 1375 2221 praediti

178 2227 328 2264 Cunctis
355 2229 499 2266 intonat
988 2230 1038 2267 Et
1065 2230 1256 2268 miraculis

233 2284 390 2322 mundus
421 2285 603 2332 partibus,
1044 2291 1152 2325 erant
1181 2288 1386 2338 splendidi,

182 2340 254 2377 Per
283 2352 374 2388 quos
405 2342 547 2379 cunctis
579 2347 633 2380 est
986 2343 1112 2381 Verbo
1143 2345 1288 2391 pariter

232 2396 334 2434 Deus
365 2399 544 2446 cognitus.
1044 2405 1081 2438 et
1111 2411 1151 2437 re
1182 2402 1349 2443 maximi.

106 2499 142 2535 2.
175 2498 289 2546 Apud
322 2499 438 2536 Israel
916 2504 954 2541 4.
986 2503 1128 2550 Perpes
1160 2503 1278 2551 gloria

234 2559 359 2592 notum
390 2561 500 2594 antea
1043 2561 1121 2607 regi
1153 2561 1314 2611 perpeti,

180 2611 323 2649 Nomen
354 2612 518 2654 Domini,
986 2616 1230 2654 Exercituum

234 2679 330 2705 nunc
360 2669 409 2706 ad
440 2670 561 2707 omina
1046 2673 1195 2711 Christo
1226 2674 1403 2721 principi,

180 2725 251 2761 Per
280 2724 347 2762 hos
378 2727 520 2772 prodiit
987 2730 1092 2767 Patri
1124 2731 1268 2777 pariter

232 2782 360 2819 mundi
393 2783 555 2823 climata.
1043 2791 1079 2823 et
1109 2788 1274 2834 spiritui.

197 2882 225 2914 B
251 2881 307 2913 fol.
334 2879 377 2915 92
403 2883 433 2915 b.
460 2901 500 2906 —
527 2884 553 2917 C
579 2884 635 2916 fol.
661 2881 725 2916 207
751 2885 784 2917 b.
808 2904 853 2908 —
878 2883 908 2924 2,
939 2886 960 2920 5
985 2889 1140 2930 progigis
1167 2889 1203 2920 13.

204 2944 207 2947 .
1386 2944 1455 2979 13*
