2031 3289
981 182 1031 186 —
1092 158 1287 198 464—

442 270 585 302 Collect.
621 281 684 302 ms.
709 270 770 302 SS.
797 270 954 303 Udalrici
986 273 1020 300 et
1043 269 1146 301 Afrae
1172 271 1254 301 anni
1282 268 1379 302 1481.
1429 269 1513 302 Clm.
1538 271 1719 302 Monacen.
1742 268 1842 302 4423.
1868 288 1913 292 —

351 315 449 346 Nach
486 312 524 355 3,
562 313 582 347 6
618 326 661 347 zu
691 315 839 346 urteilen
873 314 1052 346 vielleicht
1083 315 1288 357 Einteilung
1318 326 1359 346 zu
1392 317 1505 347 einem
1535 316 1701 357 langeren
1731 315 1910 347 Gediehte.

352 361 419 392 Die
445 360 669 392 Autorschaft
703 360 762 391 des
798 360 1034 401 Hieronymus
1065 360 1177 402 ergibt
1201 359 1275 391 sich
1310 360 1401 391 wohl
1434 370 1497 392 aus
1529 360 1607 392 dem
1632 360 1816 402 Vergleich
1850 360 1911 392 des

351 405 476 437 Liedes
502 406 565 437 mit
589 406 649 437 Nr.
679 403 694 436 1
724 405 793 436 und
818 403 850 435 5.

839 597 921 634 448.
958 597 1015 639 (3.)
1050 599 1107 632 De
1133 597 1297 632 Nomine
1322 598 1427 633 Iesu.

368 706 403 742 1.
442 700 632 748 Increata,
664 707 774 749 patre
803 707 905 752 nata,
1184 706 1222 740 4.
1255 699 1320 740 Sic
1351 712 1409 738 me
1440 712 1529 739 vere
1558 703 1754 750 paenitere

497 760 595 803 Iesu,
628 759 827 807 sapientia,
1309 758 1398 795 Mea
1429 757 1490 794 fac
1521 757 1675 808 flagitia,

436 816 490 853 Te
521 816 743 853 laudantum
775 819 813 851 et
843 819 1034 852 amantum
1253 815 1304 852 Ut
1337 815 1466 852 evulsa
1497 819 1533 851 et
1565 816 1723 862 expulsa

498 872 632 910 Choris
666 882 725 908 me
755 872 914 919 associa,
1308 871 1437 907 Animi
1467 871 1624 908 tristitia

436 928 594 966 Sumens
628 939 748 974 pauca
779 928 869 964 licet
900 939 1014 964 rauca
1253 927 1340 964 Tibi
1371 928 1523 964 tandem
1552 927 1685 965 laudes
1715 931 1863 965 cantem

494 985 667 1023 Laudum
699 984 900 1022 sacrificia.
1310 984 1446 1022 Cordis
1478 994 1559 1021 cum
1591 984 1749 1023 laetitia.

367 1099 402 1136 2.
434 1093 544 1136 llaec
574 1097 728 1133 attende
763 1101 797 1132 et
831 1096 1026 1142 perpende
1183 1098 1220 1133 5.
1256 1091 1388 1133 Virtus
1419 1096 1553 1142 patris,
1588 1095 1703 1132 decus
1734 1097 1880 1145 matris,

493 1153 600 1191 Servi
634 1151 834 1199 famulitia,
1306 1152 1448 1189 Mentis
1479 1163 1551 1199 quo
1583 1152 1724 1190 duritia

435 1210 525 1255 Quis
556 1209 699 1246 honoro
732 1214 768 1245 et
799 1209 918 1246 adoro
1252 1209 1321 1246 Est
1351 1209 1474 1245 soluta
1504 1212 1541 1244 et
1570 1209 1700 1247 abluta

493 1267 574 1303 Tua,
605 1264 799 1315 beneficia,
1307 1265 1444 1302 Mundi
1475 1269 1561 1301 sunt
1592 1265 1719 1310 exitia,

435 1323 505 1362 Uti
538 1323 684 1369 dignus,
718 1333 793 1358 non
816 1322 991 1368 indignus
1253 1321 1366 1358 Haud
1381 1322 1697 1369 mespernas,sed
1710 1332 1910 1361 mecernas

490 1380 572 1416 Tua
601 1380 671 1415 sim
703 1379 932 1425 praesentia.
1308 1378 1498 1416 Consueta
1528 1378 1741 1416 clementia.

364 1495 402 1532 3.
434 1489 518 1542 Eia,
553 1492 714 1541 Christe,
749 1502 918 1538 gressum
951 1492 1053 1541 siste,
1181 1492 1220 1528 6.
1255 1487 1514 1537 supplicantis
1546 1494 1584 1527 et
1614 1490 1805 1529 laudantis

488 1549 719 1587 Auscultans
752 1559 835 1585 cum
867 1548 990 1595 gratia
1306 1547 1360 1583 Te
1390 1557 1460 1594 per
1490 1547 1583 1584 haec
1612 1548 1820 1595 sequentia,

433 1606 488 1643 Te
518 1609 717 1652 paventem
749 1610 786 1641 et
817 1603 998 1642 fatentem
1251 1602 1363 1640 Sume
1394 1608 1493 1651 vota,
1526 1614 1621 1650 quae
1654 1604 1791 1642 devota

491 1662 577 1699 Tibi
608 1673 675 1698 sua
707 1661 811 1706 vitia,
1307 1659 1431 1698 Offero
1462 1660 1642 1697 inst-antia

431 1720 534 1766 Quae
563 1718 735 1766 gregavit
766 1722 804 1754 et
834 1717 1002 1764 patravit
1249 1717 1300 1754 Et
1332 1716 1438 1753 finita
1468 1727 1527 1752 me
1555 1716 1626 1753 hac
1658 1716 1735 1754 vita

490 1776 565 1813 Sua
596 1775 643 1812 ab
670 1773 844 1813 infautia.
1306 1773 1387 1810 Tuo
1419 1773 1525 1809 vultu
1555 1773 1663 1811 satia.

439 1886 582 1919 Collect.
615 1897 677 1919 ms.
704 1886 949 1930 SS.n[Jdalriei
976 1889 1010 1917 et
1034 1886 1137 1917 Afrae
1163 1887 1245 1917 anni
1273 1883 1369 1917 1481.
1421 1885 1508 1917 Clm.
1533 1886 1714 1917 Monaceu.
1740 1882 1841 1917 4423.
1864 1902 1910 1909 ,-

346 1934 396 1964 Ist
421 1934 457 1964 in
482 1933 542 1964 der
560 1933 623 1964 Hs.
653 1931 742 1964 ohne
761 1932 989 1969 Ubersehrift,
1014 1931 1102 1972 folgt
1126 1932 1208 1963 aber
1232 1931 1458 1962 unmittelbar
1483 1931 1545 1962 auf
1557 1931 1617 1962 Nr.
1635 1928 1656 1962 2
1682 1930 1751 1962 und
1775 1929 1910 1963 scheint

346 1978 434 2009 nach
460 1977 490 2015 6,
518 1976 538 2009 2
562 1978 632 2030 fast
657 1979 722 2009 wie
747 1977 859 2009 dieses
877 1977 1084 2018 Einleitung
1109 1987 1152 2008 zu
1177 1978 1288 2009 einem
1314 1976 1466 2008 anderen
1486 1977 1653 2018 liingeren
1668 1975 1835 2008 Gedichve
1850 1985 1909 2018 ge-

346 2034 461 2055 wesen
487 2035 529 2055 zu
555 2033 642 2055 sein.

610 2217 691 2254 449.
727 2218 786 2261 (4.)
822 2218 1067 2253 Psalterium
1092 2216 1253 2252 Domini
1279 2217 1326 2252 N.
1352 2217 1441 2252 Iesu
1468 2215 1634 2253 Christi.

362 2324 400 2362 1.
432 2325 531 2371 Iesu,
565 2323 625 2369 da,
658 2323 759 2370 quod
792 2324 960 2360 canimus
1178 2324 1217 2361 2.
1249 2324 1347 2373 Iesu,
1380 2323 1443 2369 qui
1474 2332 1543 2368 per
1573 2332 1614 2358 os
1644 2321 1770 2360 David

489 2381 528 2417 in
561 2380 731 2428 psalmis,
763 2384 806 2416 ut
836 2390 1049 2427 sequamur,
1302 2379 1391 2416 olim
1423 2378 1613 2415 cecinisti:

432 2437 491 2474 Ne
522 2436 568 2473 ab
601 2436 811 2473 infidelium
1249 2435 1325 2473 Cur
1354 2439 1483 2482 gentes
1515 2433 1782 2473 fremuerunt?

490 2503 619 2529 errore
649 2493 885 2541 seducamur,
1303 2496 1341 2528 et
1371 2491 1478 2528 nobis
1509 2491 1731 2537 subvenisti,

432 2550 529 2587 Nam
561 2549 672 2596 primi
703 2560 770 2586 nos
802 2549 960 2586 materia
1247 2548 1365 2585 Tuam
1397 2558 1466 2594 per
1496 2547 1708 2594 passionem

490 2606 626 2653 psalmi
657 2605 712 2642 sic
742 2604 972 2652 informavit,
1304 2616 1327 2642 a
1356 2604 1512 2651 paganis
1543 2608 1579 2641 et
1610 2603 1718 2640 malis

432 2663 536 2709 Quae
565 2662 650 2699 aliis
681 2666 723 2699 ut
753 2662 948 2709 prologum
1247 2661 1474 2698 Hominibus
1504 2671 1570 2698 nos
1601 2660 1768 2698 liberans

489 2719 634 2756 Esdras
663 2719 718 2755 sic
748 2719 958 2765 adaptavit.
1304 2722 1460 2764 protege
1489 2717 1558 2754 sub
1589 2717 1674 2755 alis.

435 2832 520 2862 Dies
544 2831 752 2863 Psalterium
780 2831 824 2862 ist
850 2831 976 2862 bereits
1002 2830 1039 2860 in
1064 2829 1124 2861 der
1142 2829 1346 2870 Sammlung
1370 2828 1431 2860 der
1449 2828 1680 2870 Reimpsalter
1709 2825 1903 2869 mitgeteilt-

344 2877 420 2919 Vgl.
447 2876 547 2907 Anal.
574 2877 715 2916 XXXV,
742 2874 785 2908 64
802 2875 834 2907 ff.
882 2875 1052 2907 Erwiihnt
1075 2885 1143 2906 von
1169 2875 1307 2907 Staufer
1332 2875 1354 2906 1.
1379 2884 1406 2905 c.
1433 2877 1534 2905 unter
1558 2873 1618 2905 Nr.
1647 2871 1697 2905 14.
