2031 3289
902 233 957 238 —
1015 210 1096 250 462
1158 232 1208 238 -

276 329 425 364 luctum,
450 336 521 358 non
548 324 591 356 ad
615 324 762 355 fructum
789 323 837 354 N:
873 323 940 355 sed
965 323 1008 354 ad
1032 323 1179 355 fructum
1206 333 1259 354 nie
1283 324 1450 355 virtutum
1476 323 1516 355 O.
1542 338 1583 345 --
1612 321 1669 362 19,
1694 321 1716 354 4
1740 323 1836 355 Doce

279 373 324 412 F,
351 373 463 404 Doces
489 381 552 402 nos
577 368 763 400 ascendere
781 368 827 407 Β,
853 367 989 410 Cogunt
1014 378 1149 409 semper
1172 368 1312 400 tendere
1329 368 1371 399 N.
1394 385 1436 389 —-
1453 365 1507 408 20,
1533 365 1554 400 3
1570 365 1616 399 Et
1633 369 1681 399 sis
1698 367 1836 400 AKLO.

279 435 322 440 —
347 415 401 455 20,
426 415 448 448 4
465 424 648 458 perrexero
666 414 712 453 L3
738 414 914 455 processio
932 413 976 452 F;
1002 413 1155 445 Iudicem
1175 423 1375 454 processero
1392 414 1431 445 B.
1451 430 1491 435 —
1509 411 1562 451 21,
1591 412 1607 444 1
1627 412 1836 445 Confidendo

279 473 334 494 me
359 462 401 493 N.
427 477 470 482 —
495 458 549 498 21,
574 458 596 490 4
620 459 676 490 Me
702 458 818 489 tradat
841 458 880 489 Β.
910 475 949 479 --
974 455 1028 494 23,
1054 455 1074 488 2
1099 458 1178 490 Mea
1204 458 1315 489 solum
1337 458 1385 497 L3
1410 462 1543 490 tantum
1566 459 1713 489 crimina
1730 459 1770 489 B.
1794 475 1839 478 —

279 505 334 546 23,
364 504 385 538 3
409 507 455 538 Ni
482 505 656 537 audissem
681 504 727 541 A3
762 503 835 534 Nec
860 503 1044 537 audissem,
1070 513 1132 534 nec
1157 504 1341 534 sensissem
1371 504 1424 542 M,
1458 507 1491 535 et
1516 504 1701 534 sensissem
1726 503 1770 534 K.
1795 519 1839 523 —
1858 521 1870 534 κ

279 549 332 590 23,
358 550 378 583 4
404 551 454 583 Te
480 550 672 582 salvantem
698 549 740 579 N.
766 565 808 569 -
833 545 888 586 24,
916 546 931 578 1
960 548 1058 580 Caeli
1084 548 1188 579 valva
1214 548 1255 579 N.
1280 564 1324 569 -
1348 545 1401 586 24,
1428 546 1448 579 2
1474 558 1526 579 me
1550 549 1712 579 miserum
1730 548 1770 580 Ο.
1799 564 1838 570 -

279 595 341 635 24,
365 596 387 628 4
410 596 521 627 Moles
547 602 673 636 magna
697 593 772 630 ΒΡ,
809 593 990 624 criminum
1015 593 1086 625 ΒΟ.
1111 610 1154 614 --
1179 590 1240 631 25,
1268 591 1282 623 l
1310 592 1338 624 A
1363 593 1543 634 culparum
1568 593 1624 624 vel
1650 602 1838 634 poenarum

281 640 558 679 ABFGKLMO,
596 639 625 670 O
661 639 763 670 beata
799 648 868 669 non
905 641 983 679 post
1018 637 1090 669 fata
1122 639 1164 669 N.
1198 655 1241 659 —
1273 635 1334 675 25,
1372 635 1394 669 2
1428 638 1485 669 Me
1522 637 1620 669 salva
1650 638 1839 679 propositis

282 687 424 724 ABLM;
458 685 564 717 Salva
595 694 649 715 me
684 684 874 725 propositis
899 683 978 721 GO,
1012 683 1067 714 Me
1099 685 1194 714 sinas
1229 693 1305 714 cum
1332 683 1476 724 perditis
1502 683 1544 714 N.
1576 699 1620 704 —
1644 681 1705 721 25,
1737 680 1759 714 3
1783 683 1839 715 Me

281 735 478 774 poscentem
506 733 539 761 et
563 729 603 760 O.
627 746 672 751 —
697 728 794 760 Nach
820 728 889 759 Str.
916 725 959 759 26
987 728 1120 759 schiebt
1145 728 1180 759 M
1209 729 1282 759 ein:

824 819 896 849 Nos
922 818 1064 849 divinae
1089 817 1294 857 medicinae,

876 864 982 904 Virgo
1009 864 1084 894 sine
1110 863 1256 901 macula,

834 908 965 939 Munda
990 918 1066 939 reos
1092 911 1125 939 et
1150 908 1204 939 fac
1228 918 1298 945 eos,

878 955 1036 995 Regnare
1061 963 1121 994 per
1146 953 1296 984 saecula.

283 1045 344 1086 27,
383 1046 398 1078 1
434 1057 535 1088 quem
570 1047 671 1078 amisi
697 1046 740 1077 N.
765 1064 807 1068 -
833 1042 895 1083 27,
927 1041 948 1075 2
971 1045 1091 1076 Morsu
1115 1044 1224 1085 patris
1252 1044 1382 1075 aditum
1409 1044 1451 1074 N.
1476 1061 1520 1065 —
1545 1040 1606 1080 27,
1639 1040 1660 1074 3
1684 1051 1773 1084 quae
1799 1042 1842 1074 ob

283 1093 337 1131 M3
374 1092 461 1123 Mihi
488 1091 600 1133 pande
625 1090 718 1132 quod
743 1101 803 1132 per
827 1089 957 1131 grande
982 1090 1024 1120 N.
1051 1106 1091 1110 —-
1118 1086 1178 1125 23,
1204 1086 1225 1119 2
1250 1098 1359 1120 meam
1386 1087 1471 1120 fehlt
1495 1088 1533 1119 B.
1559 1105 1603 1108 —
1627 1085 1681 1125 29,
1714 1085 1729 1118 l
1756 1087 1843 1129 Regi

285 1137 324 1169 Ο.
350 1154 394 1158 -
417 1134 480 1176 30,
510 1135 524 1167 1
551 1138 643 1168 viam
669 1145 754 1177 para
779 1135 1066 1167 BFGHIKLNO.
1092 1151 1134 1155 —
1162 1132 1215 1166 30.
1241 1131 1262 1165 2
1286 1134 1395 1165 Nobis
1422 1133 1465 1164 ad
1490 1131 1774 1165 BFGHIKLNO.
1801 1148 1843 1153 —-

285 1179 346 1220 31,
381 1180 401 1212 2
425 1182 547 1214 Ventri
572 1185 631 1212 tuo
658 1182 708 1220 H3
743 1181 818 1212 Tuo
844 1181 963 1212 venire
987 1179 1100 1210 voluit
1127 1181 1163 1210 B.
1189 1196 1232 1200 —
1257 1176 1318 1216 31,
1347 1176 1368 1209 2
1395 1178 1470 1209 Tuo
1496 1178 1576 1209 alvo
1602 1178 1642 1209 O.
1667 1195 1712 1198 —
1735 1174 1797 1212 31,
1822 1174 1844 1209 3

285 1227 334 1259 Te
358 1237 474 1259 amare
500 1226 658 1258 DFHIO.
684 1243 728 1247 —
752 1223 806 1263 31,
831 1223 853 1256 4
877 1224 969 1267 quod
994 1225 1106 1256 voluit
1124 1225 1165 1255 K.
1192 1241 1234 1245 —
1253 1224 1320 1256 Str.
1346 1221 1391 1255 32
1416 1223 1501 1255 fehlt
1519 1224 1565 1254 L:
1591 1223 1663 1254 Vor
1689 1223 1756 1254 Str.
1783 1219 1841 1254 32:

285 1273 373 1315 Regi
406 1282 530 1314 magno
567 1272 642 1303 laus
676 1274 709 1302 et
735 1281 824 1313 agno
851 1274 914 1302 etc.
940 1271 989 1309 K,
1025 1270 1116 1302 statt
1142 1269 1210 1301 Str.
1235 1267 1294 1300 32:
1329 1270 1415 1311 Regi
1443 1278 1568 1310 magno
1593 1267 1670 1299 laus
1696 1271 1729 1299 et
1754 1277 1843 1309 agno

287 1321 350 1349 etc.
376 1318 477 1357 DIN3
505 1320 589 1348 statt
613 1316 681 1348 Str.
707 1314 750 1348 32
776 1318 812 1347 in
837 1316 882 1347 M.

784 1400 883 1440 Quod
909 1403 1069 1441 optamus
1095 1403 1128 1431 et
1152 1409 1325 1440 rogamus,

830 1446 946 1477 Donet
972 1445 1084 1476 almus
1110 1445 1265 1486 spiritus,

787 1491 854 1530 Qui
880 1494 912 1522 te
938 1491 1036 1523 lavit.
1061 1491 1122 1532 qui
1147 1490 1304 1527 vallavit,

831 1536 898 1575 Qui
925 1537 1077 1567 sacravit
1102 1535 1259 1566 caelitus.

377 1619 620 1662 Rhythmus
645 1620 740 1651 VIII.
767 1637 811 1640 —
838 1617 865 1656 1,
891 1616 911 1650 3
936 1619 1077 1651 deducis
1097 1620 1132 1650 Β.
1157 1636 1201 1640 ——
1229 1616 1260 1655 2,
1286 1617 1307 1649 3
1324 1619 1485 1650 Meruisti
1510 1628 1586 1649 esse
1612 1622 1722 1650 mater
1739 1618 1778 1650 B.
1804 1635 1848 1638 —

287 1665 326 1704 2,
351 1664 373 1697 4
398 1666 463 1697 Dei
489 1664 618 1697 Christi
645 1663 707 1695 filii
734 1665 772 1696 B.
798 1681 840 1685 —
864 1662 903 1702 3,
929 1662 950 1696 3
975 1664 1123 1696 Gestans
1150 1665 1196 1695 N:
1232 1664 1432 1705 perductum
1459 1664 1494 1694 F.
1522 1680 1563 1684 —
1588 1661 1619 1699 4,
1643 1661 1665 1694 3
1690 1663 1770 1694 Huc
1797 1664 1848 1694 in-

287 1711 390 1743 tende
417 1710 586 1742 BFGHK.
619 1726 662 1731 -—
696 1709 735 1747 5,
773 1707 786 1741 1
815 1710 924 1741 Multe
956 1709 995 1741 O.
1023 1729 1063 1732 —
1090 1708 1125 1744 5.
1157 1708 1178 1740 4
1203 1709 1252 1740 Te
1277 1709 1386 1740 ditam
1411 1709 1526 1748 gratia
1552 1709 1594 1739 B:
1631 1709 1680 1740 Te
1705 1707 1852 1739 ditatam

287 1757 328 1789 G.
360 1773 403 1777 —
437 1754 476 1792 6,
509 1753 530 1787 3
556 1756 608 1787 De
641 1756 822 1797 scripturis
850 1756 892 1789 B:
918 1755 991 1786 Nec
1023 1754 1144 1795 figuris
1176 1764 1237 1785 nec
1271 1755 1450 1795 scripturis
1476 1754 1503 1784 Ι.
1530 1772 1571 1776 -
1597 1751 1636 1791 6,
1667 1752 1689 1784 4
1714 1752 1851 1784 Laudes

289 1805 366 1833 tuas
392 1802 436 1833 H.
469 1819 512 1822 —
546 1798 584 1837 7,
622 1799 636 1831 1
672 1809 722 1841 sq.
755 1800 824 1831 und
850 1798 888 1837 7,
921 1798 942 1832 3
967 1810 1016 1839 sq.
1042 1799 1239 1841 umgestellt
1264 1799 1359 1830 DIN.
1388 1815 1428 1820 -—
1456 1797 1491 1835 7,
1526 1796 1546 1830 3
1572 1799 1663 1830 Dum
1688 1798 1783 1830 DIK.
1808 1816 1854 1821 —

288 1844 320 1885 8,
350 1845 365 1877 1
393 1847 508 1878 Causa
535 1856 617 1876 sane
643 1845 682 1878 O.
708 1864 751 1867 —
777 1843 808 1882 8,
833 1842 854 1876 3
871 1845 937 1876 Τυί
963 1855 1070 1876 causa
1088 1845 1200 1882 ABH;
1228 1845 1336 1877 Cuius
1355 1844 1470 1876 Causa
1488 1844 1565 1876 Mo.
1591 1861 1634 1866 —
1659 1841 1690 1883 8,
1715 1842 1736 1875 4
1756 1843 1852 1876 Caeli

290 1894 385 1934 patet
406 1891 512 1923 BGM.
539 1908 582 1911 —
609 1888 660 1928 11,
686 1888 706 1921 2
724 1891 824 1923 Geris
847 1890 951 1922 BGM.
978 1908 1022 1911 —
1049 1889 1099 1928 11,
1126 1887 1147 1921 3
1172 1889 1294 1921 choros
1313 1889 1460 1930 FGHK;
1489 1890 1584 1921 Casti
1610 1890 1702 1930 regis
1727 1887 1852 1920 choros

288 1938 403 1979 gregis
429 1937 475 1973 Β·,
510 1936 605 1968 Casti
639 1937 730 1978 regis
765 1935 906 1967 chorum
940 1937 1056 1977 gregis
1082 1936 1120 1966 0.
1155 1953 1199 1956 -
1238 1932 1296 1972 12,
1331 1932 1352 1965 2
1377 1933 1549 1975 Spei-nens
1575 1935 1625 1965 tui
1653 1934 1752 1974 D1N;
1786 1933 1852 1964 Tui

291 1983 425 2024 spernis
451 1981 522 2012 BG.
548 1999 590 2003 ——
618 1979 668 2019 12,
695 1980 716 2012 4
741 1980 912 2013 Cohibere
936 1981 1053 2019 BGM3
1081 1980 1282 2012 Cohibendo
1300 1981 1378 2011 HK.
1404 1996 1448 2000 —
1477 1978 1525 2015 15,
1552 1977 1572 2010 2
1590 1979 1728 2011 Prolem
1754 1988 1852 2010 suum

292 2029 332 2065 Β,
371 2028 477 2059 Suam
513 2026 642 2067 prolem
669 2027 734 2067 1K3
771 2026 922 2067 prodidit
947 2026 988 2057 E.
1022 2043 1064 2047 —m
1100 2023 1157 2062 15,
1189 2023 1210 2057 3
1235 2026 1362 2057 renites
1389 2024 1582 2057 BDGILM.
1607 2041 1650 2045 —
1678 2023 1729 2063 15,
1755 2021 1776 2055 3
1800 2024 1850 2065 sq'.

293 2073 412 2104 lauten
446 2073 481 2102 in
515 2071 564 2102 N:
603 2070 706 2103 Fides
739 2075 798 2103 tua
831 2071 995 2102 mundum
1029 2081 1091 2102 sua
1113 2070 1117 2110 Ἰ
1139 2070 1307 2102 Mundum
1339 2069 1440 2111 culpa
1477 2069 1636 2101 reddidit.
1669 2086 1713 2090 --
1747 2067 1799 2108 15,
1831 2066 1853 2100 4

291 2119 407 2149 Vitam
438 2116 540 2148 nobis
566 2116 674 2148 FHK.
705 2133 749 2137 -—
777 2114 835 2154 16,
865 2115 880 2147 1
908 2127 957 2156 sq.
982 2116 1101 2147 lanten
1128 2118 1163 2147 in
1188 2117 1236 2147 N:
1266 2115 1376 2157 Super
1401 2125 1522 2146 aurum
1548 2119 1581 2145 te
1607 2115 1806 2146 thesaurum
1828 2121 1832 2153 J

291 2164 467 2196 Sentimus
506 2160 764 2193 charismatum.
793 2179 832 2183 —
861 2160 917 2199 17,
954 2160 968 2192 1
998 2161 1193 2193 redundans
1219 2166 1251 2192 et
1277 2160 1456 2192 abundans
1481 2160 1520 2191 L.
1546 2176 1591 2181 --
1617 2158 1673 2199 17,
1705 2158 1726 2191 3
1752 2159 1852 2191 Hunc

292 2210 340 2247 K,
376 2208 468 2238 Hinc
501 2207 560 2248 qui
595 2216 664 2238 non
697 2207 857 2248 peribunt
890 2207 1012 2237 bibunt
1037 2207 1076 2238 A.
1110 2224 1151 2228 —
1187 2205 1243 2245 17,
1274 2204 1295 2236 4
1320 2206 1372 2237 De
1410 2209 1500 2236 terra
1525 2205 1717 2236 viventium
1743 2204 1783 2236 O.
1808 2221 1852 2225 —

296 2251 346 2290 18,
373 2250 393 2284 3
410 2253 490 2284 Non
514 2251 698 2283 conclusus
724 2252 783 2283 sed
809 2252 972 2283 confu<11s
995 2250 1124 2293 (spater
1149 2251 1240 2283 korr.
1259 2252 1294 2282 in
1312 2250 1483 2292 perfusus!
1500 2250 1544 2281 B:
1573 2251 1648 2281 Non
1667 2249 1851 2281 conclusus

291 2298 350 2329 sed
376 2297 559 2328 conclusus
587 2297 623 2327 L.
648 2316 691 2320 —
720 2295 777 2335 19,
811 2295 826 2328 1
854 2297 1059 2338 Exquisitas
1085 2298 1292 2339 margaritas
1318 2296 1357 2326 Ο.
1384 2312 1425 2316 —-
1455 2293 1511 2331 19,
1548 2292 1568 2325 2
1593 2299 1717 2326 ornant
1742 2295 1783 2326 K.
1809 2309 1853 2316 ——

294 2341 344 2380 19,
370 2341 392 2373 4
409 2343 523 2373 Maior
548 2345 660 2373 exstat
678 2342 911 2379 BDGHIKL;
937 2342 1050 2384 gloria
1068 2342 1106 2374 B.
1134 2359 1175 2363 —
1199 2340 1252 2373 20.
1282 2340 1294 2372 l
1325 2342 1410 2372 mire
1435 2340 1592 2372 redimire
1614 2340 1655 2371 N.
1681 2357 1724 2361 —
1750 2336 1804 2377 20,
1829 2336 1851 2371 3

292 2388 375 2420 Plus
402 2396 504 2428 quam
529 2390 629 2428 grata
654 2387 702 2427 O3
729 2391 868 2419 versant
894 2388 930 2419 F.
958 2405 996 2408 —
1025 2386 1091 2418 Str.
1118 2385 1160 2418 20
1186 2387 1253 2417 und
1280 2384 1320 2417 ‘21
1348 2385 1461 2417 fehlen
1482 2386 1507 2416 1.
1533 2402 1576 2406 —
1601 2382 1652 2421 21,
1679 2382 1700 2416 3
1718 2385 1851 2416 Montes

292 2436 428 2464 nostras
461 2435 499 2463 tu
531 2431 682 2463 delectas
706 2433 746 2464 O.
783 2449 827 2453 —
859 2430 918 2469 22,
950 2430 970 2462 2
995 2432 1193 2473 praeferunt
1219 2431 1480 2463 DFGHIKLM.
1513 2449 1539 2452 —
1577 2427 1639 2461 22.
1673 2428 1694 2459 3
1720 2429 1851 2460 mades-

292 2481 374 2509 cunt
398 2478 438 2508 L.
465 2493 507 2497 —
534 2475 594 2513 23,
623 2475 637 2508 1
666 2477 757 2519 quod
783 2477 860 2519 plus
887 2478 1003 2518 13HK3
1039 2488 1106 2518 quo
1133 2478 1209 2519 plus
1235 2478 1352 2509 LMO:
1383 2485 1484 2516 quam
1511 2475 1589 2515 plus
1618 2475 1655 2506 N.
1683 2491 1725 2496 —-
1751 2472 1803 2510 23,
1830 2471 1852 2504 3

293 2524 369 2555 Non
397 2523 577 2554 marcescit
606 2523 781 2560 BHFNO,
816 2523 893 2554 Non
920 2523 1095 2561 madescit,
1122 2532 1191 2553 non
1217 2522 1383 2553 decrescit
1408 2522 1456 2553 L:
1490 2531 1552 2552 nec
1578 2520 1732 2552 durescit
1754 2517 1852 2558 (iiber

293 2568 417 2606 Rasur)
451 2568 492 2599 K.
533 2584 566 2588 -
605 2565 666 2605 24,
699 2564 720 2599 3
755 2568 840 2599 Cum
874 2569 950 2608 1·'L;
984 2568 1160 2610 flagrascit
1193 2567 1238 2604 Β,
1273 2567 1357 2598 iiber
1388 2566 1501 2597 Rasur
1526 2566 1574 2597 K:
1608 2565 1780 2607 flagrescIt
1805 2563 1850 2601 Α,

292 2613 473 2654 fragrascit
492 2613 598 2651 ῙΚΜ;
625 2616 772 2644 mentem
792 2613 864 2644 ΓΗ.
892 2630 932 2633 -—-
960 2611 1012 2652 25,
1043 2611 1057 2643 l
1084 2613 1166 2644 elati
1192 2623 1282 2643 nunc
1310 2613 1470 2653 prostrati
1489 2611 1528 2642 A.
1555 2627 1598 2632 —
1623 2608 1676 2641 25.
1704 2607 1724 2640 2
1748 2609 1850 2641 doces

294 2658 402 2689 BHK.
438 2674 478 2678 ——
512 2655 573 2696 26,
607 2656 628 2689 3
652 2662 749 2699 patr(¹
775 2658 850 2689 sine
876 2662 984 2689 matre
1011 2659 1047 2689 B.
1074 2675 1117 2679 —
1141 2655 1201 2690 26.
1233 2655 1254 2689 3
1279 2658 1345 2696 Qui
1371 2655 1412 2687 dc
1439 2662 1547 2687 matre
1573 2656 1618 2689 L:
1656 2659 1752 2696 patre
1777 2655 1850 2686 sine

293 2708 401 2734 matre
426 2703 472 2741 Β,
504 2704 571 2742 Qui
605 2706 638 2735 te
664 2707 760 2744 patre
786 2704 860 2735 sine
885 2704 926 2735 G.
960 2720 1002 2724 —
1038 2701 1098 2740 27,
1131 2700 1151 2733 2
1179 2702 1311 2734 Laudes
1337 2706 1414 2733 tuas
1439 2702 1480 2735 G.
1507 2719 1547 2723 —
1575 2699 1634 2737 27.
1668 2698 1689 2732 3
1716 2700 1851 2741 Lingua

294 2753 405 2779 mente
439 2749 505 2779 iam
540 2749 692 2779 intentae
719 2748 796 2785 LO,
831 2749 898 2779 iam
933 2747 1016 2780 fehlt
1052 2750 1150 2779 indes
1175 2747 1219 2785 Ο,
1258 2749 1377 2789 Longe
1402 2750 1541 2787 gentes,
1575 2744 1735 2777 Korrekt.
1762 2753 1849 2775 saec.

298 2791 346 2824 15.
373 2794 411 2824 Β.
448 2810 479 2813 -
521 2791 580 2830 27,
612 2791 633 2824 4
658 2793 737 2825 Tibi
773 2797 862 2825 recte
888 2795 926 2825 L.
954 2811 992 2815 -
1021 2790 1087 2825 Str.
1113 2790 1156 2825 28
1189 2793 1273 2825 fehlt
1298 2793 1324 2824 1.
1352 2809 1392 2813 —
1416 2789 1476 2827 29,
1514 2790 1528 2822 1
1556 2791 1596 2822 In
1621 2791 1778 2821 decoram
1803 2788 1850 2829 l·';

294 2841 327 2869 ct
352 2848 509 2869 auroram
530 2839 597 2869 ΗΟ.
624 2855 667 2859 -
691 2836 744 2873 29,
770 2836 791 2869 2
812 2836 973 2871 Universi
993 2839 1141 2871 ALMN:
1169 2839 1345 2880 proferunt
1365 2837 1400 2868 F.
1425 2853 1457 2858 —
1481 2833 1534 2872 30,
1561 2834 1575 2867 1
1599 2836 1694 2867 Neue
1712 2833 1850 2866 Initiale

296 2882 508 2924 vor-gesehen
537 2884 582 2921 13;
608 2887 676 2914 tam
703 2884 847 2915 suinista
866 2884 906 2915 O.
933 2901 976 2904 —
990 2882 1043 2917 30,
1069 2883 1090 2915 2
1107 2889 1139 2915 et
1157 2883 1295 2915 coronis
1313 2882 1352 2912 Ο.
1372 2900 1413 2905 -
1433 2881 1499 2913 Str.
1517 2878 1561 2913 30
1586 2880 1653 2912 und
1672 2877 1712 2911 31
1733 2879 1850 2910 lauten

295 2929 328 2958 in
357 2928 402 2958 N:

1963 466 1980 482 f

1964 504 1986 521 ,1

1952 542 1981 637 ἐν,

1963 640 1978 663 ρ
