2031 3289
870 210 926 214 —
984 187 1066 226 550
1123 209 1179 212 —

244 306 289 344 133
315 303 440 346 perflas
457 303 499 334 E.
526 319 567 324 -
593 300 653 338 21),
679 299 700 332 3
718 301 829 342 Super
854 301 934 341 igne
952 299 991 330 B.
1009 316 1053 320 —
1070 296 1131 335 3a,
1161 296 1174 328 1
1196 297 1299 328 arbor
1316 297 1389 328 Noe
1408 298 1447 328 B.
1465 313 1507 317 —
1528 295 1590 334 4b,
1619 293 1635 326 1
1655 298 1706 327 est
1721 294 1807 326 fehlt

244 350 281 382 C.
305 365 350 370 -
375 346 437 386 4b,
462 346 483 380 3
500 348 615 389 Nequi
632 348 679 385 Β,
705 346 836 387 Nequis
855 344 956 381 tradi,
982 343 1079 375 nicht
1095 342 1190 374 tendi
1206 342 1398 381 (Zarncke),
1424 342 1586 373 fluctibus
1602 341 1644 372 E.
1663 358 1704 362 —-
1722 338 1772 371 5a
1791 337 1807 371 1

243 394 340 426 Haec
358 396 392 425 et
410 392 509 424 Sauli
526 393 568 424 E.
587 408 630 413 -—
656 390 715 428 5a,
741 388 762 422 3
779 392 915 431 periens
933 390 1007 420 AD.
1025 405 1070 409 —
1086 386 1146 425 61),
1171 386 1186 418 1
1207 390 1348 419 accusat
1363 387 1448 418 fehlt
1467 388 1503 418 Β.
1523 404 1568 408 ——
1585 385 1646 424 61),
1672 383 1694 416 2
1709 385 1809 417 Nunc

243 439 365 470 videns
400 442 452 469 est
477 438 550 469 BD.
586 454 629 457 —
662 434 723 474 (ib,
756 433 777 467 3
802 435 948 466 Fraudis
981 443 1064 465 suae
1090 434 1129 464 A.
1157 449 1196 454 —-
1226 431 1289 469 7a,
1314 429 1335 463 3
1361 431 1505 463 Servato
1531 431 1603 463 ΑΕ.
1630 435 1673 453 -’
1698 428 1759 467 71),
1788 428 1804 462 1

244 495 353 515 uoxor
381 484 428 516 D:
462 483 550 514 haec
582 481 668 513 fehlt
692 481 734 512 A.
758 498 802 502 —
827 477 888 517 Sa,
922 477 942 510 2
966 479 1040 510 Ioel
1066 477 1107 518 Ο,
1133 477 1265 510 Rachel
1289 477 1331 508 Ε.
1357 495 1398 498 -
1424 474 1484 513 Sa,
1511 474 1532 508 3
1559 477 1608 508 Te
1633 476 1809 518 fugantem

243 530 322 563 CD:
354 528 528 569 fugentem
554 528 598 565 Β,
634 527 757 558 Cisara
782 525 859 565 CE3
896 525 1054 556 Cisaram
1079 524 1128 563 Α,
1165 522 1288 554 Cisura
1313 523 1354 554 D.
1385 539 1430 543 —
1453 520 1517 561 81),
1542 519 1564 553 3
1588 521 1676 553 forto
1702 521 1739 552 C.
1766 536 1809 542 —-

242 572 301 613 921,
327 572 349 605 3
375 574 450 612 Qua
477 573 513 604 C.
540 591 583 595 —
607 569 672 610 9b‚
701 569 717 602 1
745 571 843 603 Sicut
866 579 996 601 manna
1020 569 1149 601 Gomor
1167 569 1212 605 Β,
1236 569 1366 609 Magna
1390 568 1519 599 Gomor
1546 568 1587 598 D.
1615 583 1656 587 —
1683 563 1765 603 lOa,
1791 562 1807 596 1

243 630 284 651 ex
309 619 423 651 Elena
447 619 491 649 D.
516 636 559 640 —-
587 615 667 654 loa,
695 614 716 648 3
743 617 829 657 Spes
856 614 972 647 Saiilis
997 613 1083 645 fehlt
1106 614 1160 650 D‚·
1187 614 1273 653 Spes
1300 617 1352 645 est
1376 612 1493 644 Saulis
1512 612 1562 652 E3
1588 612 1656 653 Spe
1681 610 1807 642 salutis

242 664 398 706 orphana
424 665 461 695 Β.
489 680 529 684 —-
551 660 635 700 lla,
661 659 683 692 2
699 661 877 693 Austrinis
898 660 940 692 E.
958 677 1002 680 —
1023 657 1103 698 lla,
1130 656 1151 689 3
1169 658 1307 691 radiens
1324 658 1373 698 Ε,
1393 675 1436 680 —
1453 658 1653 698 Astupeseit
1669 656 1807 688 rediens

241 711 280 740 A.
307 727 350 730 —-
379 706 458 745 111),
489 707 504 739 1
531 718 580 749 sq.
606 707 722 738 fehlen
747 707 790 738 D.
815 725 858 728 —
887 703 970 744 12b,
999 702 1015 735 1
1043 704 1090 736 Et
1114 704 1221 746 palim
1248 704 1285 736 C.
1314 721 1351 724 —
1383 701 1462 741 133,
1498 701 1512 734 l
1539 701 1631 742 Quid
1655 703 1692 733 in
1716 702 1807 733 circo

240 755 282 786 E.
309 773 350 777 -—
379 751 420 785 13
432 764 467 789 a,
500 751 521 784 2
546 752 638 793 Quid
663 762 705 783 ex
730 752 821 782 circo
847 750 888 782 E.
916 769 956 772 —
983 749 1194 791 Zeilenfolge
1220 750 1255 779 in
1281 748 1348 780 Str.
1376 747 1434 779 15:
1471 746 1507 785 1,
1532 745 1571 787 2,
1597 745 1635 785 4,
1662 745 1700 785 6,
1727 745 1757 783 5,
1786 742 1808 777 3

241 801 283 831 D.
303 817 346 821 —
372 799 559 840 „Sequitur
576 797 757 838 rhythmus
774 797 898 828 tertius
916 796 960 826 Io
972 795 992 826 h
1004 805 1055 826 an
1066 796 1136 826 nis
1152 795 1179 825 A
1191 805 1213 825 n
1225 794 1285 835 gli
1298 795 1335 825 ci
1352 793 1582 825 diversimode
1599 787 1806 824 coloratus.“

243 845 317 876 BD.
343 861 386 866 —
411 843 567 875 Zarncke
593 853 624 874 a.
650 853 681 874 a.
707 843 747 874 Ο.
773 842 807 874 S.
834 839 877 873 70
902 849 954 882 sq.

660 996 742 1032 376.
779 996 836 1038 (5.)
873 996 931 1030 De
957 995 1099 1031 sancta
1123 994 1368 1030 Katharina.

268 1094 339 1131 1a.

267 1309 342 1346 2a.

379 1093 467 1130 Vita
497 1091 606 1129 nobis
637 1089 879 1136 exemplaris,

382 1149 472 1186 Vita
502 1152 582 1186 tota
609 1147 785 1184 militaris

437 1204 675 1243 Katharinae
707 1202 846 1241 floruit.

385 1307 476 1344 Flos
507 1310 565 1343 est
596 1305 667 1343 soli
698 1298 879 1351 Pelopaei

382 1362 611 1410 Katharina,
644 1372 784 1409 sponsa
815 1360 900 1408 Dei,

437 1419 541 1457 Costi
574 1419 674 1467 regis
705 1417 795 1468 filia,

1093 1089 1163 1128 lb.
1210 1088 1338 1135 Virgo,
1371 1098 1516 1134 gemma
1546 1086 1754 1134 virginalis,

1211 1145 1354 1182 Norma
1383 1145 1484 1181 vitae
1515 1142 1770 1190 triumphalis,

1268 1201 1347 1238 Nos
1378 1210 1547 1248 pugnare
1579 1199 1716 1237 docuit.

1092 1306 1113 1342 2
1127 1303 1163 1341 b.
1209 1303 1299 1340 Flos
1315 1303 1354 1339 in
1370 1301 1504 1338 bruma
1519 1301 1605 1349 plus
1621 1299 1804 1346 vernavit,

1215 1359 1407 1396 Idolatras
1439 1358 1526 1395 dum
1548 1356 1723 1404 perflavit

1271 1415 1481 1462 Congelans
1512 1414 1669 1452 malitia.

268 1524 337 1561 32.
380 1521 519 1558 Nescit
548 1520 758 1568 pudicitiae
1090 1518 1164 1556 31).
1212 1517 1343 1554 Nescit
1374 1515 1635 1553 immunditiae

437 1577 611 1624 Sigillum
643 1574 896 1622 confringere,
1271 1572 1547 1610 Blandimentis
1579 1571 1726 1610 cedere.

265 1682 338 1717 4a.
382 1680 426 1717 In
458 1678 560 1715 tristi
589 1677 748 1724 laetitia,
1091 1675 1164 1714 4b,
1214 1674 1290 1712 Sed
1324 1675 1433 1712 dulce
1463 1671 1712 1722 naufragium,

378 1735 512 1773 Amica
538 1734 697 1772 saevitia
1211 1731 1401 1768 Mellitum
1432 1729 1675 1777 absynthium

436 1790 640 1829 Iucundari
671 1789 840 1838 negligit,
1267 1787 1528 1834 Dedignanter
1558 1785 1687 1833 abigit.

267 1896 335 1933 5a.
381 1893 477 1930 Nam
516 1896 558 1929 ut
599 1890 671 1928 fuit
706 1892 819 1929 morti
849 1902 987 1939 parens
1089 1889 1163 1927 51).
1209 1889 1307 1926 Dum
1336 1889 1373 1925 in
1395 1888 1516 1935 patris
1537 1887 1647 1924 tectis
1668 1889 1803 1935 manet,

382 1949 548 1996 Virginis
578 1953 737 1995 uterque
769 1958 919 1995 parens,
1212 1947 1255 1983 In
1286 1950 1449 1993 tyranno
1479 1944 1613 1981 bruma
1644 1947 1766 1990 canet,

437 2005 542 2045 Caeli
574 2005 694 2042 crevit
724 2004 865 2054 pluvia,
1267 2002 1394 2049 Surgit
1423 2000 1492 2038 flos
1522 2000 1728 2038 audacia?

267 2110 337 2146 6a.
379 2108 470 2146 Flos
512 2107 686 2154 pruinam
724 2106 983 2153 reprehendit,
1093 2104 1167 2143 61).
1213 2103 1491 2151 Quinquaginta
1522 2102 1593 2139 viri
1626 2101 1727 2138 docti

377 2164 622 2211 Argumentis
668 2163 716 2200 ad
749 2163 820 2200 hoc
851 2163 985 2211 tendit,
1212 2160 1305 2198 Sunt
1328 2159 1512 2204 conversi,
1534 2157 1694 2195 flammis
1711 2156 1804 2195 cocti

436 2221 575 2261 Vernet
604 2224 646 2256 ut
675 2219 833 2266 iustitia,
1269 2217 1341 2253 Pro
1372 2215 1478 2253 vitali
1508 2215 1640 2262 gloria.

265 2324 334 2360 Ta.
376 2322 446 2359 Est
478 2322 616 2359 illaesa
651 2331 768 2367 coma,
802 2320 930 2366 vestis,
1091 2318 1163 2356 7b.
1213 2318 1327 2365 Rosa,
1359 2318 1464 2363 heus,
1495 2317 1763 2361 incarceratur,

377 2379 515 2416 Rosam
562 2378 686 2425 gravis
727 2381 826 2415 artat
862 2377 986 2424 restis„
1208 2374 1319 2411 Hanc
1351 2374 1479 2421 regina
1510 2373 1736 2418 consolatur,

433 2435 504 2472 Est
536 2439 572 2471 et
603 2433 705 2471 flecti
736 2434 884 2482 nescia3
1267 2430 1470 2478 Porphyrii
1500 2430 1614 2470 socia.

265 2530 332 2563 Sa.
374 2524 507 2561 Nutrit
549 2534 672 2561 rosam
715 2523 770 2559 sol
803 2523 849 2560 de
882 2523 984 2560 caelo
1085 2521 1159 2560 8b.
1205 2522 1373 2568 Angelus
1405 2521 1502 2558 hanc
1533 2519 1761 2564 consolatur⁷

376 2582 424 2618 Et
457 2581 624 2618 illustrat
654 2590 763 2617 sacro
794 2580 885 2628 zelo,
1209 2577 1285 2614 Nix
1318 2578 1447 2624 regina
1478 2581 1649 2614 roseatur

377 2638 664 2676 'l'ormentorum
696 2640 736 2673 ut
768 2636 805 2672 in
836 2636 943 2682 prelo
1209 2634 1300 2671 Tam
1349 2635 1529 2671 decenter
1573 2638 1610 2670 et
1649 2634 1803 2669 ornatur

435 2694 573 2732 Rideat
605 2693 775 2730 victoria.
1260 2691 1411 2728 Morum
1442 2701 1511 2737 per
1543 2688 1710 2727 crinalia.

263 2787 334 2823 [ta.
378 2785 479 2821 Rosa
511 2783 637 2831 flagris
669 2782 882 2829 flagellatur
1080 2788 1102 2819 ε)
1123 2781 1158 2820 b.
1208 2782 1323 2819 Rotas
1356 2781 1422 2819 has
1455 2783 1629 2821 Crasates
1664 2779 1763 2826 fecit,

377 2841 424 2876 lit
456 2841 539 2886 plus
571 2840 661 2876 trita
694 2840 895 2876 decoratur

431 2897 549 2945 110113,
585 2896 700 2933 clavis
732 2894 873 2943 media3

1203 2838 1371 2885 Angelus
1403 2842 1505 2875 rotas
1538 2837 1673 2875 deiecit

1260 2896 1448 2941 Quattuor
1478 2898 1654 2931 sternens
1685 2891 1799 2930 milia.
