2031 3289
888 201 1193 242 -556—

771 378 852 413 379.
889 377 947 421 (8.)
982 378 1137 414 Laudes
1163 377 1310 414 Studii.

545 483 582 522 1.
631 482 811 520 Concinat
842 483 961 520 laetas
991 483 1075 530 lyra
1107 483 1242 520 mentis
1273 484 1378 531 odas,

628 539 785 586 Voxque
815 539 866 576 sit
894 539 1018 577 laetae
1050 550 1174 577 comes
1205 550 1326 586 aequa
1356 540 1485 588 menti,

629 595 698 632 His
728 606 822 642 opus
855 594 966 633 firmo
997 596 1142 633 sociare
1174 599 1306 633 cantor

819 651 993 689 Foedere
1023 656 1196 699 temptet.

547 766 586 803 2.
632 765 707 802 Dic
738 765 819 802 Deo
851 763 943 802 foris
974 765 1146 803 modulos
1176 766 1385 814 placentes,

629 821 815 859 Lacrimis
845 832 989 859 summo
1019 821 1216 859 modulare
1248 822 1346 869 duci,

631 879 707 915 Per
737 888 869 924 preces
900 881 1061 925 temptes
1092 882 1295 925 penetrare
1326 879 1469 918 caelum

821 934 994 971 Tramite
1025 935 1172 973 stricto.

545 1047 583 1085 3.
626 1045 678 1083 Ut
709 1046 807 1083 viam
840 1047 1000 1095 discant,
1033 1045 1180 1094 fugiant
1210 1047 1404 1086 scholares

630 1102 790 1140 Deditos
822 1103 927 1140 carni
958 1103 1117 1150 vitiique
1147 1114 1289 1153 servos,

641 1159 799 1206 Semper
828 1159 1005 1196 insistant
1036 1159 1142 1206 operi
1174 1164 1343 1208 venusto,

823 1216 930 1254 Seria
960 1220 1156 1262 quaerant.

545 1330 584 1369 4.
631 1329 696 1365 Me
726 1328 831 1366 iuvat
860 1329 992 1367 laudes
1025 1330 1142 1367 studii
1172 1331 1313 1380 levare,

630 1384 751 1422 Fonte
781 1397 849 1422 nos
879 1386 982 1422 cuius
1014 1386 1096 1423 Dea
1126 1397 1234 1424 sacra
1264 1391 1384 1435 potat⁷

629 1442 732 1487 Quae
763 1442 994 1479 reservatrix
1025 1443 1220 1481 Heliconis
1251 1442 1376 1481 aufert

822 1499 999 1536 Nectaris
1031 1499 1215 1536 haustum.

547 1612 585 1649 5.
636 1610 750 1648 Cuius
782 1610 955 1648 exhausit
987 1611 1168 1649 Nicolaus
1198 1613 1338 1650 undam

634 1667 685 1704 Et
715 1667 812 1703 bibit
843 1668 954 1714 plene
985 1668 1197 1706 Katherina
1227 1673 1355 1716 potum

634 1723 685 1760 Et
716 1724 893 1761 salutaris
923 1724 1076 1761 sitiebat
1107 1736 1225 1772 aquae

825 1781 966 1817 Pocula
996 1782 1150 1819 Paulus,

547 1894 583 1931 6.
631 1892 716 1929 Non
748 1903 840 1929 onus
873 1891 991 1930 fortes
1022 1894 1181 1930 retrahit
1214 1898 1398 1945 catervas,

632 1949 753 1986 Lucta
783 1949 850 1986 sed
885 1949 1032 1987 dulcem
1064 1950 1207 1988 revehit
1240 1951 1416 1998 quietem⁷

634 2005 703 2042 His
734 2005 844 2042 labor
873 2006 1002 2043 ludum
1036 2007 1135 2053 sapit
1159 2012 1193 2043 et
1228 2008 1400 2045 voluntas
1990 2033 2017 2050 ,ε

824 2062 955 2099 Robur
985 2063 1160 2110 adauget.
1990 2067 2017 2130 2.-

1991 2154 2015 2172 1,

547 2177 582 2215 7.
632 2177 719 2213 Vita
750 2175 916 2213 florescit
946 2176 1119 2222 speciosa
1151 2176 1255 2220 cleri,
1916 2215 1920 2218 ,
1990 2182 2014 2221 1ζ

628 2233 792 2270 Pulchra
822 2232 950 2270 Pallas
982 2232 1013 2269 si
1045 2232 1245 2270 comitatur
1275 2233 1394 2283 illum,
1844 2252 1847 2254 ·
1991 2228 1993 2287 ξ

632 2290 682 2326 Et
714 2288 811 2336 fugit
841 2289 990 2337 Cypris,
1024 2287 1120 2335 fugit
1152 2294 1187 2326 et
1220 2290 1402 2336 gementis

824 2346 1003 2383 Planctus
1035 2345 1154 2385 avari.
1992 2358 1993 2386 l

547 2460 584 2497 8.
634 2458 718 2494 Non
751 2458 838 2495 dolo
871 2456 988 2495 fallax
1019 2459 1143 2496 aliena
1175 2463 1314 2506 raptat⁷

634 2514 750 2551 Dives
782 2518 850 2558 est,
883 2515 1032 2560 quando
1063 2515 1155 2552 nihil
1189 2520 1243 2552 cst
1274 2516 1312 2553 in
1343 2528 1444 2565 arca,

637 2571 814 2607 Poculum
846 2570 940 2607 dicit
969 2569 1121 2608 fluviale
1153 2572 1341 2609 Bacchum

826 2627 992 2664 Parvula
1023 2628 1194 2667 laudans.

547 2742 584 2777 9.
634 2740 738 2777 Unus
768 2740 804 2776 in
839 2739 990 2786 dignam
1023 2741 1242 2778 cathedram
1275 2742 1432 2791 levatur,

635 2797 807 2833 Claustra
838 2800 1011 2843 gratatur
1042 2797 1208 2844 reliquus
1240 2802 1380 2844 tenere⁷
1992 2838 1994 2863 ν

632 2850 742 2889 Alter
773 2853 810 2889 in
843 2853 969 2890 densis
1000 2854 1157 2890 eremita
1188 2855 1294 2891 silvis

821 2910 996 2946 Pascitur
1027 2910 1166 2948 herbis.
1991 2889 2014 2963 J
