1914 3223
752 182 809 188 —
867 159 948 200 599
991 183 1062 208 ‚—

131 274 168 312 3.
219 273 342 323 Salve,
376 274 488 311 stella
518 273 755 320 principalis,

210 329 282 367 Tui
312 340 472 377 namque
504 330 567 366 lux
598 330 737 367 natalis

263 385 397 423 Finem
435 385 509 423 fert
539 386 755 435 erroribus3

209 442 415 490 virginalis
445 441 514 480 flos
545 443 683 492 illuxit,

207 498 295 536 Vita
326 503 405 537 tota
435 497 593 536 formam
626 499 733 536 duxit

267 555 374 593 Vitae
405 566 525 592 novae
556 555 736 594 moribus.

153 685 161 695 .
209 655 334 705 Salve,
368 661 500 694 tantae
530 657 710 704 puritatis

206 713 296 762 Vas,
327 718 369 750 ut
400 724 524 760 regem
554 714 762 750 maiestatis

260 770 319 808 De
349 770 524 817 supernis
554 770 730 820 traxeris,

206 825 387 864 Gabriele
419 826 616 863 nuntiante

205 883 382 920 Inaudita
410 886 496 930 post
526 887 561 919 et
595 886 683 920 ante

262 939 405 978 Nuntia
435 940 660 986 susceperis,

152 1069 162 1078 .
209 1039 332 1090 Salve,
366 1040 486 1078 tutrix
517 1041 703 1078 castitatis

203 1097 285 1134 Nec
315 1096 527 1134 adhaerens
558 1098 753 1147 nuntiatis,

259 1153 392 1204 Donec
424 1159 527 1191 certa
557 1153 682 1202 fieres,

205 1209 318 1247 Salvo
348 1210 526 1257 virginali
556 1209 650 1247 flore

202 1266 312 1314 Quod
344 1267 497 1303 caelesti
529 1265 613 1304 fusa
643 1278 730 1305 rore

263 1323 403 1361 Filium
436 1323 668 1370 conciperes,

147 1453 156 1463 .
201 1423 325 1469 Salve,
359 1429 462 1462 casta
493 1424 712 1471 Sunamitis,

199 1481 300 1518 Fide
330 1481 490 1518 credens
521 1481 716 1526 inauditis,

257 1537 330 1575 Dei
361 1538 475 1585 plena
505 1538 638 1585 radio;

201 1593 326 1643 Salve,
358 1595 424 1631 lux
455 1594 690 1645 humilitatis,

202 1651 256 1688 Te
286 1651 464 1688 ancillam
493 1662 632 1689 vocans
663 1651 781 1699 gratis

258 1707 358 1745 Data
388 1707 468 1755 regi
498 1707 591 1745 filio.

150 1835 159 1844 .
207 1808 331 1858 Salve,
365 1808 503 1855 spiritu
534 1809 710 1857 lustrata,

202 1864 327 1911 Salve,
361 1875 473 1902 carne
504 1870 708 1913 repurgata

261 1921 368 1959 Caeli
399 1919 620 1969 refrigerio3

203 1977 327 2026 Salve,
359 1977 442 2015 Deo
473 1976 687 2026 superfusa,

203 2033 327 2080 Salve,
363 2044 547 2082 generans
579 2035 755 2072 conclusa

263 2090 398 2128 Cordis
429 2101 475 2128 ex
503 2091 692 2129 incendio.

148 2227 156 2236 .
204 2197 331 2247 Salve,
363 2197 484 2235 Deum
516 2202 649 2236 ventre
683 2209 829 2246 gerens,

200 2251 271 2301 Qui
314 2254 516 2303 humanum
547 2265 663 2302 genus
693 2265 866 2292 maerens

262 2311 339 2348 Per
367 2316 405 2347 te
435 2311 490 2348 sic
519 2311 723 2360 laetificat;

203 2367 234 2405 Ο
265 2377 376 2414 quam
406 2368 576 2414 gaudens
608 2368 792 2413 cecinisti,

202 2423 303 2461 Alvo
334 2423 526 2462 Christum
558 2435 642 2462 cum
673 2424 839 2474 sensisti,

261 2479 456 2518 Canticum
487 2480 730 2528 Magnificat!

148 2613 159 2624 .
207 2586 331 2633 Salve,
362 2591 474 2634 partu
505 2588 721 2638 singularis,

203 2643 317 2690 Virgo
348 2644 503 2691 gignens
534 2645 641 2692 virgo
671 2645 789 2694 pariS,

258 2699 455 2747 Virginum
487 2701 712 2749 purissima;

203 2755 338 2794 Gaude
367 2757 464 2794 tanti
496 2757 639 2794 vultum
671 2757 769 2803 regis

202 2812 360 2861 Videns,
393 2813 497 2850 cuius
526 2813 662 2860 pannis
693 2813 788 2860 tegis

257 2868 431 2907 Membra
463 2869 732 2908 sincerissima.

922 274 987 315 10.

920 658 983 696 11.

914 1042 978 1080 12.

910 1426 975 1465 13.

911 1811 976 1848 14.

909 2199 973 2237 15.

913 2589 977 2626 16.

1035 274 1158 322 Salve,
1195 278 1337 312 tantam
1369 283 1502 321 gerens
1535 273 1692 321 prolem,

1027 332 1209 369 Fructum
1241 331 1341 368 vitae
1371 330 1497 377 laesis,
1526 329 1645 366 solem

1083 387 1308 424 Tenebratis
1340 385 1551 434 proferens,

1030 443 1220 481 visionem
1253 443 1482 490 pastoralem

1029 500 1187 537 Stellam
1219 500 1392 546 viamque
1424 499 1588 547 regalem

1087 556 1210 593 Corde
1242 567 1336 603 puro
1368 555 1578 594 conferens

1034 657 1157 703 Salve,
1190 658 1272 704 lege
1304 658 1434 694 volens
1465 657 1558 705 regi,

1032 713 1115 751 Non
1148 715 1304 751 astricta
1336 718 1460 750 tamen
1493 714 1565 761 legi

1085 771 1309 817 Purgandae
1338 780 1571 816 puerperae3

1025 826 1121 863 Nam
1153 827 1342 873 impurum
1374 827 1427 863 nil
1459 827 1609 863 sensisti

1024 882 1105 920 Nec
1136 883 1182 920 de
1214 884 1295 920 viro
1327 883 1546 931 concepisti,

1080 940 1156 977 Sed
1188 940 1235 976 de
1266 939 1338 976 Dei
1369 949 1534 977 munere.

1025 1042 1150 1090 Salve,
1183 1042 1324 1088 templo
1355 1041 1503 1090 figurali

1025 1098 1160 1135 Finem
1192 1098 1308 1135 cultui
1338 1098 1450 1144 legali

1082 1154 1226 1191 Ferens
1257 1159 1360 1191 tuum
1387 1153 1516 1203 filium,

1025 1211 1199 1249 Simeone
1229 1211 1443 1259 gratulante

1026 1268 1102 1305 Sed
1134 1274 1170 1304 et
1201 1267 1272 1304 tibi
1304 1267 1555 1304 comminante

1084 1324 1181 1362 Suae
1210 1324 1342 1361 mortis
1374 1323 1555 1371 gladium.

1024 1425 1149 1467 Salve,
1181 1425 1300 1462 tutrix
1333 1425 1508 1472 Nazarei‚

1021 1482 1091 1528 Qui
1123 1486 1180 1518 est
1211 1482 1332 1519 omnis
1364 1486 1466 1518 tutor
1499 1481 1565 1527 rei,

1078 1538 1237 1576 Secessu
1267 1538 1474 1586 Aegyptio,

1020 1595 1093 1632 Tui
1123 1606 1212 1632 cura
1246 1600 1283 1631 et
1312 1594 1481 1631 custodis

1019 1651 1227 1688 Frustrans
1260 1649 1397 1688 furiam
1430 1650 1595 1688 Herodis

1076 1708 1243 1755 Fugiens
1273 1718 1357 1744 eum
1388 1706 1480 1746 filio.

1024 1810 1148 1857 Salve,
1182 1810 1376 1857 gratulans
1407 1806 1589 1846 infantem

1020 1866 1080 1903 Ex
1112 1868 1286 1913 Aegypto
1317 1869 1546 1902 remeantem

1077 1922 1272 1960 Galilaeae
1304 1921 1471 1969 civibus;

1021 1979 1084 2016 Sic
1111 1983 1216 2016 stans
1238 1982 1345 2015 extra
1373 1988 1472 2014 nunc
1499 1977 1678 2016 Iudaeam
1703 1977 1706 1980 ⁴

1019 2035 1190 2072 Tandem
1222 2034 1392 2072 visitabit
1423 2045 1504 2072 eam

1077 2091 1240 2128 Veniens
1272 2101 1317 2128 ex
1349 2090 1535 2138 gentibus.

1021 2199 1146 2245 Salve,
1179 2199 1302 2235 Iesum
1333 2208 1428 2245 quae
1458 2198 1637 2234 latentem

1022 2254 1241 2301 Repperisti
1273 2254 1521 2291 disserentem

1079 2311 1213 2348 Tridui
1245 2315 1332 2357 post
1362 2311 1550 2356 reditum3

1022 2368 1141 2405 Laeta
1172 2372 1294 2404 tecum
1326 2367 1525 2409 reduxisti,

1020 2423 1199 2462 Gaudens
1231 2429 1353 2461 tecum
1384 2422 1539 2460 tenuisti

1079 2481 1219 2528 Regem
1246 2490 1373 2527 regum
1404 2479 1608 2518 subditum.

1028 2588 1152 2634 Salve,
1186 2598 1343 2624 cernens
1375 2590 1633 2623 coruscantem

1019 2643 1131 2681 Miris
1161 2642 1271 2680 factis
1300 2648 1336 2679 et
1367 2647 1636 2680 monstrantem

1076 2699 1238 2737 Deitatis
1268 2699 1439 2746 gloriam,

1020 2756 1224 2802 operando
1255 2759 1495 2803 potestatem,

1021 2811 1284 2849 Praedicando
1315 2812 1525 2859 veritatem,

1077 2868 1188 2905 Vitae
1219 2868 1517 2906 sanctimoniam.
