2031 3289
921 226 1230 266 —166—

569 344 606 380 2.
655 342 685 378 0
715 341 788 378 Dei
820 340 943 377 cultor
972 341 1193 377 miserorum
1225 344 1261 376 et
1291 340 1402 389 altor,

653 397 683 435 Ο
714 396 946 443 pupillorum
976 397 1187 445 viduaeque
1216 401 1331 442 tutor,

655 453 805 491 Summe
835 463 902 489 rex
932 453 1108 498 clemens,
1140 452 1329 502 precibus,
1362 464 1550 501 rogamus,

790 510 925 546 Annue
955 509 1106 546 nostris.

568 613 606 649 3.
654 611 756 655 Ergo
786 610 861 646 iam
893 609 1045 646 tandem
1079 609 1255 656 precibus
1286 613 1438 656 rogatus

653 666 788 704 Redde
819 670 856 702 te
887 666 1026 702 nostris
1061 665 1233 702 domibus
1263 666 1407 713 paratis

653 723 705 760 Et
736 723 816 760 dies
847 722 967 759 laetos
996 722 1137 759 habeas
1167 723 1206 759 in
1237 722 1345 770 ipsis,

789 779 872 816 Rex
903 778 1115 816 benedicte.

567 883 605 921 4.
651 881 706 917 Te
736 880 974 917 sacerdotum
1007 879 1143 916 chorus
1174 882 1286 926 atque
1317 879 1410 916 cleri

652 936 784 974 Totius
820 936 976 973 multum
1008 935 1214 985 populique
1244 935 1368 981 turba,

652 993 824 1039 Namque
855 997 893 1029 te
923 993 1044 1030 maior
1073 992 1291 1038 pariterque
1321 992 1444 1030 minor

786 1049 953 1087 Cernere
983 1049 1109 1096 gestit.

572 1154 609 1190 5.
658 1151 753 1200 Rex,
786 1151 883 1198 vale,
914 1150 1095 1197 prudens,
1129 1151 1356 1194 venerande,
1388 1149 1505 1197 salve,

655 1207 752 1254 Rex,
783 1218 853 1244 ave
873 1211 1043 1244 nostrum
1077 1207 1213 1256 capito,
1247 1217 1471 1258 precamur3

654 1264 848 1300 Poscimus
882 1264 1085 1310 Christum,
1118 1268 1159 1300 ut
1188 1263 1258 1300 tibi
1291 1264 1352 1301 det
1384 1262 1544 1300 salutem

792 1320 941 1367 Poplite
970 1319 1080 1360 flexo,

570 1424 608 1461 6.
654 1421 783 1459 salvet
813 1421 946 1459 Albini
977 1421 1154 1468 precibus
1185 1421 1289 1458 beati

653 1478 719 1525 Te,
751 1483 852 1515 tuam
884 1479 1028 1524 prolem
1057 1478 1272 1524 sociamque
1303 1477 1404 1515 vitae

654 1534 764 1572 Sorte
795 1534 897 1571 felici
927 1534 997 1571 tibi
1029 1535 1282 1583 mancipatam

790 1591 962 1629 Christus
993 1591 1143 1638 ubique.

578 1713 608 1731 ι.
656 1693 749 1730 Post
779 1692 860 1729 dies
891 1692 1006 1729 saecli
1037 1691 1172 1729 subeas
1203 1691 1369 1728 tonantis

657 1749 789 1796 Regna
819 1754 859 1785 tu
891 1747 998 1794 felix,
1031 1748 1171 1785 habeas
1202 1748 1364 1794 quietem

657 1806 764 1842 Inter
795 1806 935 1842 electos
966 1805 1155 1842 tribuente
1187 1805 1338 1843 Christo

791 1861 887 1899 Fine
916 1862 1087 1908 perenni.

387 1964 518 1996 Poetae
541 1963 632 1995 Aevi
657 1962 815 1995 Carolini
839 1963 867 2001 1,
893 1960 959 1995 560
983 1961 1072 1993 nach
1097 1961 1281 2000 Mabillon‚
1307 1961 1435 1993 Vetera
1460 1959 1632 1992 Analecta
1655 1961 1683 1999 Ι,
1707 1956 1786 1992 410.
