2031 3289
994 156 1045 161 —
1106 133 1299 172 446—

712 286 793 323 420.
828 286 909 330 (32.)
946 286 1113 322 Carmen
1137 287 1185 322 Β.
1214 287 1267 322 Μ.
1294 288 1340 324 V.
1368 288 1418 322 ad
1444 297 1581 324 cunas.

390 381 426 420 1.
460 380 570 418 Canit
599 380 881 427 epithalamium
1203 382 1241 419 3.
1272 381 1350 418 Iam
1386 381 1517 431 dormi,
1551 392 1573 418 ο
1602 382 1799 431 Emanuel,

518 437 634 483 Virgo
663 440 785 473 mater
814 436 863 473 ad
893 436 1023 483 filium,
1329 436 1500 474 Artubus
1533 438 1582 474 da
1612 448 1797 486 soporem,

461 527 752 563 Fescenniarum
786 526 970 563 canticum
1274 527 1325 564 Et
1356 528 1419 574 qui
1451 528 1618 564 custodis
1649 529 1781 575 Israel,

517 584 602 620 Iesu
633 593 746 629 super
775 583 1051 631 praesaepium.
1329 583 1471 620 Mentis
1503 582 1609 621 aufer
1640 588 1842 631 torporem.

455 674 538 722 Eia,
572 673 742 720 parvule,
1274 674 1343 719 Qui
1376 673 1483 710 brevi
1514 674 1661 711 morula

460 730 575 776 Gigas
607 729 850 777 permaxime,
1275 729 1453 767 Somnum
1483 730 1571 766 dum
1600 729 1763 777 perficit,

461 787 605 832 Regum
637 796 716 831 rex,
749 785 850 822 Deus
882 785 1076 831 altissime,
1278 786 1345 825 Uti
1378 786 1452 823 duo
1482 786 1683 823 luminaria

462 843 572 880 Nunc
604 846 689 879 vota
721 852 801 878 mea
833 842 994 888 suscipe.
1276 843 1425 880 Ocellos
1456 853 1603 879 sursum
1635 843 1757 890 erigit.

462 933 623 979 Indulge
652 932 740 979 reis,
1276 933 1390 978 Quem
1424 933 1564 978 excipit
1595 937 1715 970 mater

463 989 599 1026 Suveni
631 989 790 1038 miseris,
1277 989 1319 1026 In
1351 989 1449 1025 ulnis
1481 989 1637 1039 pariter,

462 1045 521 1082 Sis
552 1046 707 1091 asylum·
729 1045 831 1092 pium
863 1044 1046 1094 profugis,
1276 1046 1424 1083 Osculis
1456 1045 1623 1082 membra
1654 1045 1822 1082 suaviter

464 1101 585 1138 Dulce
615 1102 780 1139 solamen
810 1102 959 1140 ceteris.
1278 1102 1428 1150 Implet,
1462 1102 1596 1139 adorat
1629 1101 1805 1140 dulciter.

395 1205 433 1242 2.
464 1204 543 1240 Iam
566 1207 723 1250 tempus
754 1208 822 1254 est,
855 1203 1040 1241 cunabula
1209 1204 1249 1243 4.
1282 1203 1483 1250 speciosus
1513 1214 1607 1250 prae
1639 1203 1827 1240 hominum

522 1260 693 1297 Invisere
723 1260 872 1310 quietis,
1337 1260 1446 1297 Natis
1476 1264 1575 1306 nate,
1608 1264 1649 1296 tu
1679 1258 1813 1306 forma,

469 1351 614 1395 Corpus
646 1350 888 1396 membraque
917 1351 1077 1397 parvula
1281 1350 1380 1395 Vita,
1414 1350 1482 1399 vis,
1516 1350 1635 1387 virtus
1666 1349 1840 1395 omnium,

524 1407 667 1444 Pannis
698 1407 913 1454 constringo
943 1407 1066 1447 laetis.
1336 1407 1474 1453 Decus,
1509 1407 1736 1454 exemplum,
1767 1418 1912 1446 norma.

467 1498 540 1547 En,
573 1501 658 1543 tego
687 1501 725 1533 te
755 1497 901 1547 pannis,
1282 1497 1404 1534 Frons
1434 1497 1549 1533 vincit
1579 1497 1671 1544 lilia,

28 1594 30 1598 ,
468 1554 523 1590 Te
553 1553 681 1590 revela
709 1553 829 1602 nobis,
1281 1553 1373 1590 Sunt
1406 1564 1522 1600 genae
1554 1564 1723 1600 purpura

7 1614 33 1658 ἢ
467 1610 563 1656 Ligo
593 1614 710 1655 artus,
742 1610 847 1646 solve
877 1607 1028 1646 famulis
1283 1611 1430 1657 Irisque
1461 1610 1677 1657 supercilia,

5 1633 33 1707 351⁶
470 1667 631 1705 Catenas
662 1667 765 1704 saevi
796 1666 975 1706 criminis.
1283 1667 1391 1704 Oculi
1424 1667 1496 1703 duo
1528 1667 1667 1704 sidera.

0 1745 2 1774 l
472 1756 612 1794 Stricto
643 1761 680 1793 te
711 1757 846 1803 colligo
1286 1757 1336 1795 Ut
1366 1757 1467 1794 mala
1497 1757 1636 1804 punica

470 1814 514 1851 In
546 1813 650 1849 cuius
685 1813 837 1859 lectulo,
1286 1813 1515 1851 Crocescunt
1546 1813 1660 1858 labia,

471 1869 551 1906 Tuo
582 1870 645 1916 qui
676 1870 870 1907 concludis
901 1869 1045 1919 pugillo
1285 1870 1410 1907 Nasus
1440 1869 1556 1907 turris
1587 1875 1645 1908 est
1675 1869 1869 1915 Libanica,

472 1926 616 1976 Polum,
649 1926 768 1963 solum
800 1937 881 1964 cum
913 1927 1060 1974 pelago.
1285 1926 1432 1964 Collum
1461 1931 1504 1963 ut
1533 1927 1700 1964 monilia.

809 2031 846 2069 5.
878 2029 936 2066 De
969 2034 1034 2066 tua
1065 2029 1315 2076 providentia,

936 2086 1023 2131 Fili,
1056 2096 1151 2133 quae
1182 2085 1385 2133 contulisti,

810 2172 813 2177 ’
881 2176 1009 2213 Laetis
1041 2186 1145 2212 sume
1175 2175 1295 2213 initia.

937 2232 1050 2270 Caste
1080 2242 1175 2279 quae
1204 2231 1422 2277 implevisti,

878 2323 988 2360 Nunc
1020 2322 1144 2359 lambe
1174 2321 1304 2366 ubera,

884 2380 954 2425 Qui
988 2379 1086 2425 regis
1117 2379 1256 2425 sidera,

0 2432 31 2481 fif
881 2436 1012 2474 Pascis
1043 2436 1106 2482 qui
1137 2434 1291 2472 uranica

1 2487 32 2505 ‘¹'
881 2493 925 2530 In
957 2492 1062 2529 eaelo
1095 2492 1182 2529 diva
1212 2491 1371 2538 agmina.

2 2555 35 2570 -)¹

13 2580 18 2627 l
881 2582 1013 2619 Tantis
1047 2582 1192 2619 deliciis

0 2630 34 2650 ‘³
880 2639 959 2676 Nos
991 2637 1053 2675 fac
1084 2637 1159 2675 frui
1189 2638 1276 2685 tuis,

880 2695 1087 2732 Iubilemus
1118 2698 1159 2732 ut
1191 2705 1272 2732 cum
1303 2694 1467 2741 angelis:

825 2786 830 2794 ,
882 2751 1014 2789 Gloria
1047 2752 1084 2788 in
1116 2750 1298 2789 excelsis!

0 2697 6 2727 ἱ
28 2730 32 2754 l

0 2768 6 2802 l

0 2804 37 2907 {2¹
482 2852 555 2883 1³01.
587 2851 692 2883 1:351).
736 2852 807 2892 „De
832 2849 1059 2884 Nativitate.“
1087 2869 1130 2873 —
1155 2851 1261 2883 Leich
1287 2853 1350 2883 mit
1377 2851 1574 2893 doppcltem
1599 2851 1814 2892 Abgesange.

0 2901 38 2969 ll
