<?xml version="1.0" encoding="UTF-8"?>
<!DOCTYPE html PUBLIC "-//W3C//DTD XHTML 1.0 Transitional//EN"
    "http://www.w3.org/TR/xhtml1/DTD/xhtml1-transitional.dtd">
<html xmlns="http://www.w3.org/1999/xhtml" xml:lang="en" lang="en">
 <head>
  <title>
</title>
<meta http-equiv="Content-Type" content="text/html;charset=utf-8" />
  <meta name='ocr-system' content='tesseract 3.04.00' />
  <meta name='ocr-capabilities' content='ocr_page ocr_carea ocr_par ocr_line ocrx_word'/>
</head>
<body>
  <div class='ocr_page' id='page_1' title='image "./hymnographilatin01drevuoft_0182.png"; bbox 0 0 2031 3289; ppageno 0'>
   <div class='ocr_carea' id='block_1_1' title="bbox 807 382 1353 426">
    <p class='ocr_par' dir='ltr' id='par_1_1' title="bbox 807 382 1353 426">
     <span class='ocr_line' id='line_1_1' title="bbox 807 382 1353 426; baseline 0.004 -7"><span class='ocrx_word' id='word_1_1' title='bbox 807 382 878 419; x_wconf 82' lang='grc'><strong>162.</strong></span> <span class='ocrx_word' id='word_1_2' title='bbox 913 384 993 426; x_wconf 86' lang='grc'>(52.)</span> <span class='ocrx_word' id='word_1_3' title='bbox 1027 383 1185 420; x_wconf 82' lang='lat' dir='ltr'><strong>Sabbato</strong></span> <span class='ocrx_word' id='word_1_4' title='bbox 1211 383 1353 421; x_wconf 80' lang='lat' dir='ltr'><strong>Sancto.</strong></span> 
     </span>
    </p>
   </div>
   <div class='ocr_carea' id='block_1_2' title="bbox 315 466 1705 1567">
    <p class='ocr_par' dir='ltr' id='par_1_2' title="bbox 315 466 1705 1567">
     <span class='ocr_line' id='line_1_2' title="bbox 998 466 1187 498; baseline 0 0"><span class='ocrx_word' id='word_1_5' title='bbox 998 466 1187 498; x_wconf 83' lang='lat' dir='ltr'><strong>Nocturno.</strong></span> 
     </span>
     <span class='ocr_line' id='line_1_3' title="bbox 315 590 1491 639; baseline -0.001 -10"><span class='ocrx_word' id='word_1_6' title='bbox 315 593 351 631; x_wconf 94' lang='lat'><strong>1.</strong></span> <span class='ocrx_word' id='word_1_7' title='bbox 383 590 499 628; x_wconf 81' lang='lat' dir='ltr'><strong>Sexta</strong></span> <span class='ocrx_word' id='word_1_8' title='bbox 528 591 602 627; x_wconf 83' lang='lat' dir='ltr'><strong>iam</strong></span> <span class='ocrx_word' id='word_1_9' title='bbox 634 590 784 627; x_wconf 85' lang='lat' dir='ltr'><strong>homine</strong></span> <span class='ocrx_word' id='word_1_10' title='bbox 1126 593 1165 630; x_wconf 86' lang='lat'><strong>3.</strong></span> <span class='ocrx_word' id='word_1_11' title='bbox 1197 592 1334 629; x_wconf 86' lang='lat' dir='ltr'><strong>Finitis</strong></span> <span class='ocrx_word' id='word_1_12' title='bbox 1364 592 1491 639; x_wconf 89' lang='lat' dir='ltr'><strong>itaque</strong></span> 
     </span>
     <span class='ocr_line' id='line_1_4' title="bbox 440 646 1594 696; baseline 0.002 -13"><span class='ocrx_word' id='word_1_13' title='bbox 440 652 566 685; x_wconf 85' lang='lat' dir='ltr'><strong>creato</strong></span> <span class='ocrx_word' id='word_1_14' title='bbox 597 646 693 684; x_wconf 87' lang='lat' dir='ltr'><strong>feria</strong></span> <span class='ocrx_word' id='word_1_15' title='bbox 1253 648 1369 686; x_wconf 87' lang='lat' dir='ltr'><strong>tantis</strong></span> <span class='ocrx_word' id='word_1_16' title='bbox 1399 648 1594 696; x_wconf 80' lang='lat' dir='ltr'>agonibus,</span> 
     </span>
     <span class='ocr_line' id='line_1_5' title="bbox 384 703 1564 752; baseline 0.001 -12"><span class='ocrx_word' id='word_1_17' title='bbox 384 703 531 750; x_wconf 81' lang='lat' dir='ltr'><strong>Quievit</strong></span> <span class='ocrx_word' id='word_1_18' title='bbox 561 703 743 741; x_wconf 85' lang='lat' dir='ltr'>Dominus</span> <span class='ocrx_word' id='word_1_19' title='bbox 1198 705 1340 752; x_wconf 84' lang='lat' dir='ltr'>Quibus</span> <span class='ocrx_word' id='word_1_20' title='bbox 1373 705 1564 744; x_wconf 91' lang='lat' dir='ltr'><strong>diabolum</strong></span> 
     </span>
     <span class='ocr_line' id='line_1_6' title="bbox 438 760 1686 810; baseline 0.002 -13"><span class='ocrx_word' id='word_1_21' title='bbox 438 761 622 797; x_wconf 88' lang='lat' dir='ltr'><strong>cessando</strong></span> <span class='ocrx_word' id='word_1_22' title='bbox 650 760 824 806; x_wconf 85' lang='lat' dir='ltr'><strong>septima,</strong></span> <span class='ocrx_word' id='word_1_23' title='bbox 1256 762 1464 808; x_wconf 88' lang='lat' dir='ltr'><strong>prostravit</strong></span> <span class='ocrx_word' id='word_1_24' title='bbox 1489 761 1686 810; x_wconf 86' lang='lat' dir='ltr'><strong>Dominus,</strong></span> 
     </span>
     <span class='ocr_line' id='line_1_7' title="bbox 384 816 1632 865; baseline 0.002 -12"><span class='ocrx_word' id='word_1_25' title='bbox 384 816 504 854; x_wconf 87' lang='lat' dir='ltr'><strong>Plena</strong></span> <span class='ocrx_word' id='word_1_26' title='bbox 533 817 724 864; x_wconf 85' lang='lat' dir='ltr'><strong>mysteriis</strong></span> <span class='ocrx_word' id='word_1_27' title='bbox 1197 818 1359 865; x_wconf 82' lang='lat' dir='ltr'>Quidam</span> <span class='ocrx_word' id='word_1_28' title='bbox 1390 821 1544 864; x_wconf 87' lang='lat' dir='ltr'><strong>paratus</strong></span> <span class='ocrx_word' id='word_1_29' title='bbox 1575 821 1632 855; x_wconf 86' lang='lat' dir='ltr'><strong>est</strong></span> 
     </span>
     <span class='ocr_line' id='line_1_8' title="bbox 441 873 1599 921; baseline 0.001 -11"><span class='ocrx_word' id='word_1_30' title='bbox 441 873 586 920; x_wconf 89' lang='lat' dir='ltr'><strong>magnis</strong></span> <span class='ocrx_word' id='word_1_31' title='bbox 617 873 778 910; x_wconf 88' lang='lat' dir='ltr'><strong>historia</strong></span> <span class='ocrx_word' id='word_1_32' title='bbox 1257 874 1393 921; x_wconf 88' lang='lat' dir='ltr'><strong>quietis</strong></span> <span class='ocrx_word' id='word_1_33' title='bbox 1423 874 1599 921; x_wconf 87' lang='lat' dir='ltr'><strong>lectulus,</strong></span> 
     </span>
     <span class='ocr_line' id='line_1_9' title="bbox 383 929 1574 978; baseline 0.001 -11"><span class='ocrx_word' id='word_1_34' title='bbox 383 930 601 968; x_wconf 89' lang='lat' dir='ltr'><strong>Praesentis</strong></span> <span class='ocrx_word' id='word_1_35' title='bbox 632 929 814 976; x_wconf 87' lang='lat' dir='ltr'><strong>temporis</strong></span> <span class='ocrx_word' id='word_1_36' title='bbox 1198 930 1278 976; x_wconf 81' lang='lat' dir='ltr'><strong>Quo</strong></span> <span class='ocrx_word' id='word_1_37' title='bbox 1308 931 1574 978; x_wconf 84' lang='lat' dir='ltr'><strong>requiesceret,</strong></span> 
     </span>
     <span class='ocr_line' id='line_1_10' title="bbox 440 987 1609 1034; baseline 0.001 -10"><span class='ocrx_word' id='word_1_38' title='bbox 440 987 657 1034; x_wconf 80' lang='lat' dir='ltr'><strong>praesignat</strong></span> <span class='ocrx_word' id='word_1_39' title='bbox 688 997 817 1034; x_wconf 88' lang='lat' dir='ltr'><strong>opera.</strong></span> <span class='ocrx_word' id='word_1_40' title='bbox 1254 988 1420 1034; x_wconf 83' lang='lat' dir='ltr'><strong>sepulcri</strong></span> <span class='ocrx_word' id='word_1_41' title='bbox 1450 988 1609 1026; x_wconf 82' lang='lat' dir='ltr'><strong>loculus,</strong></span> 
     </span>
     <span class='ocr_line' id='line_1_11' title="bbox 315 1122 1572 1173; baseline 0 -13"><span class='ocrx_word' id='word_1_42' title='bbox 315 1125 352 1164; x_wconf 82' lang='grc'><strong>2,</strong></span> <span class='ocrx_word' id='word_1_43' title='bbox 383 1123 477 1160; x_wconf 87' lang='lat' dir='ltr'><strong>Heri</strong></span> <span class='ocrx_word' id='word_1_44' title='bbox 509 1122 699 1160; x_wconf 89' lang='lat' dir='ltr'><strong>dominica</strong></span> <span class='ocrx_word' id='word_1_45' title='bbox 1130 1126 1166 1162; x_wconf 91' lang='lat'><strong>4.</strong></span> <span class='ocrx_word' id='word_1_46' title='bbox 1199 1123 1281 1161; x_wconf 90' lang='lat' dir='ltr'><strong>Hoc</strong></span> <span class='ocrx_word' id='word_1_47' title='bbox 1310 1123 1381 1160; x_wconf 89' lang='lat' dir='ltr'><strong>tibi</strong></span> <span class='ocrx_word' id='word_1_48' title='bbox 1411 1127 1572 1173; x_wconf 88' lang='lat' dir='ltr'><strong>mortuo,</strong></span> 
     </span>
     <span class='ocr_line' id='line_1_12' title="bbox 441 1178 1656 1231; baseline 0.001 -15"><span class='ocrx_word' id='word_1_49' title='bbox 441 1178 543 1217; x_wconf 88' lang='lat' dir='ltr'><strong>facta</strong></span> <span class='ocrx_word' id='word_1_50' title='bbox 573 1183 630 1216; x_wconf 91' lang='lat' dir='ltr'><strong>est</strong></span> <span class='ocrx_word' id='word_1_51' title='bbox 660 1179 798 1229; x_wconf 79' lang='lat' dir='ltr'><strong>passio,</strong></span> <span class='ocrx_word' id='word_1_52' title='bbox 1257 1181 1405 1231; x_wconf 87' lang='lat' dir='ltr'><strong>Ioseph,</strong></span> <span class='ocrx_word' id='word_1_53' title='bbox 1438 1190 1656 1229; x_wconf 80' lang='lat' dir='ltr'><strong>paraveras,</strong></span> 
     </span>
     <span class='ocr_line' id='line_1_13' title="bbox 385 1237 1580 1275; baseline 0.002 -3"><span class='ocrx_word' id='word_1_54' title='bbox 385 1237 437 1273; x_wconf 89' lang='lat' dir='ltr'><strong>Et</strong></span> <span class='ocrx_word' id='word_1_55' title='bbox 468 1240 724 1273; x_wconf 84' lang='lat' dir='ltr'><strong>consummata</strong></span> <span class='ocrx_word' id='word_1_56' title='bbox 755 1240 812 1273; x_wconf 90' lang='lat' dir='ltr'><strong>est</strong></span> <span class='ocrx_word' id='word_1_57' title='bbox 1200 1238 1319 1275; x_wconf 87' lang='lat' dir='ltr'><strong>Tuam</strong></span> <span class='ocrx_word' id='word_1_58' title='bbox 1351 1241 1388 1274; x_wconf 90' lang='lat' dir='ltr'><strong>et</strong></span> <span class='ocrx_word' id='word_1_59' title='bbox 1417 1237 1580 1274; x_wconf 92' lang='lat' dir='ltr'><strong>omnium</strong></span> 
     </span>
     <span class='ocr_line' id='line_1_14' title="bbox 442 1293 1692 1342; baseline 0 -12"><span class='ocrx_word' id='word_1_60' title='bbox 442 1297 573 1330; x_wconf 86' lang='lat' dir='ltr'><strong>nostra</strong></span> <span class='ocrx_word' id='word_1_61' title='bbox 604 1293 828 1341; x_wconf 82' lang='lat' dir='ltr'><strong>redemptio,</strong></span> <span class='ocrx_word' id='word_1_62' title='bbox 1259 1294 1376 1332; x_wconf 90' lang='lat' dir='ltr'><strong>vitam</strong></span> <span class='ocrx_word' id='word_1_63' title='bbox 1406 1305 1478 1341; x_wconf 91' lang='lat' dir='ltr'><strong>quo</strong></span> <span class='ocrx_word' id='word_1_64' title='bbox 1509 1294 1692 1342; x_wconf 83' lang='lat' dir='ltr'><strong>tumulas;</strong></span> 
     </span>
     <span class='ocr_line' id='line_1_15' title="bbox 385 1349 1610 1388; baseline 0 -1"><span class='ocrx_word' id='word_1_65' title='bbox 385 1349 438 1387; x_wconf 88' lang='lat' dir='ltr'><strong>Ut</strong></span> <span class='ocrx_word' id='word_1_66' title='bbox 469 1350 796 1387; x_wconf 74' lang='lat' dir='ltr'><strong>Consummatum</strong></span> <span class='ocrx_word' id='word_1_67' title='bbox 826 1352 878 1387; x_wconf 83' lang='lat' dir='ltr'><strong>est</strong></span> <span class='ocrx_word' id='word_1_68' title='bbox 1205 1351 1316 1388; x_wconf 91' lang='lat' dir='ltr'><strong>Hunc</strong></span> <span class='ocrx_word' id='word_1_69' title='bbox 1344 1351 1401 1387; x_wconf 93' lang='lat' dir='ltr'><strong>illi</strong></span> <span class='ocrx_word' id='word_1_70' title='bbox 1431 1351 1610 1388; x_wconf 88' lang='lat' dir='ltr'><strong>lectulum</strong></span> 
     </span>
     <span class='ocr_line' id='line_1_16' title="bbox 443 1406 1705 1458; baseline 0.002 -16"><span class='ocrx_word' id='word_1_71' title='bbox 443 1406 514 1443; x_wconf 90' lang='lat' dir='ltr'><strong>hoc</strong></span> <span class='ocrx_word' id='word_1_72' title='bbox 543 1406 582 1443; x_wconf 89' lang='lat' dir='ltr'><strong>in</strong></span> <span class='ocrx_word' id='word_1_73' title='bbox 613 1406 794 1453; x_wconf 85' lang='lat' dir='ltr'><strong>mysterio</strong></span> <span class='ocrx_word' id='word_1_74' title='bbox 1259 1412 1448 1444; x_wconf 90' lang='lat' dir='ltr'><strong>terrenum</strong></span> <span class='ocrx_word' id='word_1_75' title='bbox 1480 1407 1705 1458; x_wconf 82' lang='lat' dir='ltr'><strong>commodas,</strong></span> 
     </span>
     <span class='ocr_line' id='line_1_17' title="bbox 385 1463 1655 1511; baseline 0.002 -12"><span class='ocrx_word' id='word_1_76' title='bbox 385 1463 534 1500; x_wconf 84' lang='lat' dir='ltr'><strong>Dictum</strong></span> <span class='ocrx_word' id='word_1_77' title='bbox 566 1463 737 1510; x_wconf 87' lang='lat' dir='ltr'><strong>intellegi</strong></span> <span class='ocrx_word' id='word_1_78' title='bbox 1203 1465 1280 1501; x_wconf 89' lang='lat' dir='ltr'><strong>Per</strong></span> <span class='ocrx_word' id='word_1_79' title='bbox 1309 1474 1417 1511; x_wconf 91' lang='lat' dir='ltr'><strong>quem</strong></span> <span class='ocrx_word' id='word_1_80' title='bbox 1448 1464 1486 1500; x_wconf 92' lang='lat' dir='ltr'><strong>in</strong></span> <span class='ocrx_word' id='word_1_81' title='bbox 1517 1464 1655 1501; x_wconf 89' lang='lat' dir='ltr'><strong>lectulo</strong></span> 
     </span>
     <span class='ocr_line' id='line_1_18' title="bbox 442 1519 1615 1567; baseline 0.003 -11"><span class='ocrx_word' id='word_1_82' title='bbox 442 1521 558 1567; x_wconf 85' lang='lat' dir='ltr'><strong>possit</strong></span> <span class='ocrx_word' id='word_1_83' title='bbox 591 1531 614 1557; x_wconf 86' lang='lat' dir='ltr'><strong>a</strong></span> <span class='ocrx_word' id='word_1_84' title='bbox 644 1519 818 1558; x_wconf 88' lang='lat' dir='ltr'><strong>Domino.</strong></span> <span class='ocrx_word' id='word_1_85' title='bbox 1262 1521 1416 1559; x_wconf 89' lang='lat' dir='ltr'><strong>caelesti</strong></span> <span class='ocrx_word' id='word_1_86' title='bbox 1445 1521 1615 1559; x_wconf 81' lang='lat' dir='ltr'><strong>recubas.</strong></span> 
     </span>
    </p>
   </div>
   <div class='ocr_carea' id='block_1_3' title="bbox 795 1655 1378 2100">
    <p class='ocr_par' dir='ltr' id='par_1_3' title="bbox 795 1655 1378 2100">
     <span class='ocr_line' id='line_1_19' title="bbox 795 1655 1217 1703; baseline -0.005 -9"><span class='ocrx_word' id='word_1_87' title='bbox 795 1659 831 1694; x_wconf 90' lang='lat'><strong>5.</strong></span> <span class='ocrx_word' id='word_1_88' title='bbox 864 1656 921 1692; x_wconf 92' lang='lat' dir='ltr'><strong>Tu</strong></span> <span class='ocrx_word' id='word_1_89' title='bbox 952 1655 1021 1692; x_wconf 89' lang='lat' dir='ltr'><strong>tibi</strong></span> <span class='ocrx_word' id='word_1_90' title='bbox 1053 1656 1217 1703; x_wconf 87' lang='lat' dir='ltr'><strong>compati</strong></span> 
     </span>
     <span class='ocr_line' id='line_1_20' title="bbox 918 1711 1378 1759; baseline -0.002 -10"><span class='ocrx_word' id='word_1_91' title='bbox 918 1712 973 1749; x_wconf 87' lang='lat' dir='ltr'><strong>sic</strong></span> <span class='ocrx_word' id='word_1_92' title='bbox 1004 1711 1064 1750; x_wconf 90' lang='lat' dir='ltr'><strong>fac</strong></span> <span class='ocrx_word' id='word_1_93' title='bbox 1093 1724 1175 1759; x_wconf 82' lang='lat' dir='ltr'><strong>nos,</strong></span> <span class='ocrx_word' id='word_1_94' title='bbox 1206 1712 1378 1756; x_wconf 86' lang='lat' dir='ltr'><strong>Domine,</strong></span> 
     </span>
     <span class='ocr_line' id='line_1_21' title="bbox 862 1769 1204 1816; baseline 0 -10"><span class='ocrx_word' id='word_1_95' title='bbox 862 1770 965 1806; x_wconf 84' lang='lat' dir='ltr'><strong>Tuae</strong></span> <span class='ocrx_word' id='word_1_96' title='bbox 996 1769 1204 1816; x_wconf 85' lang='lat' dir='ltr'><strong>participes</strong></span> 
     </span>
     <span class='ocr_line' id='line_1_22' title="bbox 917 1826 1288 1873; baseline 0.003 -11"><span class='ocrx_word' id='word_1_97' title='bbox 917 1830 959 1862; x_wconf 95' lang='lat' dir='ltr'><strong>ut</strong></span> <span class='ocrx_word' id='word_1_98' title='bbox 988 1826 1103 1863; x_wconf 92' lang='lat' dir='ltr'><strong>simus</strong></span> <span class='ocrx_word' id='word_1_99' title='bbox 1133 1826 1288 1873; x_wconf 74' lang='lat' dir='ltr'><strong>gloriae,</strong></span> 
     </span>
     <span class='ocr_line' id='line_1_23' title="bbox 862 1882 1330 1929; baseline 0 -11"><span class='ocrx_word' id='word_1_100' title='bbox 862 1882 924 1919; x_wconf 88' lang='lat' dir='ltr'><strong>Sic</strong></span> <span class='ocrx_word' id='word_1_101' title='bbox 951 1893 1132 1929; x_wconf 86' lang='lat' dir='ltr'><strong>praesens</strong></span> <span class='ocrx_word' id='word_1_102' title='bbox 1163 1883 1330 1920; x_wconf 88' lang='lat' dir='ltr'><strong>triduum</strong></span> 
     </span>
     <span class='ocr_line' id='line_1_24' title="bbox 917 1940 1269 1988; baseline 0.003 -13"><span class='ocrx_word' id='word_1_103' title='bbox 917 1940 956 1976; x_wconf 90' lang='lat' dir='ltr'><strong>in</strong></span> <span class='ocrx_word' id='word_1_104' title='bbox 984 1940 1086 1977; x_wconf 91' lang='lat' dir='ltr'><strong>luctu</strong></span> <span class='ocrx_word' id='word_1_105' title='bbox 1119 1940 1269 1988; x_wconf 85' lang='lat' dir='ltr'><strong>ducere,</strong></span> 
     </span>
     <span class='ocr_line' id='line_1_25' title="bbox 862 1995 1238 2034; baseline -0.003 0"><span class='ocrx_word' id='word_1_106' title='bbox 862 1995 916 2034; x_wconf 89' lang='lat' dir='ltr'><strong>Ut</strong></span> <span class='ocrx_word' id='word_1_107' title='bbox 946 1996 1061 2033; x_wconf 91' lang='lat' dir='ltr'><strong>risum</strong></span> <span class='ocrx_word' id='word_1_108' title='bbox 1092 1996 1238 2034; x_wconf 84' lang='lat' dir='ltr'><strong>tribuas</strong></span> 
     </span>
     <span class='ocr_line' id='line_1_26' title="bbox 917 2053 1295 2100; baseline 0 -10"><span class='ocrx_word' id='word_1_109' title='bbox 917 2053 1108 2100; x_wconf 87' lang='lat' dir='ltr'><strong>paschalis</strong></span> <span class='ocrx_word' id='word_1_110' title='bbox 1139 2053 1295 2100; x_wconf 87' lang='lat' dir='ltr'><strong>gratiae.</strong></span> 
     </span>
    </p>
   </div>
   <div class='ocr_carea' id='block_1_4' title="bbox 410 2184 1020 2241">
    <p class='ocr_par' dir='ltr' id='par_1_4' title="bbox 410 2184 1020 2241">
     <span class='ocr_line' id='line_1_27' title="bbox 410 2184 1020 2241; baseline 0 -22"><span class='ocrx_word' id='word_1_111' title='bbox 410 2188 436 2219; x_wconf 89' lang='lat' dir='ltr'>C</span> <span class='ocrx_word' id='word_1_112' title='bbox 459 2185 584 2241; x_wconf 41' lang='lat' dir='ltr'><strong>f‹›l.·81</strong></span> <span class='ocrx_word' id='word_1_113' title='bbox 599 2198 630 2219; x_wconf 83' lang='lat' dir='ltr'><strong>a.</strong></span> <span class='ocrx_word' id='word_1_114' title='bbox 656 2206 700 2210; x_wconf 88' lang='lat'><strong>—</strong></span> <span class='ocrx_word' id='word_1_115' title='bbox 724 2185 755 2225; x_wconf 84' lang='lat'><strong>4,</strong></span> <span class='ocrx_word' id='word_1_116' title='bbox 781 2184 801 2218; x_wconf 80' lang='grc'>2</span> <span class='ocrx_word' id='word_1_117' title='bbox 826 2191 1020 2229; x_wconf 82' lang='lat' dir='ltr'><strong>paraverat.</strong></span> 
     </span>
    </p>
   </div>
   <div class='ocr_carea' id='block_1_5' title="bbox 868 2365 1329 2409">
    <p class='ocr_par' dir='ltr' id='par_1_5' title="bbox 868 2365 1329 2409">
     <span class='ocr_line' id='line_1_28' title="bbox 868 2365 1329 2409; baseline -0.002 -7"><span class='ocrx_word' id='word_1_118' title='bbox 868 2365 938 2402; x_wconf 88' lang='grc'><strong>163.</strong></span> <span class='ocrx_word' id='word_1_119' title='bbox 981 2366 1061 2409; x_wconf 86' lang='grc'>(53.)</span> <span class='ocrx_word' id='word_1_120' title='bbox 1095 2365 1147 2402; x_wconf 80' lang='lat' dir='ltr'><strong>Ad</strong></span> <span class='ocrx_word' id='word_1_121' title='bbox 1173 2365 1329 2402; x_wconf 73' lang='lat' dir='ltr'><strong>Laudes.</strong></span> 
     </span>
    </p>
   </div>
   <div class='ocr_carea' id='block_1_6' title="bbox 323 2482 1680 2872">
    <p class='ocr_par' dir='ltr' id='par_1_6' title="bbox 323 2482 1680 2872">
     <span class='ocr_line' id='line_1_29' title="bbox 323 2482 1514 2522; baseline 0 -2"><span class='ocrx_word' id='word_1_122' title='bbox 323 2482 363 2522; x_wconf 91' lang='lat'><strong>1.</strong></span> <span class='ocrx_word' id='word_1_123' title='bbox 392 2483 541 2520; x_wconf 89' lang='lat' dir='ltr'><strong>Dormit</strong></span> <span class='ocrx_word' id='word_1_124' title='bbox 572 2482 644 2520; x_wconf 90' lang='lat' dir='ltr'><strong>hoc</strong></span> <span class='ocrx_word' id='word_1_125' title='bbox 675 2483 802 2520; x_wconf 92' lang='lat' dir='ltr'><strong>triduo</strong></span> <span class='ocrx_word' id='word_1_126' title='bbox 1136 2486 1174 2522; x_wconf 87' lang='lat'><strong>2.</strong></span> <span class='ocrx_word' id='word_1_127' title='bbox 1204 2484 1299 2522; x_wconf 91' lang='lat' dir='ltr'><strong>Avis</strong></span> <span class='ocrx_word' id='word_1_128' title='bbox 1328 2483 1514 2521; x_wconf 89' lang='lat' dir='ltr'><strong>mirabilis</strong></span> 
     </span>
     <span class='ocr_line' id='line_1_30' title="bbox 445 2539 1644 2591; baseline 0.002 -15"><span class='ocrx_word' id='word_1_129' title='bbox 445 2539 564 2576; x_wconf 87' lang='lat' dir='ltr'><strong>leonis</strong></span> <span class='ocrx_word' id='word_1_130' title='bbox 596 2541 753 2587; x_wconf 81' lang='lat' dir='ltr'><strong>catulus,</strong></span> <span class='ocrx_word' id='word_1_131' title='bbox 1261 2540 1425 2587; x_wconf 80' lang='lat' dir='ltr'><strong>phoenix</strong></span> <span class='ocrx_word' id='word_1_132' title='bbox 1456 2545 1493 2577; x_wconf 85' lang='lat' dir='ltr'><strong>et</strong></span> <span class='ocrx_word' id='word_1_133' title='bbox 1522 2541 1644 2591; x_wconf 83' lang='lat' dir='ltr'><strong>unica,</strong></span> 
     </span>
     <span class='ocr_line' id='line_1_31' title="bbox 391 2596 1680 2648; baseline 0.001 -13"><span class='ocrx_word' id='word_1_134' title='bbox 391 2596 496 2635; x_wconf 85' lang='lat' dir='ltr'><strong>Sicut</strong></span> <span class='ocrx_word' id='word_1_135' title='bbox 526 2597 771 2643; x_wconf 80' lang='lat' dir='ltr'><strong>praedixerat</strong></span> <span class='ocrx_word' id='word_1_136' title='bbox 1206 2598 1323 2644; x_wconf 74' lang='lat' dir='ltr'><strong>Quam</strong></span> <span class='ocrx_word' id='word_1_137' title='bbox 1355 2602 1392 2634; x_wconf 89' lang='lat' dir='ltr'><strong>et</strong></span> <span class='ocrx_word' id='word_1_138' title='bbox 1421 2598 1486 2635; x_wconf 81' lang='lat' dir='ltr'><strong>lux</strong></span> <span class='ocrx_word' id='word_1_139' title='bbox 1517 2603 1680 2648; x_wconf 77' lang='lat' dir='ltr'><strong>reparat,</strong></span> 
     </span>
     <span class='ocr_line' id='line_1_32' title="bbox 447 2653 1630 2702; baseline 0.003 -13"><span class='ocrx_word' id='word_1_140' title='bbox 447 2663 569 2690; x_wconf 87' lang='lat' dir='ltr'><strong>sermo</strong></span> <span class='ocrx_word' id='word_1_141' title='bbox 605 2654 861 2701; x_wconf 80' lang='lat' dir='ltr'><strong>propheticus,</strong></span> <span class='ocrx_word' id='word_1_142' title='bbox 1262 2659 1303 2691; x_wconf 92' lang='lat' dir='ltr'><strong>ut</strong></span> <span class='ocrx_word' id='word_1_143' title='bbox 1334 2653 1472 2700; x_wconf 84' lang='lat' dir='ltr'><strong>ferunt,</strong></span> <span class='ocrx_word' id='word_1_144' title='bbox 1505 2655 1630 2702; x_wconf 80' lang='lat' dir='ltr'><strong>tertia,</strong></span> 
     </span>
     <span class='ocr_line' id='line_1_33' title="bbox 390 2709 1619 2758; baseline 0.002 -13"><span class='ocrx_word' id='word_1_145' title='bbox 390 2709 520 2746; x_wconf 83' lang='lat' dir='ltr'><strong>Donec</strong></span> <span class='ocrx_word' id='word_1_146' title='bbox 553 2710 651 2747; x_wconf 82' lang='lat' dir='ltr'><strong>hunc</strong></span> <span class='ocrx_word' id='word_1_147' title='bbox 682 2710 836 2747; x_wconf 86' lang='lat' dir='ltr'><strong>suscitet</strong></span> <span class='ocrx_word' id='word_1_148' title='bbox 1205 2710 1291 2748; x_wconf 89' lang='lat' dir='ltr'><strong>Non</strong></span> <span class='ocrx_word' id='word_1_149' title='bbox 1321 2711 1444 2748; x_wconf 88' lang='lat' dir='ltr'><strong>minus</strong></span> <span class='ocrx_word' id='word_1_150' title='bbox 1474 2711 1619 2758; x_wconf 82' lang='lat' dir='ltr'><strong>peragit</strong></span> 
     </span>
     <span class='ocr_line' id='line_1_34' title="bbox 450 2766 1616 2815; baseline 0.003 -13"><span class='ocrx_word' id='word_1_151' title='bbox 450 2766 595 2813; x_wconf 84' lang='lat' dir='ltr'><strong>rugitus</strong></span> <span class='ocrx_word' id='word_1_152' title='bbox 626 2767 784 2813; x_wconf 84' lang='lat' dir='ltr'><strong>patrius,</strong></span> <span class='ocrx_word' id='word_1_153' title='bbox 1265 2768 1406 2805; x_wconf 89' lang='lat' dir='ltr'><strong>Christi</strong></span> <span class='ocrx_word' id='word_1_154' title='bbox 1436 2768 1616 2815; x_wconf 73' lang='lat' dir='ltr'><strong>mysteria</strong></span> 
     </span>
     <span class='ocr_line' id='line_1_35' title="bbox 394 2823 1581 2872; baseline 0.003 -14"><span class='ocrx_word' id='word_1_155' title='bbox 394 2823 483 2859; x_wconf 79' lang='lat' dir='ltr'><strong>Cum</strong></span> <span class='ocrx_word' id='word_1_156' title='bbox 518 2823 599 2859; x_wconf 85' lang='lat' dir='ltr'><strong>dies</strong></span> <span class='ocrx_word' id='word_1_157' title='bbox 631 2824 788 2872; x_wconf 86' lang='lat' dir='ltr'><strong>venerit,</strong></span> <span class='ocrx_word' id='word_1_158' title='bbox 1206 2824 1276 2862; x_wconf 91' lang='lat' dir='ltr'><strong>Vel</strong></span> <span class='ocrx_word' id='word_1_159' title='bbox 1308 2825 1581 2872; x_wconf 88' lang='lat' dir='ltr'><strong>resurgentium</strong></span> 
     </span>
    </p>
   </div>
   <div class='ocr_carea' id='block_1_7' title="bbox 452 2879 1629 2929">
    <p class='ocr_par' dir='ltr' id='par_1_7' title="bbox 452 2879 1629 2929">
     <span class='ocr_line' id='line_1_36' title="bbox 452 2879 1629 2929; baseline 0.004 -15"><span class='ocrx_word' id='word_1_160' title='bbox 452 2890 524 2925; x_wconf 83' lang='lat' dir='ltr'><strong>quo</strong></span> <span class='ocrx_word' id='word_1_161' title='bbox 556 2879 596 2915; x_wconf 62' lang='lat' dir='ltr'><strong>fit,</strong></span> <span class='ocrx_word' id='word_1_162' title='bbox 628 2880 708 2929; x_wconf 79' lang='lat' dir='ltr'><strong>hoc,</strong></span> <span class='ocrx_word' id='word_1_163' title='bbox 743 2880 887 2917; x_wconf 82' lang='lat' dir='ltr'><strong>tertius.</strong></span> <span class='ocrx_word' id='word_1_164' title='bbox 1264 2882 1447 2928; x_wconf 81' lang='lat' dir='ltr'><strong>promittit</strong></span> <span class='ocrx_word' id='word_1_165' title='bbox 1482 2881 1629 2928; x_wconf 78' lang='lat' dir='ltr'><strong>gaudia.</strong></span> 
     </span>
    </p>
   </div>
   <div class='ocr_carea' id='block_1_8' title="bbox 1957 0 2031 3289">
    <p class='ocr_par' dir='ltr' id='par_1_8' title="bbox 1957 0 2031 3289">
     <span class='ocr_line' id='line_1_37' title="bbox 1957 0 2031 3289; baseline 0 0"><span class='ocrx_word' id='word_1_166' title='bbox 1957 0 2031 3289; x_wconf 95' lang='lat' dir='ltr'><strong> </strong></span> 
     </span>
    </p>
   </div>
  </div>
 </body>
</html>
