2031 3289
939 170 1243 210 —138—

431 282 552 325 Sitque
581 293 675 314 meae
700 294 799 324 prece
826 286 884 314 tua

473 328 671 359 consolator
695 330 831 360 animae

428 373 475 404 Et
499 373 660 405 infundat
683 374 867 414 peccatrici

473 419 585 449 oleum
612 420 647 449 in
672 418 840 460 lampade,

328 460 401 493 145.
428 465 504 503 Quo
532 468 653 505 parata
678 465 789 505 possit
813 474 940 505 sponso

327 686 399 720 150.

361 1248 380 1283 ΕΠ

333 1530 395 1567 10.

332 1812 395 1849 15.

329 2097 394 2134 20.

329 2381 349 2415 lla*

358 2383 378 2417 ΕΠ

332 2663 395 2702 30,

472 510 613 541 caelesti
640 519 828 540 occurrere.

427 555 510 591 Ave,
536 556 634 595 virgo
661 554 858 595 siligula1·iS‚

472 610 609 630 sumens
635 599 700 630 hoc
726 600 930 640 benigniter,

428 644 511 682 Ave,
537 645 703 685 templum
727 646 918 685 gratiarum

471 691 623 721 omnium
648 690 818 729 capabile,

425 735 508 773 Ave,
535 736 634 766 cuius
660 739 857 776 peccatores

471 784 617 821 pascunt
642 781 871 820 elemosynae.

1237 283 1365 320 Gaude.
1394 283 1487 321 felix,
1512 287 1546 315 et
1569 294 1611 314 ex
1636 285 1721 325 ipsis

1285 338 1389 359 unam
1414 328 1497 359 mihi
1523 329 1647 367 tribue,

1140 371 1213 404 155.
1240 375 1287 406 Ut
1311 374 1449 405 sublata
1474 384 1533 415 per
1559 374 1649 405 hanc
1674 374 1767 404 omni

1139 598 1213 632 160.

1283 418 1435 450 hostium
1459 419 1642 450 formidine

1239 465 1320 495 Sine
1345 463 1413 496 fine
1436 466 1566 505 possim
1592 465 1666 496 Deo

1282 510 1412 551 gratias
1439 509 1635 550 rependere.

1238 554 1450 586 Bene-dicant
1473 558 1507 586 te
1533 565 1593 596 per
1617 558 1739 586 a'evum

1283 601 1429 631 virtutes
1456 600 1635 642 angelicae

1236 645 1284 676 Et
1307 644 1351 676 ad
1375 645 1515 676 laudem
1539 645 1707 676 creatoris

1282 694 1316 721 te
1341 691 1377 720 in
1402 692 1495 721 omni
1520 694 1674 731 tempore

1237 736 1364 767 Omnes
1389 736 1500 766 sancti
1524 735 1733 767 benedicant

1283 784 1316 812 et
1343 784 1382 812 tu
1406 791 1461 812 me
1486 784 1521 812 et
1545 791 1608 822 ego
1633 784 1678 812 te.

785 923 857 959 109.
893 926 951 968 (7.)
986 925 1190 971 Rhythmus
1214 924 1406 972 Septimus.

426 1018 527 1056 Urbs
560 1016 630 1054 fuit
661 1018 699 1054 in
731 1018 914 1066 Galilaea,

488 1074 689 1120 Nazareth,
722 1075 812 1111 urbs
842 1075 1002 1126 urbium,

429 1131 539 1169 Omni
570 1131 650 1167 viro
683 1131 888 1169 christiano

489 1188 713 1224 Veneranda
743 1188 955 1239 plurimum,

390 1274 398 1282 .
431 1245 543 1283 Cuius
573 1255 708 1291 magna
740 1245 1004 1282 celebrandum

486 1306 540 1338 est
570 1301 683 1338 laude
714 1303 967 1349 praeconium,

430 1359 521 1395 Plus
552 1358 754 1404 peculiaris
785 1359 938 1397 Christo

486 1425 596 1461 quam
627 1414 711 1460 ipsa
742 1414 1016 1466 Capharnaum,

429 1474 545 1518 Quam
577 1481 756 1517 expresse
787 1483 891 1508 suam
923 1478 1029 1510 vocat

485 1531 655 1565 sanctum
684 1528 944 1576 Evangelium.

429 1585 524 1621 Nam
554 1584 600 1622 ab
631 1584 699 1621 illa
729 1585 916 1623 Nazareni

484 1641 601 1678 traxit
631 1651 765 1678 nomen
795 1642 966 1680 inclitum

427 1699 477 1735 Et
509 1709 554 1735 ex
584 1698 650 1735 illa
680 1702 832 1735 nostrae
864 1701 987 1747 coepit

485 1755 616 1792 salutis
648 1755 857 1804 exordium,

429 1813 471 1849 In
508 1823 580 1858 qua
611 1812 772 1858 sumpsit
802 1813 913 1850 stella
942 1814 1056 1850 maris

483 1869 578 1905 lucis
609 1879 697 1905 suae
729 1869 887 1919 radium,

427 1927 470 1963 In
503 1936 576 1972 qua
606 1925 702 1962 vidit
733 1930 769 1962 et
800 1926 945 1963 audivit

483 1982 588 2018 illum
619 1982 690 2018 Dei
722 1983 905 2027 nuntium,

426 2039 497 2086 Qui
527 2039 719 2085 praedixit
748 2039 820 2075 sibi
852 2039 992 2077 Christi

484 2100 605 2132 ortum
636 2094 885 2143 salutiferum,

428 2154 500 2190 Per
530 2163 638 2198 quem
669 2163 709 2188 se
741 2151 1027 2190 confoederaret

482 2209 562 2246 Deo
592 2208 687 2246 fides
718 2209 918 2249 hominum.

426 2268 528 2311 Quae
559 2265 682 2312 beata,
719 2271 916 2313 postquam
948 2267 1057 2304 audit

483 2323 575 2359 llaec
603 2323 817 2369 loquentem
847 2324 1033 2370 angelum,

386 2409 394 2417 .
428 2379 557 2415 Credit
590 2379 877 2426 evangelizanti,

485 2436 650 2482 concipit
681 2446 750 2482 per
780 2436 966 2483 spiritum.

428 2492 489 2530 Sic
520 2491 682 2529 fecunda
712 2492 753 2529 fit
783 2497 939 2529 naturae

483 2549 681 2585 vehemens
713 2549 944 2589 miraculum.

428 2605 570 2642 Ferens
602 2617 694 2643 onus
726 2606 868 2643 caelum
903 2617 1034 2653 regens

487 2667 519 2699 et
555 2663 757 2709 disponens
787 2663 988 2713 saeculum,

433 2720 543 2765 Virgo
574 2730 786 2767 praegnans
810 2719 961 2756 verbum
986 2720 1055 2756 Dei

484 2781 606 2821 gestat
636 2776 736 2812 intra
767 2781 926 2814 uterum.

427 2832 569 2868 Novom
603 2832 793 2869 mensibus
824 2833 989 2879 peractis

485 2890 582 2935 parit
617 2889 720 2937 virgo
751 2900 921 2939 puerum,

1144 1022 1208 1059 35.

1143 1305 1209 1341 40.

1143 1590 1208 1626 45.

1143 2158 1207 2194 55.

1142 2439 1206 2475 60.

1142 2722 1206 2759 65.

1240 1020 1385 1057 Mundo
1416 1020 1558 1065 lucem,
1601 1017 1708 1057 nobis
1740 1017 1867 1064 vitam,

1295 1075 1428 1112 inferis
1459 1077 1628 1123 exitium,

1241 1133 1426 1180 Sponsum
1457 1133 1530 1180 piis
1560 1131 1768 1177 animabus,

1296 1189 1455 1236 captivis
1487 1189 1705 1234 remedium,

1239 1245 1492 1283 Daemonibus
1523 1245 1775 1292 sempiternae

1295 1301 1467 1339 flammae
1497 1301 1777 1349 praecipitium,

1240 1359 1321 1397 Deo
1351 1359 1452 1406 patri
1483 1368 1754 1404 consessorem,

1297 1416 1534 1463 archangelis
1566 1415 1766 1464 dominum,

1242 1473 1426 1511 Paradiso
1456 1471 1675 1519 voluptatis,

1297 1529 1450 1566 chorum
1482 1527 1761 1574 exsultantium,

1241 1585 1352 1624 Unde
1383 1586 1470 1632 quia
1499 1586 1629 1633 pulsus
1660 1585 1769 1621 homo

1297 1653 1366 1689 per
1396 1643 1500 1679 Evae
1530 1641 1725 1689 flagitium,

1241 1700 1389 1736 Primus
1421 1704 1476 1735 est
1507 1709 1701 1746 regressus
1731 1697 1828 1733 latro

1298 1767 1367 1803 per
1395 1756 1541 1792 Mariae
1572 1755 1700 1793 filium.

1242 1813 1357 1860 Virgo
1387 1813 1504 1850 Iactat
1534 1823 1640 1849 suum
1672 1815 1831 1858 patrem,

1296 1870 1418 1916 pascit
1448 1880 1580 1918 panem
1612 1868 1804 1911 melicum,

1239 1925 1365 1963 Fortis
1396 1926 1501 1972 virgo
1530 1926 1630 1962 inter
1656 1925 1765 1961 ulnas

1296 1981 1369 2020 fert
1399 1987 1590 2020 auctorem
1621 1981 1828 2028 proprium,

1241 2040 1356 2086 Virgo
1387 2039 1452 2086 pia
1483 2039 1661 2085 pietatem

1296 2095 1399 2133 fovet
1425 2096 1525 2133 intra
1555 2095 1749 2143 gremium,

1241 2153 1359 2189 Tenet
1389 2153 1527 2202 solem,
1560 2152 1692 2199 palpat
1722 2159 1866 2199 pace-m,

1297 2215 1505 2256 pertractat
1537 2208 1760 2246 altissimum

1240 2266 1390 2303 Ducens
1421 2277 1551 2303 manus
1578 2275 1647 2312 per
1669 2273 1866 2310 compages

1297 2327 1511 2360 tenerorum
1541 2327 1701 2366 artuum,

1239 2379 1359 2416 Lavat
1392 2390 1549 2425 pannos,
1582 2378 1698 2415 verba
1729 2376 1862 2413 verbo.

1296 2436 1359 2473 dat
1391 2441 1427 2472 et
1460 2434 1554 2473 fonti
1588 2435 1774 2480 balneum,

1240 2493 1383 2530 Muleet
1415 2492 1548 2529 crebro
1581 2491 1803 2539 vagientem,

1299 2549 1361 2586 dat
1395 2547 1612 2596 frequenter
1638 2547 1806 2584 osculum

1241 2603 1467 2655 Oculosque,
1500 2616 1655 2652 quorum
1688 2603 1811 2640 nullus

1299 2662 1425 2707 effugit
1455 2662 1649 2707 iudicium,

1242 2720 1369 2766 'l'ergit
1401 2730 1512 2756 mauu
1547 2718 1777 2761 lacrimosos‚

1295 2780 1407 2822 pacat
1438 2776 1535 2812 lacte
1563 2774 1759 2821 querulum

1241 2833 1290 2869 Et
1322 2833 1359 2869 in
1392 2833 1495 2869 cunis
1526 2831 1777 2868 obstetricans

1295 2889 1483 2936 componit
1514 2886 1752 2925 infantulum.
