2031 3289
900 202 1209 243 —334—

607 317 799 363 Splendor
828 317 896 353 sed
929 315 1092 353 famulae
1121 316 1259 362 gaudia
1290 321 1503 364 congregat,

604 373 657 411 Ut
688 383 839 409 carnem
871 370 1046 419 foveant3
1078 371 1217 419 pabula
1247 378 1465 421 praeparat,

510 432 560 467 25
610 429 775 465 Verbum
804 427 1022 479 fructificat,
1055 429 1224 475 germina
1253 429 1409 475 colligit,

607 485 736 523 Fortis
763 485 955 521 terribiles
986 495 1059 521 non
1090 485 1217 522 timuit
1248 489 1349 522 rotas

604 542 654 578 Et
685 546 844 577 mortem
875 542 1032 588 patitur,
1064 552 1112 577 ne
1141 541 1276 578 subeat
1307 551 1448 586 necem,

601 597 654 634 Et
683 598 743 633 lac
774 597 1016 643 consequitur
1047 597 1204 634 vulnera
1235 597 1452 646 candidum,

602 653 858 700 Montanoque
888 654 1015 690 locant
1045 653 1188 690 vertice
1220 653 1354 690 funera

508 711 559 748 30
606 710 775 748 Dextrae
806 710 1040 753 caelicolum,
1072 710 1155 756 quis
1186 709 1312 746 refluit
1340 710 1466 756 liquor

603 766 784 803 Reddens
817 766 1006 802 debilibus
1037 766 1206 803 membra
1236 766 1414 803 valentia.

366 850 585 891 Martinengo
611 849 633 880 1.
659 859 686 880 c.
715 846 776 880 191
801 859 851 890 sq.
884 865 920 870 -
945 846 966 880 8
984 849 1178 881 Caterinae.
1195 866 1240 872 ——
1260 849 1360 889 „Alia
1385 849 1451 880 oda
1475 850 1510 880 in
1535 849 1645 890 ipsius
1662 848 1834 882 laudem“.

705 994 787 1029 260.
824 994 881 1035 (6.)
917 994 975 1028 De
1001 994 1143 1029 sancta
1167 993 1412 1028 Katharina.

605 1087 729 1124 Multa
760 1098 827 1124 nos
860 1087 959 1133 cogit
989 1087 1138 1124 bonitas
1168 1087 1318 1134 puellae

607 1143 762 1180 Cantieo
793 1144 926 1180 laudes
956 1144 1102 1190 agitare
1133 1150 1276 1191 nostro,

606 1201 732 1237 Pauca
764 1200 851 1236 dum
882 1200 1040 1247 spernit,
1073 1200 1146 1236 sibi
1177 1211 1273 1247 quae
1304 1207 1481 1247 parentes

607 1256 828 1304 Liquerant,
861 1257 990 1293 multis
1021 1257 1156 1303 opibus
1188 1255 1351 1296 fovetur.

539 1316 561 1351 5
609 1313 769 1359 Sceptra
801 1314 887 1350 dum
921 1313 1020 1360 regis
1050 1312 1198 1360 fragilis
1231 1313 1396 1361 reliquit,

606 1370 696 1406 Alta
728 1369 874 1406 dotavit
904 1369 1076 1406 iuvenem
1110 1380 1260 1409 corona.

608 1426 778 1462 Plurima
810 1424 917 1462 fulsit
949 1426 1154 1463 Catharina
1186 1424 1319 1472 forma,

608 1482 682 1519 Sed
714 1483 834 1529 magis
866 1483 1063 1528 pulchram
1095 1493 1295 1519 numerosa
1326 1483 1445 1520 virtus

607 1538 793 1576 Reddidit
823 1539 957 1575 summi
988 1539 1198 1585 meruitque
1228 1539 1349 1586 patris

511 1595 562 1633 10
610 1595 730 1633 Unico
761 1596 865 1641 iungi
893 1595 1065 1642 speciosa
1096 1601 1196 1633 nato.

606 1652 699 1688 Eius
730 1652 908 1698 amplexu
935 1652 1090 1698 cupiens
1122 1650 1255 1697 foveri,

607 1708 726 1744 Terra
758 1709 858 1754 quod
889 1713 1018 1754 posset
1050 1709 1152 1755 dare,
1184 1720 1258 1745 non
1291 1707 1434 1754 cupivit

609 1764 836 1810 Prosperum
867 1765 1070 1811 quidquam
1102 1765 1199 1801 mala
1234 1775 1303 1801 nec
1333 1763 1485 1812 refugit.

609 1820 720 1858 Unde
751 1831 820 1857 nec
851 1822 1003 1867 praesul
1034 1822 1157 1867 potuit
1186 1821 1323 1858 minaci

516 1878 566 1916 15
615 1877 750 1914 Pectus
781 1878 884 1914 illius
916 1888 1109 1914 removere
1142 1877 1246 1914 vultu

608 1933 700 1970 Eius
733 1939 770 1970 et
800 1935 946 1980 sprevit
976 1935 1128 1981 placitis
1160 1933 1302 1973 favere.

608 1990 797 2027 Monstrat
829 1995 963 2037 arguto
994 1991 1149 2027 rationis
1181 1996 1280 2040 actu,

609 2048 713 2092 Quae
744 2046 855 2083 fidem
889 2047 1063 2096 lustrent,
1095 2048 1248 2084 senibus
1280 2047 1441 2096 togatis,

610 2103 720 2151 Vicit,
753 2108 791 2139 et
823 2103 933 2140 victis
964 2104 1109 2150 placuit
1139 2103 1306 2151 subesse,

512 2161 563 2197 20
609 2159 705 2196 Fine
738 2160 824 2197 dum
858 2160 971 2197 vitam
1003 2161 1164 2197 subeunt
1190 2163 1394 2198 carentem.

608 2215 789 2255 Carnifex
821 2215 922 2253 ferro
950 2217 1093 2254 lacerat
1124 2217 1315 2265 tenellam,

607 2272 724 2309 Forte
754 2275 821 2310 sed
853 2278 984 2319 pectus
1016 2273 1160 2320 nequiit
1192 2272 1328 2320 ferire3

608 2329 782 2368 Carceris
814 2334 938 2366 taetra
970 2330 1082 2366 latuit
1114 2340 1288 2379 caverna,

611 2386 803 2432 Splendor
831 2393 891 2423 ast
921 2387 1056 2422 summi
1087 2387 1211 2432 patuit
1243 2386 1391 2423 decoris

513 2444 566 2481 25
613 2443 664 2478 Et
694 2443 837 2479 lucrum
871 2442 1021 2480 Christo
1051 2447 1163 2489 parat
1193 2443 1230 2479 in
1262 2448 1426 2480 caterva.

609 2499 686 2535 Iam
718 2509 853 2535 novum
883 2499 1032 2545 pondus
1064 2499 1201 2536 cecidit
1231 2504 1397 2536 rotarum

606 2556 706 2592 Ante
737 2565 790 2603 se,
822 2566 968 2592 sacrum
1001 2556 1087 2592 tulit
1117 2560 1155 2592 et
1184 2556 1402 2602 maniplum.

608 2613 714 2648 Iussa
745 2612 811 2648 sed
844 2612 996 2649 tandem
1030 2618 1142 2658 caput
1175 2612 1376 2659 amputari,

609 2668 808 2714 Supplices
841 2668 991 2705 Christo
1025 2669 1162 2716 rogitat
1194 2668 1386 2707 ferendos.
1970 2676 1978 2956 I

512 2726 564 2762 30
612 2725 756 2761 Vulnus
788 2725 933 2761 illatum
967 2725 1116 2762 laticem
1152 2726 1215 2762 dat
1247 2725 1387 2774 album,

609 2781 780 2818 Caelicae
810 2781 944 2818 turbae
973 2782 1149 2828 sepelivit
1178 2793 1264 2818 ossa

608 2837 772 2880 Puritas,
805 2843 957 2874 manant
990 2838 1111 2875 oleum
1144 2838 1310 2875 salubre.

372 2920 589 2959 Martinongo
609 2921 628 2951 l.
648 2931 665 2951 c
697 2933 727 2962 1¹.
748 2919 820 2953 190.
834 2939 877 2943 --
893 2920 911 2952 7
931 2923 1105 2953 (lateritia.
1122 2939 1159 2943 —
1180 2922 1275 2962 „Oda
1294 2923 1327 2952 in
1342 2921 1476 2952 laudem
1491 2919 1643 2951 ciusdem
1656 2917 1834 2960 virginis·
