1914 3223
88 309 91 312 ·
105 292 160 328 33.

102 922 156 957 36.

126 1938 156 1972 με

126 2568 157 2600 91

737 207 791 211 -
851 185 931 225 475
1008 209 1042 213 --

202 295 232 328 O
256 295 380 334 Maria,
406 307 425 327 o
451 300 488 328 tu
514 297 583 338 pia,

243 340 346 372 Pacis
370 343 429 373 via
453 343 638 381 mentibuS,

196 386 268 418 Dat
292 386 448 418 solamen
475 391 509 419 et
533 388 691 419 levamen

242 431 355 463 Tuum
379 442 505 464 nomen
531 433 703 465 omnibus.

197 505 300 548 Spem
326 509 490 548 reportat,
516 518 575 538 cor
598 507 782 549 confortat,

241 551 352 583 Dulce
377 556 479 583 sonat
503 553 659 591 nimium,

199 596 284 628 Cum
309 597 461 634 dulcore,
486 608 563 629 cum
589 608 707 630 amore

242 641 318 674 Stat
343 643 378 673 in
403 653 461 674 ore
487 644 653 674 omnium.

151 739 159 747 .
198 716 227 748 O
251 715 376 753 Maria,
403 719 513 748 mater
538 717 607 757 pia,

241 761 332 792 Dum
355 771 503 803 generas
528 760 649 799 filium,

195 807 267 838 Nos
292 806 333 837 de
360 807 470 848 portis
496 806 593 838 (lirae
620 808 742 839 mortis

242 851 408 883 Perducis
434 851 477 883 ad
501 852 679 893 gaudium.

194 925 284 956 Nam
309 925 389 956 dum
416 926 507 957 facta
534 929 568 958 et
593 927 757 958 mandata

239 971 322 1002 Nati
347 972 395 1002 tui
425 972 612 1012 sequimur,

194 1016 278 1047 Post
301 1015 392 1048 hanc
417 1016 529 1048 lucem
555 1017 643 1049 caeli
669 1017 790 1049 ducem

239 1062 280 1093 In
305 1065 425 1104 requie
448 1060 540 1102 (con)
563 1063 752 1104 sequimur.

194 1135 303 1177 Virgo
329 1135 457 1167 munda
483 1139 517 1168 et
541 1136 699 1176 fecunda,

238 1181 361 1212 Dulcis
387 1191 466 1222 spes
492 1183 696 1219 amantium,

193 1226 291 1266 Quae
316 1228 446 1258 amicta
471 1237 573 1259 carne
603 1228 671 1259 sit-a

237 1271 344 1303 Caelo
370 1273 468 1304 iuxta
492 1272 613 1311 filium,

191 1343 241 1376 Es
270 1355 421 1387 superna
446 1349 628 1387 praestans
655 1346 746 1378 dona

237 1389 408 1422 Omnibus
432 1390 605 1429 fidelibus,

193 1436 261 1467 His
286 1437 457 1478 inprimis,
484 1438 542 1478 qui
570 1437 697 1479 opimis

238 1481 323 1512 Tuis
350 1483 483 1513 instant
508 1482 682 1514 laudibus.

926 290 983 329 391

924 504 978 539 40.

924 714 979 750 41.

923 925 978 959 42.

924 1134 980 1169 43.

1017 297 1046 328 Ο
1072 299 1234 341 benigna,
1260 298 1363 331 laude
1387 299 1493 341 digna

1065 343 1240 375 Salvatrix
1267 343 1432 382 fidelium,

1017 388 1129 422 Mater
1155 390 1231 424 Dei,
1257 389 1372 421 cordis
1399 390 1464 422 mei

1063 434 1196 466 Munda
1220 434 1447 467 domicilium.

1016 507 1130 539 Mater
1153 508 1246 547 felix,
1273 519 1362 550 quae
1387 509 1450 540 das
1475 509 1583 541 caelis

1061 553 1108 584 Et
1133 556 1245 585 terrae
1271 554 1452 593 laetitiam,

1016 598 1185 630 Caritatis
1213 603 1318 640 atque
1344 601 1438 639 pacis

1064 644 1210 675 Praesta
1234 644 1317 675 mihi
1343 646 1503 686 gratiam.

1017 716 1046 748 O
1072 728 1150 759 spes
1176 727 1263 755 mea,
1289 717 1332 749 ad
1358 729 1412 750 me
1440 729 1516 750 mea

1061 762 1167 794 Dulci
1193 763 1306 794 cordia
1332 765 1471 795 tramite

1015 808 1063 839 Et
1087 819 1141 840 me
1166 811 1264 840 necte
1288 809 1368 840 viae
1395 813 1508 841 rectae

1063 853 1309 885 >laudatorum
1335 855 1489 886 semitae.

1015 927 1044 959 Ο
1070 927 1233 966 iucunda,
1259 927 1378 959 sordes
1404 929 1532 960 munda

1060 973 1190 1004 Mentis
1217 983 1313 1005 meae
1339 974 1491 1009 sauciae,

1018 1018 1077 1050 Uti
1103 1018 1211 1050 laeter
1237 1021 1270 1049 et
1295 1018 1463 1050 iucunder

1062 1064 1175 1095 Domo
1201 1065 1447 1096 conscientiae.

1021 1136 1153 1175 Gaude,
1180 1142 1312 1176 sancta,
1338 1148 1400 1179 per
1425 1148 1528 1179 quam
1554 1141 1653 1169 tanta

1061 1183 1157 1214 Deus
1184 1183 1310 1214 mundo
1336 1183 1470 1221 tribuit,

1016 1227 1117 1267 Quod
1143 1232 1322 1260 aeternum
1348 1229 1415 1260 Dei
1440 1229 1582 1261 verbum

1058 1274 1100 1305 In
1125 1277 1159 1305 te
1183 1283 1322 1305 carnem
1349 1273 1473 1306 induit.

1015 1347 1065 1379 Te
1090 1347 1234 1379 laudare
1259 1351 1293 1379 et
1317 1357 1435 1379 amare

1062 1394 1118 1424 Da
1142 1393 1230 1424 mihi
1255 1403 1333 1424 cum
1358 1392 1500 1434 gaudio,

1016 1438 1130 1479 Atque
1154 1438 1243 1470 velis
1268 1448 1322 1469 me
1348 1439 1385 1469 in
1410 1438 1517 1470 caelis

1061 1484 1292 1515 Praesentare
1317 1483 1402 1515 filio.

193 1549 282 1581 Hier
306 1549 423 1591 folgen
450 1559 512 1581 aus
539 1549 735 1592 Rhythmus
760 1550 810 1582 IV
835 1550 905 1582 Str.
930 1548 1077 1584 26—29.

771 1655 895 1692 Pars
937 1655 1003 1694 VI.

946 1730 976 1763 7.

193 1731 313 1773 Virgo,
339 1731 462 1772 gaude,
491 1730 598 1772 digna
622 1731 736 1771 laude,

239 1776 345 1808 Porta
371 1776 468 1808 salve
493 1776 636 1814 caelica,

194 1822 291 1861 Quae
316 1821 458 1860 fulsisti,
484 1831 573 1862 quae
598 1822 696 1854 fuisti

237 1868 352 1899 Mater
376 1867 507 1899 Christi
533 1868 646 1899 unica.

193 1940 345 1983 Fulgens
371 1951 441 1972 una
466 1941 543 1982 plus
569 1951 673 1982 quam
698 1942 783 1974 luna

240 1985 299 2018 Sol
325 1990 359 2018 et
383 1989 509 2018 cuncta
533 1986 658 2027 sidera,

193 2031 224 2062 A
249 2031 390 2063 caducis
414 2042 478 2063 nos
504 2031 622 2064 educis

238 2077 386 2109 Monens
410 2077 498 2108 lucis
524 2087 640 2119 opera.

194 2150 418 2182 Concubinae
443 2154 477 2182 et
502 2152 643 2193 reginae

240 2196 321 2227 Tibi
347 2195 452 2238 digne
478 2197 660 2236 cantitant,

197 2242 384 2283 Speciosae
410 2251 451 2273 ac
475 2242 648 2274 formosae

240 2286 321 2318 Tibi
348 2297 497 2328 sponsae
522 2287 686 2319 militant.

195 2359 353 2392 Cinctam
381 2361 516 2401 florum,
540 2361 694 2392 liliorum

239 2405 290 2437 Ac
315 2416 471 2437 rosarum
499 2407 615 2448 specie

193 2451 243 2483 Te
268 2451 438 2482 facundae
463 2461 503 2483 ac
527 2451 694 2484 fecundae

240 2496 403 2528 Laudant
428 2500 573 2528 cunctae
598 2496 703 2529 filiae.

193 2568 280 2600 Tam
306 2572 464 2607 venusta,
491 2573 562 2601 tam
588 2574 737 2612 augusta

240 2614 338 2654 Quae
363 2617 415 2646 est
440 2615 518 2653 ista,
545 2616 720 2657 inquiunt,

195 2659 307 2698 Quam
332 2659 498 2692 caelestes
524 2664 559 2692 et
583 2664 761 2693 terrestres

239 2702 437 2737 Ierarchiae
463 2706 645 2737 ambiunt?

195 2777 303 2810 Cuius
328 2788 438 2820 genae
463 2781 544 2810 sunt
568 2789 710 2811 serenae

241 2823 350 2863 Quasi
374 2833 482 2865 genae
508 2825 663 2862 turturis,

197 2868 427 2901 Columbinus
453 2879 493 2900 ac
518 2869 689 2912 benignus

239 2913 345 2945 Visus
371 2925 492 2956 expers
518 2914 675 2957 fulguris.

926 2358 978 2394 10.

929 2569 980 2602 11.

926 2778 978 2812 1-2.

1015 1731 1117 1763 Flore
1143 1731 1241 1763 salvo
1268 1733 1371 1763 huius
1395 1742 1476 1763 caro

1061 1778 1188 1809 Fervet
1213 1778 1440 1816 aromatibus,

1015 1823 1098 1862 Ipsa
1123 1823 1247 1854 miram
1273 1817 1421 1864 primam
1446 1832 1597 1863 myrram

1061 1868 1180 1900 Castis
1206 1869 1317 1910 spirat
1341 1868 1514 1900 manibus.

1014 1941 1113 1973 Haec
1138 1943 1339 1984 unguentis,
1372 1942 1459 1973 haec
1485 1941 1675 1983 pigmentis

1061 1987 1189 2019 Sacrae
1215 1988 1340 2019 mentis
1366 1987 1488 2026 affluit,

1014 2033 1113 2064 Haec
1139 2032 1290 2071 odorem,
1316 2033 1400 2064 haec
1426 2034 1593 2064 maiorem

1059 2078 1166 2110 Caelo
1195 2078 1313 2110 florem
1338 2079 1470 2120 genuit.

1016 2152 1046 2184 O
1070 2152 1206 2183 felicem
1231 2152 1451 2194 genetricem,

1059 2198 1125 2229 Per
1150 2207 1254 2239 quam
1279 2207 1399 2239 pacem
1425 2197 1649 2238 sumpsimus,

1014 2243 1044 2275 O
1067 2243 1217 2281 felicem,
1244 2253 1348 2285 quam
1374 2242 1572 2279 doctricem,

1061 2289 1167 2320 Lucis
1193 2288 1304 2320 lucem
1330 2287 1522 2319 hausimus.

1016 2361 1045 2394 O
1071 2363 1108 2393 in
1133 2361 1241 2393 caelis
1267 2371 1416 2404 regnans
1441 2360 1534 2397 felix,

1061 2408 1142 2439 Dux
1166 2406 1278 2438 fidelis
1304 2408 1471 2448 gentium,

1016 2453 1045 2484 O
1071 2456 1109 2484 tu
1134 2453 1234 2484 fortis
1259 2453 1387 2483 vic-trix
1411 2451 1544 2488 mortis,

1060 2498 1159 2530 Finis
1184 2498 1306 2529 mortis
1331 2497 1510 2528 mentium.

1017 2571 1046 2603 Ο
1071 2570 1134 2602 flos
1160 2571 1293 2609 florum,
1319 2570 1453 2601 doctrix
1478 2578 1624 2606 morum,

1062 2616 1274 2658 Angelorum
1300 2615 1450 2654 domina,

1017 2662 1145 2693 Nostra
1169 2661 1257 2696 Eva,
1284 2663 1403 2691 nostra
1428 2660 1529 2692 laeva

1059 2707 1187 2738 Nostra
1212 2705 1291 2737 lava
1318 2706 1475 2737 crimina.

1015 2780 1044 2812 Ο
1070 2780 1181 2821 polita
1207 2780 1405 2820 margarita,

1062 2824 1168 2866 Regis
1197 2826 1264 2855 sita
1289 2825 1428 2861 vertice,

1015 2871 1044 2902 Ο
1072 2869 1232 2901 sublimis
1258 2870 1348 2901 facta
1374 2870 1479 2901 nimis

1059 2917 1131 2947 Nos
1160 2916 1194 2946 in
1221 2915 1300 2946 imis
1326 2915 1470 2956 respice.
