2031 3289
948 202 1250 241 —150—

324 320 361 355 3.
394 317 542 361 Quievit
574 316 635 353 die
665 316 825 362 septimo
1136 318 1174 352 5.
1208 314 1314 351 Illius
1345 315 1494 362 inquam
1528 315 1697 360 Sabbati,

395 373 479 409 Non
510 373 671 410 lassatus
702 372 739 408 in
772 372 910 418 aliquo,
1205 371 1312 418 Quod
1344 375 1401 407 est
1430 371 1601 419 ignarum
1632 371 1794 417 termini,

449 430 561 476 Quies
592 429 675 475 ipsa
1263 428 1342 474 Quo
1372 439 1447 475 pax
1478 439 1578 476 vera,

505 486 607 522 Deus
638 489 833 531 perpetua,
1320 495 1463 521 summa
1493 484 1750 531 tranquillitas

450 543 493 579 In
525 553 596 588 quo
628 546 762 577 cuncta
1263 540 1372 587 luges
1402 541 1478 588 agit

506 598 642 644 quietis
674 598 825 645 gaudia.
1319 595 1500 635 festorum
1532 596 1661 635 ferias.

325 746 364 783 4.
396 745 505 781 Diem
535 755 623 791 ergo
655 744 878 793 sanctificat,
1139 746 1178 783 6.
1211 744 1268 781 Sit
1298 753 1435 790 perpes
1466 743 1547 781 Deo
1577 744 1709 794 gloria,

395 802 475 846 Quo
507 801 689 838 cessando
721 801 927 847 quieverat,
1208 801 1267 837 Ex
1289 811 1362 847 quo
1383 805 1482 846 sunt,
1505 811 1599 847 quae
1621 805 1721 849 sunt,
1742 801 1877 852 omnia,

452 859 496 895 In
528 857 686 895 Sabbati
1266 858 1394 903 Ipsum
1426 861 1572 905 cuncta,

507 914 587 951 veri
616 913 796 961 mysterio
1320 923 1390 960 per
1419 924 1528 961 quem
1550 917 1648 964 sunt,
1681 913 1880 960 predicent

452 970 650 1008 Benedicit
1266 970 1342 1017 Ipsi
1375 980 1537 1017 semper,

509 1027 584 1064 diei
615 1026 789 1074 septimo.
1321 1027 1359 1063 in
1390 1037 1463 1074 quo
1493 1030 1580 1063 sunt
1609 1026 1779 1064 iubilent.

418 1174 443 1204 Ι),
475 1173 532 1204 fol.
559 1170 643 1205 831³.
669 1189 713 1194 —
742 1170 770 1211 l,
794 1169 816 1203 2
843 1172 889 1204 Et
913 1173 1009 1203 fehlt.
1039 1190 1075 1193 —
1103 1170 1134 1209 2,
1160 1170 1180 1202 3
1206 1173 1368 1214 perfecta.
1392 1188 1436 1193 —
1462 1171 1492 1211 7,
1518 1173 1538 1205 6
1563 1175 1726 1214 tempore.

940 1511 1058 1553 Pars
1089 1510 1265 1553 Altera.

786 1628 1077 1678 Hymni
1128 1627 1425 1666 Diurni.

844 1759 916 1797 120.
952 1760 1033 1804 (10.)
1070 1759 1134 1795 Die
1160 1758 1360 1796 Dominica.

987 1853 1038 1885 Ad
1064 1853 1213 1885 Laudes.

325 1979 362 2017 1.
395 1978 562 2016 Advenit
594 1979 746 2029 veritas,
1141 1981 1178 2020 3.
1212 1979 1392 2016 Velamen
1423 1982 1564 2016 exuunt

450 2035 585 2072 umbra
615 2035 826 2083 praeteriit,
1267 2035 1410 2082 figurae
1439 2035 1634 2084 mysticae,

400 2093 488 2130 Post
515 2095 663 2129 noctem
696 2093 849 2129 claritas
1209 2093 1280 2130 Est
1310 2093 1348 2129 in
1379 2103 1420 2129 re
1451 2093 1591 2129 veritas

453 2148 529 2186 diei
560 2149 688 2195 subiit,
1263 2149 1337 2185 iam
1367 2160 1442 2186 non
1471 2149 1509 2186 in
1541 2149 1746 2198 schemate,

394 2205 455 2242 Ad
488 2209 610 2242 ortum
645 2206 805 2242 rutilant
1208 2206 1399 2244 Promissa
1429 2205 1573 2253 liquido

452 2263 605 2308 superni
636 2262 788 2299 luminis
1264 2263 1454 2309 complens
1485 2262 1706 2309 prophetica

396 2319 507 2367 Legis
536 2319 730 2366 mysteria,
1208 2320 1289 2356 Iota
1320 2320 1379 2357 vel
1409 2319 1556 2366 apicem

451 2376 565 2422 plena
596 2375 780 2423 caliginis.
1263 2387 1336 2413 non
1366 2376 1455 2412 sinit
1484 2376 1609 2414 irrita.

325 2524 362 2561 2.
396 2521 630 2558 Nocturnum
662 2522 787 2570 Moysi
1137 2525 1174 2561 4.
1207 2522 1415 2560 Transacto
1443 2521 1561 2559 flebili

451 2578 561 2615 cedat
597 2579 852 2624 praeconium,
1266 2579 1312 2616 de
1343 2583 1462 2616 morte
1494 2590 1650 2627 vespere

396 2635 578 2672 Diurnum
612 2636 783 2682 congruit
1209 2637 1301 2674 Cum
1334 2637 1411 2673 vita
1441 2636 1615 2674 redditur

454 2691 528 2729 diei
560 2692 756 2737 canticum,
1265 2703 1373 2729 mane
1404 2693 1586 2741 laetitiae,

401 2748 493 2785 Cum
526 2748 678 2787 Christo
709 2749 898 2795 prodeunt
1211 2750 1388 2797 Resurgit
1418 2749 1612 2799 Dominus,

454 2809 565 2842 cunta
596 2806 641 2842 de
673 2805 842 2844 latebris.
1267 2811 1451 2853 apparent
1484 2807 1622 2856 angeli,

399 2861 477 2898 Nec
510 2862 631 2899 locum
666 2862 805 2899 deserit
1212 2864 1397 2902 Custodes
1429 2861 1576 2909 fugiunt

456 2918 519 2955 lux
551 2922 657 2956 tanta
687 2918 864 2957 tenebris.
1269 2919 1472 2966 splendore
1503 2919 1637 2958 territi.
