1914 3223
723 216 777 220 -—
837 193 916 233 :357
977 215 1032 220 —

67 331 70 334 -
104 306 201 345 lla.
242 307 346 353 Ergo
376 306 459 352 pari
916 297 1016 348 11'b.
1058 307 1109 345 Et
1139 276 1383 354 per-septem

241 367 328 400 voto
358 362 602 410 imploremus
1057 365 1198 410 gradus
1230 364 1424 411 spiritales

239 419 413 466 spiritum
1055 421 1239 466 perducat

239 474 512 522 septiformem,
545 475 761 521 septuplum
1056 482 1284 524 expurgatos
1314 477 1364 514 ad
1395 477 1515 524 ipsam

238 543 305 570 nos
338 536 519 579 expurget
552 532 705 568 tandem
1056 534 1411 580 contemplationem

726 600 790 638 12.
837 600 1034 638 Veritatis.

188 701 271 734 Cod.
302 701 414 732 Palat.
446 701 689 733 Vindobouen.
721 698 797 732 628.
832 711 924 733 saec.
958 699 1008 733 11.
1042 701 1081 733 A.
1109 719 1150 723 —
1176 703 1280 735 Grad.
1315 713 1376 733 ms.
1403 701 1660 743 Set-ovienseffl

96 758 185 780 saec.
226 744 276 778 12.
325 746 407 777 Cod.
441 747 683 778 Vindobonen.
712 743 838 778 13314.
870 747 909 777 B.
938 764 980 768 —
1006 747 1110 778 Grad.
1136 758 1197 779 ms.
1223 749 1463 785 Awmstanum
1490 758 1577 779 saec.
1608 746 1658 779 14.

95 795 141 825 in.
192 793 279 824 Chn.
303 792 486 823 Monacen.
511 790 610 823 3906.
637 792 674 824 C.
700 792 799 823 Miss.
825 802 888 823 ms.
914 792 1153 833 Augustanuni
1180 804 1269 824 saec.
1300 792 1349 824 14.
1392 794 1474 825 Cod.
1498 794 1658 825 Vatican.

93 839 205 871 Palat.
243 835 318 870 503.
357 838 398 868 l).
437 854 472 858 ——
509 838 674 878 Sequent.
712 848 773 869 ms.
810 838 1038 878 Sangallense
1069 839 1151 869 anni
1188 837 1283 870 1516.
1340 839 1423 870 cod.
1457 838 1658 880 sangallen.

92 883 274 924 (Brauder)
297 880 373 914 546.
399 882 440 914 E.

187 928 245 967 la,
272 926 293 957 :5
317 927 505 969 designans
525 927 599 959 DE.
627 946 667 950 -
693 925 755 963 2b,
782 924 803 959 3
831 938 950 969 preces
976 928 1081 959 vehat
1100 929 1139 959 Ε.
1164 945 1207 949 ——
1232 926 1290 961 321,
1317 928 1338 959 S
1363 933 1397 960 et
1414 930 1539 969 spiritu
1557 930 1595 960 B.
1614 947 1657 950 -—

94 972 155 1009 3b,
181 972 202 1006 2
228 976 334 1006 iotam
358 973 458 1004 ABE.
478 990 522 994 —
540 971 604 1007 4a.
632 973 651 1003 (5
677 972 786 1005 donec
803 973 846 1004 D.
872 990 917 995 --
945 971 1006 1008 5a,
1037 972 1051 1004 l
1073 975 1119 1006 Ut
1137 975 1282 1005 scientia
1301 975 1337 1005 B.
1357 991 1399 995 —-
1417 973 1478 1011 5b,
1508 973 1523 1006 1
1543 974 1658 1006 Pellat

95 1024 129 1053 et
154 1020 191 1051 B.
217 1038 260 1041 -
285 1019 347 1057 tib,
374 1017 394 1050 5
415 1019 543 1050 dimitti
571 1018 656 1049 fehlt
673 1019 715 1049 D.
742 1036 786 1039 —
809 1017 871 1057 7a,
896 1016 917 1049 3
943 1019 1146 1059 desig-natur
1163 1019 1203 1050 Ε.
1229 1036 1273 1040 -
1297 1017 1358 1056 Sa,
1381 1018 1395 1051 1
1424 1020 1508 1052 Inde
1526 1020 1594 1052 BC.
1613 1037 1657 1041 —

94 1063 156 1104 9a,
182 1063 203 1097 3
228 1065 367 1106 spiritui
393 1066 430 1096 C.
456 1081 499 1085 —
524 1062 585 1102 9a,
613 1062 633 1095 5
659 1065 718 1105 qui
744 1064 872 1095 donum
899 1065 935 1095 B.
962 1081 1006 1085 —-
1030 1062 1090 1099 91),
1121 1063 1134 1095 1
1161 1065 1253 1095 viam
1278 1066 1308 1095 1)
1345 1082 1387 1086 —-
1413 1064 1477 1103 91»,
1502 1063 1523 1096 2
1547 1067 1655 1097 vitam

92 1112 136 1143 D.
163 1130 204 1134 —
230 1111 292 1147 91),
318 1107 339 1140 3
364 1111 533 1142 ieiunium
551 1110 588 1142 C.
608 1126 648 1131 —
671 1107 752 1147 lob,
778 1107 799 1141 5
817 1110 1034 1151 permanebit
1052 1107 1090 1140 Ε.
1110 1127 1153 1131 —-
1174 1108 1255 1145 lob,
1282 1109 1302 1140 6
1319 1122 1392 1151 sqq.
1420 1110 1534 1142 fehlen
1553 1111 1595 1142 E.
1613 1127 1656 1132 —

95 1155 184 1195 llb,
224 1155 239 1187 1
274 1157 321 1188 Ut
353 1166 413 1197 per
445 1157 482 1187 G.
510 1172 555 1176 —
582 1152 673 1193 llb,
704 1152 726 1186 4
758 1156 869 1196 ipsius
898 1155 936 1186 B.
964 1171 1007 1176 -—
1038 1153 1128 1192 llb,
1163 1154 1182 1185 5
1209 1156 1501 1197 contemplatione
1530 1156 1570 1197 C3
1605 1157 1657 1187 iu-

95 1203 307 1244 spectionem
331 1202 369 1232 B.
397 1219 437 1223 —
463 1201 528 1232 DE
554 1199 643 1231 nach
671 1200 753 1231 Rev.
779 1200 825 1232 H.
850 1200 897 1231 M.
923 1201 1119 1231 Bannistcr.
1145 1218 1188 1222 -
1211 1201 1310 1232 Mel.:
1337 1201 1564 1242 Frigdola.

466 1357 548 1392 276.
585 1357 665 1399 (13.)
702 1357 746 1391 In
772 1356 1032 1393 Exaltatione
1059 1366 1092 1392 s.
1121 1356 1275 1392 Crucis.

716 1452 752 1490 1.
798 1450 1042 1498 Magnificate

92 1533 161 1570 2a.
205 1530 404 1568 Dominum
434 1541 580 1567 mecum
907 1530 981 1569 2b.
1023 1530 1094 1576 Qui
1125 1530 1298 1567 ascendit
1328 1530 1366 1566 in

204 1591 241 1624 et
272 1587 482 1624 exaltemus
512 1597 645 1624 nomen
1018 1587 1196 1633 palmam,
1228 1587 1518 1634 apprehendere

203 1645 282 1681 eius
312 1644 350 1680 in
383 1644 422 1681 id
453 1645 589 1691 ipsum,
1018 1641 1164 1680 fructus
1196 1643 1274 1680 eius
1307 1643 1449 1681 dulces.

94 1738 164 1776 3a.
206 1735 236 1774 O
263 1734 425 1772 altitudo
908 1734 983 1774 3b.
1024 1735 1127 1781 Quae
1158 1734 1263 1770 caelo
1293 1738 1434 1771 terram

203 1796 315 1839 atque
346 1790 576 1838 profundum
1019 1790 1254 1835 reconciliat,
1280 1819 1287 1827 ,

206 1849 329 1885 crucis
360 1853 592 1894 purpuratae
1020 1857 1197 1893 suprema
1229 1847 1448 1894 contingens

203 1905 242 1942 in
275 1904 415 1942 Christi
447 1904 639 1951 sanguine,
1021 1908 1059 1940 et
1088 1904 1162 1940 ima
1193 1908 1409 1950 penetrans.

91 1999 161 2036 4a.
204 1996 311 2033 Haec
341 2006 487 2032 sursum
520 1994 638 2031 corda
906 1993 979 2033 4b.
1025 1995 1079 2033 Ut
1109 1997 1188 2030 toto
1219 1994 1346 2040 corde⁷

202 2052 333 2099 stipite
363 2062 430 2088 suo
1020 2054 1100 2088 tota
1130 2050 1266 2095 anima,

203 2109 318 2155 levat,
350 2119 422 2155 quo
454 2108 642 2145 exaltatus
1018 2111 1100 2144 tota
1130 2106 1354 2144 fortitudine

204 2171 260 2202 est
288 2176 357 2212 per
385 2165 506 2211 ipsam
1022 2164 1202 2210 diligatur

202 2222 355 2259 trahens
385 2221 434 2258 ad
466 2232 506 2258 se
537 2222 673 2272 omnia,
1020 2231 1087 2258 nos
1118 2221 1157 2257 in
1187 2219 1299 2257 finem
1331 2220 1504 2266 diligens

92 2316 162 2352 5a.
205 2313 280 2350 Sed
311 2313 397 2359 quia
426 2317 514 2349 tunc
546 2323 634 2349 vere
907 2311 980 2350 5b.
1023 2309 1070 2349 In
1101 2310 1202 2357 ligno
1233 2314 1450 2348 transverso

206 2369 378 2416 diligitur
402 2369 601 2415 Dominus,
1019 2367 1119 2404 sacri
1150 2366 1312 2413 patibuli

204 2437 286 2463 cum
318 2436 449 2463 servus
1020 2424 1199 2461 docemur

203 2487 243 2520 ut
273 2492 356 2519 sese
388 2482 512 2530 diligit
1019 2480 1196 2527 expansis
1227 2479 1399 2516 manibus

205 2540 460 2587 conservulos,
1020 2536 1191 2574 crucifixi

204 2597 344 2633 amicos
1020 2594 1174 2631 dextros
1206 2597 1242 2629 et

205 2657 242 2689 et
271 2652 398 2689 hostes
428 2651 584 2698 pariter,
1019 2650 1192 2687 sinistros
1223 2649 1412 2696 amplecti.

95 2744 164 2781 6³.
206 2742 289 2780 Hoc
319 2743 425 2790 signo
457 2742 666 2789 consignati
907 2740 981 2780 6b.
1024 2741 1077 2779 Ut
1107 2740 1244 2787 iugiter
1273 2740 1311 2777 in
1342 2739 1450 2777 nobis

205 2797 336 2837 famuli
1020 2795 1167 2833 ferveat

205 2856 413 2893 clareamus
1018 2853 1137 2900 ipsius
1169 2859 1206 2889 et

207 2910 417 2949 conformes
450 2911 623 2959 Domino,
1019 2908 1177 2947 fratrum
1209 2910 1373 2948 dilectio.
