2031 3289
893 223 1201 262 —332—

473 340 589 385 Quem
621 337 748 383 superi
780 337 951 373 cecinere
982 336 1102 382 chori,
1134 347 1205 382 quo
1239 336 1351 373 dante
1383 335 1485 374 beati

477 394 683 432 Exsultant
714 393 841 439 animi,
873 392 1010 429 venisti
1042 393 1215 428 emittere
1245 391 1397 429 luctus‘?

388 453 437 490 15
482 451 554 498 En,
587 460 667 496 age,
698 449 771 485 iam
804 454 955 487 nostros
985 449 1133 493 subeas,
1166 449 1215 484 mi
1246 456 1344 498 nate,
1376 449 1552 493 lacertos,

477 507 601 544 Parva
631 511 735 552 geret
768 516 942 551 magnum
976 507 1146 551 genetrix
1178 504 1399 552 fragilisque
1427 510 1632 552 potentem,

478 564 677 601 Factorem
709 561 875 608 gestabit
908 572 1003 607 opus
1034 561 1226 607 nubesque
1258 562 1445 601 decorem.

478 620 593 657 Astat
621 618 731 664 inops
765 617 905 656 ancilla
935 617 1017 659 tibi,
1049 628 1143 664 quae
1173 618 1302 654 mollia
1332 629 1449 664 parvo

481 674 656 714 Membra
686 679 786 722 tegat
819 685 967 720 pann03
999 685 1071 710 non
1104 674 1165 710 hic-
1196 674 1327 711 domus
1359 674 1490 711 inclita
1520 678 1690 720 sumptus

386 734 438 771 20
482 732 671 778 Adparat,
703 731 864 767 ancillae
896 730 1032 767 desunt
1063 731 1250 777 gnavique
1280 730 1456 778 ministri,

480 789 646 834 Cumque
678 786 779 823 furat
811 787 963 835 Boreas,
997 797 1071 823 non
1103 786 1189 833 igne
1219 792 1283 823 aut
1314 787 1414 833 pelle
1444 786 1591 824 fovebo.

482 845 554 889 En,
586 848 755 880 tenerum
787 848 919 890 patere
949 843 1073 879 loculo
1106 844 1298 889 deponere
1329 854 1479 889 corpus.

477 901 549 950 En,
582 900 652 936 tibi
683 911 752 946 pro
783 900 880 936 lecto
914 909 1121 945 praesaepe
1151 900 1378 936 insternitur
1408 900 1547 946 amplo,

475 957 611 1004 Qualia
641 961 729 993 nate
759 956 864 1003 legis,
897 956 964 992 tali
997 955 1066 991 tibi
1098 966 1202 992 more
1236 955 1393 1002 parabo.

364 1048 587 1088 Martinengo
612 1046 634 1077 l.
660 1056 687 1076 c.
714 1056 744 1087 p.
774 1042 837 1077 193
862 1055 912 1086 sq.
938 1062 981 1066 —

531 1225 612 1261 257.
638 1224 695 1267 (3.)
730 1223 880 1268 Incipit
906 1223 990 1260 Oda
1015 1224 1056 1258 in
1081 1224 1276 1258 honorem
1301 1224 1576 1260 Innocentum.

363 1331 599 1371 Gaudentem
630 1329 768 1376 segetis
798 1338 918 1366 novae
1179 1328 1218 1366 Si
1249 1329 1400 1375 linguae
1430 1327 1557 1365 officio
1588 1332 1730 1375 carent,

359 1389 549 1427 Miremur
581 1387 779 1433 cumulum,
813 1385 959 1431 choros,
1097 1387 1146 1423 15
1182 1385 1329 1422 Clamat
1359 1385 1585 1432 sanguineus
1617 1384 1745 1430 rubor,

359 1445 435 1491 Qui
466 1443 595 1481 fauces
625 1448 777 1479 teneras
807 1446 921 1489 agant
1180 1442 1302 1479 Occisi
1335 1446 1514 1478 resonant
1546 1440 1672 1487 decus,

365 1502 502 1540 Coram
533 1500 707 1546 principe
739 1498 908 1536 canticis,
1180 1499 1288 1544 Quod
1319 1498 1396 1535 vivi
1428 1501 1618 1544 nequeunt
1647 1497 1762 1544 loqui.

304 1563 326 1599 5
361 1558 513 1596 Gaudet
542 1556 756 1603 primipilos
788 1565 918 1591 recens
1179 1555 1276 1600 Quid
1308 1555 1375 1596 vis,
1409 1554 1548 1601 tigride
1581 1553 1722 1602 durior,

361 1615 509 1653 Ductor
538 1613 690 1649 mittere
721 1612 909 1658 praevios,
1177 1611 1288 1657 Quid,
1320 1611 1443 1647 saevis
1475 1611 1630 1647 canibus
1662 1610 1765 1647 canis

361 1673 547 1710 Laetatur
576 1669 732 1716 paribus
763 1679 858 1715 puer
1094 1669 1146 1706 20
1180 1666 1319 1704 Peior?
1351 1667 1441 1714 quid
1474 1666 1581 1704 furiis
1611 1666 1751 1704 vacas?

363 1729 518 1766 Florum
551 1725 738 1773 primitias
770 1725 912 1771 legens.
1181 1724 1319 1770 Pignus
1352 1724 1570 1760 caelicolum
1603 1727 1714 1770 putas

363 1785 437 1823 Hic
468 1784 609 1831 gaudet
639 1782 760 1819 titulis
790 1780 904 1828 loqui,
1181 1779 1354 1817 Infandis
1385 1780 1558 1817 manibus
1589 1779 1742 1826 premi?

280 1843 331 1881 10
364 1843 465 1888 Quos
497 1850 652 1888 prorsus
685 1838 799 1875 dabat
831 1837 972 1874 inscius
1179 1837 1254 1874 Sed
1286 1835 1430 1873 frustra
1460 1841 1603 1873 tumeat
1633 1835 1749 1886 furor,

364 1899 484 1936 Aetas
516 1900 553 1933 et
584 1896 664 1932 sine
696 1894 867 1933 crimine.
1180 1894 1232 1930 Et
1262 1897 1299 1929 te
1330 1892 1568 1939 magnificum
1599 1903 1695 1939 puer

366 1955 429 1992 Sic
460 1952 583 2001 dignis
615 1952 763 1988 canitur
795 1952 913 1997 prior,
1099 1953 1149 1988 25
1181 1950 1356 1987 Materna
1387 1949 1504 1986 ubera
1534 1949 1737 1986 subbibens

363 2013 497 2049 Insons
528 2011 729 2046 innocuum
760 2012 884 2055 tonat3
1183 2007 1330 2053 Vincat⁷
1363 2011 1400 2042 te
1432 2005 1578 2053 fugiens
1611 2007 1748 2044 domet.

367 2112 588 2152 Martinengo
613 2111 634 2141 l.
663 2120 691 2139 c..
718 2120 748 2150 p.
778 2106 841 2139 195
867 2119 916 2148 sq.
943 2126 986 2130 —
1012 2106 1032 2139 5
1058 2106 1275 2148 primipulos.
1301 2124 1343 2127 —
1373 2105 1413 2138 10
1438 2107 1579 2138 inscios.
1603 2122 1646 2127 —
1672 2103 1715 2139 20
1738 2106 1839 2137 Prior

279 2157 373 2200 quid.
398 2174 442 2178 -
469 2155 645 2197 „Explicit
669 2154 710 2185 (le
736 2154 1019 2185 limocentil)us“.
1731 2151 1742 2156 “

723 2333 804 2368 ⁸258.
830 2333 886 2375 (4.)
922 2332 979 2367 De
1005 2332 1148 2367 sancta
1175 2330 1395 2366 christina.

543 2431 773 2468 Intemerata
804 2427 879 2464 fidc
910 2432 1062 2463 nostrae
1091 2436 1269 2462 succurre
1300 2425 1442 2468 ruinae,

603 2486 689 2532 Ipse
722 2484 827 2520 dedit
858 2484 968 2531 vires,
1003 2484 1106 2519 cuius
1139 2494 1264 2519 amore
1297 2482 1411 2529 viges.

543 2543 597 2579 Te
628 2546 736 2588 patre
768 2545 983 2586 contempto
1014 2539 1094 2585 regi
1126 2539 1326 2575 coniuncta
1356 2549 1518 2585 superno

604 2598 731 2644 Iurgia
763 2597 929 2643 derides,
963 2596 1122 2632 verbera
1150 2596 1252 2632 nulla
1283 2596 1405 2633 times.

485 2659 507 2694 5
549 2655 599 2692 Et
633 2655 719 2701 quia
750 2659 787 2690 te
819 2653 991 2690 Christus
1022 2653 1190 2689 salvator
1220 2652 1390 2698 possidet
1420 2651 1533 2688 intus,

602 2712 678 2757 Ira,
711 2709 829 2754 furor,
861 2710 1010 2756 gladius
1041 2709 1093 2745 nil
1126 2710 1226 2745 valet
1257 2709 1437 2745 exterius.

549 2770 658 2806 Iussa
690 2767 825 2803 ducum
855 2767 1016 2813 spernis,
1046 2765 1182 2802 temnis
1213 2770 1417 2811 praecepta
1447 2763 1628 2810 parentis,

598 2824 660 2861 Sic
691 2829 817 2860 servat
848 2833 1023 2869 sponsam
1055 2833 1123 2859 rex
1156 2822 1192 2857 in
1225 2831 1343 2867 agone
1374 2832 1493 2857 suain.

543 2881 703 2917 Aestuat
732 2880 921 2925 Urbanus,
954 2878 1081 2915 fremit
1113 2878 1222 2915 ldion
1255 2883 1288 2914 et
1325 2877 1513 2923 lulianus3

464 2939 513 2974 κ)
614 2938 730 2974 Arma
761 2936 967 2982 pudicitiae
998 2935 1080 2981 quis
1111 2945 1292 2981 superare
1324 2935 1477 2979 potest?
