1914 3223
132 332 196 370 30.
230 331 260 368 Ο
291 330 427 368 decora
456 334 491 366 et
523 330 641 366 odora

141 1463 175 1501 1.

942 329 1005 366 251.
1039 327 1120 364 Tua
1146 325 1282 379 munda
1316 325 1409 362 lucis
1440 324 1542 360 unda

1097 383 1173 420 Nos
1206 381 1392 428 perfunde
1423 381 1594 425 caelitus,

1041 440 1117 476 Nos
1150 439 1355 485 circumda,
1388 449 1454 474 nos
1487 437 1629 474 inunda

1099 497 1196 533 Luce
1227 496 1344 533 sancti
1376 494 1544 541 spiritus.

283 387 405 434 Super
435 396 561 423 omnes
592 385 750 432 species,

229 443 427 490 Nunquam
461 442 578 489 fusca,
610 442 675 478 sod
703 452 855 479 corusca

288 501 412 547 Supra
442 500 557 537 solem
590 499 726 545 decim,

584 600 753 648 Eaeplicit
785 600 938 637 tertium
969 599 1194 646 capitulum.

527 771 714 817 Incipit
754 771 940 807 titulus
980 771 1024 807 in
1066 774 1256 816 quarto.

388 885 497 921 Ahna
529 885 599 921 Dei
631 884 693 920 dia
723 883 906 930 genetrix,
938 883 1093 929 impleta
1124 883 1268 930 sophia,

386 941 493 987 Quod
525 941 592 977 tibi
623 946 746 977 mente
778 941 841 987 pia
871 940 925 976 sic
955 940 1082 984 offero,
1115 949 1230 983 suine,
1263 939 1399 985 Maria,

389 998 464 1034 Fac
495 1003 528 1033 et
561 997 660 1034 idem
695 1008 780 1033 vere
809 997 878 1033 tibi
910 1008 1040 1033 munus
1072 997 1179 1042 eique
1209 995 1374 1042 placere,

386 1053 456 1100 Qui
487 1065 554 1101 per
586 1058 621 1090 te
652 1065 784 1090 munus
815 1054 863 1090 sit
894 1053 1017 1101 nobis,
1049 1053 1170 1090 trinus
1202 1057 1239 1089 et
1269 1063 1380 1091 unuS.

724 1155 895 1203 Eoeplicit
925 1154 1069 1195 titulus,

475 1345 557 1380 2292).
592 1346 650 1385 (5.)
684 1344 832 1389 Incipit
857 1343 1083 1389 Capitulum
1109 1345 1312 1387 quartum.

208 1463 237 1499 Ο
270 1463 403 1505 Maria,
436 1466 556 1498 mater
586 1461 668 1508 Dei,
947 1465 982 1499 5.
1015 1461 1146 1498 Dulcis
1177 1460 1292 1497 arbor
1321 1463 1359 1496 et
1390 1460 1526 1508 vitalis,

212 1518 471 1556 Convertentis
503 1523 622 1554 mater
652 1519 719 1563 rei,

267 1575 380 1621 Virgo
410 1574 673 1619 sincerissima,

212 1632 281 1668 Via
313 1631 417 1679 lucis,
451 1631 525 1668 dux
558 1636 594 1667 et
626 1632 749 1678 palma

209 1687 491 1735 Conversorum‚
525 1694 645 1724 mater
675 1689 783 1736 alma,

268 1745 381 1791 Virgo
413 1744 688 1791 benignissima.

140 1859 162 1895 to

169 1887 177 1895 .
207 1857 430 1895 Miserorum
457 1857 646 1906 miserere,

211 1914 432 1951 Miseratrix
462 1915 580 1951 nostri
612 1926 709 1965 vere,

291 1970 508 2008 Miserendo
539 1970 707 2010 subveni.

211 2026 431 2073 Liquefacta
463 2028 629 2077 caritate,

210 2084 396 2121 Inundata
425 2084 577 2131 pietate,

266 2140 498 2186 Miseratrix‚
530 2141 677 2177 adveni.

144 2254 180 2291 3.
212 2252 393 2290 Miserere
423 2253 654 2302 miserorum,

208 2310 309 2356 Quae
336 2310 374 2346 in
405 2310 498 2356 ipsis
529 2320 568 2347 es
598 2310 785 2347 caelorum

264 2365 465 2403 Thesauris
497 2367 773 2415 charismatum,

209 2423 311 2468 Quae
340 2422 377 2459 in
409 2423 552 2460 thronis
583 2434 621 2460 es
655 2425 800 2461 decoris

210 2478 259 2515 Et
288 2478 416 2516 odoris
437 2484 483 2516 'et
515 2480 678 2517 dulcoris

267 2535 382 2573 Plena
413 2536 686 2583 diadematum3

141 2651 178 2688 4.
209 2649 309 2695 Quae
339 2658 420 2685 cum
453 2648 602 2687 Christo
632 2650 805 2697 gloriaris

209 2705 258 2742 Et
289 2716 370 2742 cum
401 2705 483 2752 ipso
514 2706 689 2752 spatiaris

269 2761 343 2798 Per
371 2773 462 2799 arva
494 2762 763 2808 balsamatum;

211 2822 312 2865 Quae
343 2829 425 2855 cum
456 2818 538 2865 ipso
569 2819 759 2857 cohabitas

210 2875 313 2912 Intra
343 2875 476 2912 cedros
506 2875 558 2911 ibi
588 2876 679 2913 sitas

265 2931 306 2969 lu
336 2931 455 2969 hortis
485 2936 707 2972 aromatum.

1015 1517 1214 1563 Nunquam
1247 1515 1319 1553 fuit
1348 1526 1418 1553 nec
1448 1521 1503 1553 est
1534 1516 1635 1566 talis,

1071 1573 1151 1610 Nec
1182 1574 1253 1611 erit
1284 1573 1501 1611 consimilis,

1015 1632 1142 1668 Aaron
1174 1631 1307 1669 summi
1338 1630 1497 1677 virgula,

1017 1687 1122 1725 Nova
1153 1686 1278 1724 ferens
1309 1687 1502 1733 miracula,

1073 1744 1188 1791 Virga
1219 1742 1326 1781 ferax
1357 1743 1522 1781 humilis.

947 1862 983 1897 6.
1015 1858 1139 1896 Humo
1171 1868 1302 1894 carens
1334 1862 1369 1894 et
1400 1857 1568 1906 humore,

1015 1914 1089 1951 Sed
1120 1912 1282 1951 fecunda
1313 1914 1409 1951 caeli
1440 1925 1527 1953 rore

1069 1970 1175 2008 Sicut
1204 1971 1318 2008 arbor
1347 1971 1464 2013 utilis,

1014 2028 1175 2065 Inventa
1205 2038 1244 2064 es
1275 2026 1502 2073 fronduisse,

1016 2084 1221 2130 Floruisse,
1254 2085 1462 2131 peperisse,

1075 2142 1202 2188 virgo,
1235 2142 1342 2188 virga
1372 2139 1523 2189 fertilis,

946 2256 981 2292 7.
1016 2255 1123 2291 Nova
1154 2253 1279 2291 ferens
1311 2254 1525 2303 amygdala,

1014 2311 1147 2349 Omnia
1179 2311 1315 2348 tollens
1342 2311 1524 2348 scandala

1068 2368 1117 2404 Et
1148 2367 1346 2405 haeresum
1378 2368 1593 2405 schismata.

1014 2425 1228 2471 Amygdala
1258 2424 1429 2462 veritatis

1018 2481 1207 2521 Universa
1239 2480 1416 2518 falsitatis

1074 2538 1316 2575 Peremerunt
1352 2539 1536 2585 dogmata.

946 2653 980 2691 8.
1009 2652 1225 2698 Amygdala
1254 2651 1406 2688 deitatis

1017 2708 1133 2746 Simul
1167 2712 1203 2744 et
1235 2708 1479 2746 humanitatis

1072 2765 1237 2809 Fructus
1268 2765 1321 2801 tui
1353 2766 1567 2814 schemata3

1019 2826 1134 2868 Quem
1158 2821 1367 2868 prophetae
1388 2822 1675 2870 praedixerunt,

1020 2880 1162 2916 Cuncta
1193 2878 1302 2915 simul
1334 2884 1576 2916 astruxerunt

1075 2935 1251 2973 Veterum
1283 2935 1529 2983 problemata.
