2031 3289
876 207 1185 247 —444—

260 325 330 362 35.
363 322 489 360 Vitam
519 322 658 359 laetam
689 326 726 358 et
757 321 919 368 quietam
1081 322 1147 360 39.
1179 323 1231 361 Ut
1263 325 1451 358 restaures
1473 332 1551 370 nos,
1585 321 1677 359 haec
1695 331 1806 359 aures

421 379 500 416 Fac
527 389 594 416 nos
624 388 774 424 semper
804 387 926 425 agere⁷
1235 377 1336 414 Tuas
1367 378 1491 424 pulset
1521 377 1708 424 precibus,

363 434 418 473 Ut
448 435 598 471 virtutis
629 440 666 471 et
696 433 828 471 salutis
1178 433 1284 470 Haec
1314 438 1496 470 sustentet
1527 437 1562 470 et
1590 438 1806 480 praesentet

420 490 660 528 Gaudeamus
691 500 856 527 munere.
1233 489 1324 526 Tuis
1354 499 1420 527 nos
1452 486 1685 536 aspectibus.'

262 604 336 642 36.
369 602 538 649 Supplex
568 612 646 645 oro,
679 605 720 638 ut
751 602 789 638 in
821 601 935 638 choro
1082 603 1149 640 40.
1182 603 1263 640 Rex
1294 605 1458 651 aeterne,
1491 601 1554 648 pio
1586 612 1696 639 cerne

419 659 473 695 Te
503 662 717 695 sanctorum
750 657 897 694 videam
1238 657 1436 705 Supplices
1466 658 1607 695 intuitu

363 715 414 751 Et
448 714 598 751 divinae
628 713 709 750 sine
739 713 812 750 fine
1179 714 1229 751 Et
1259 714 1408 750 illustra
1442 714 1558 751 corda
1589 718 1717 752 nostra

422 770 530 807 Dono
559 770 653 808 lucis
684 770 881 817 gaudeam.
1232 770 1312 807 Tuo
1340 773 1470 807 sancto
1501 770 1649 817 spiritu.

262 884 330 922 37.
363 883 449 920 Iesu
482 882 645 929 Christe,
679 892 748 928 per
777 892 885 929 quem
915 882 988 919 iste
1082 882 1149 921 41.
1183 883 1344 928 Propter
1359 882 1476 929 illam,
1496 882 1805 929 quaemamillam

421 939 588 976 Mundus
619 939 742 985 primo
771 937 893 976 factus
925 942 993 985 est,
1236 937 1324 974 Tibi
1357 938 1462 975 dedit
1492 938 1664 986 parvulo,

363 995 622 1044 Homo-Deus,
652 1005 721 1041 per
751 1005 859 1042 quem
891 1005 976 1032 reus
1178 995 1453 1032 Munimentum
1483 999 1520 1031 et
1550 998 1788 1042 augmentum

421 1051 542 1088 Homo
573 1051 755 1088 liberatus
787 1055 865 1096 est‚·
1235 1050 1314 1087 Tuo
1345 1055 1498 1097 praesta
1528 1051 1680 1097 populo,

262 1163 332 1201 38.
364 1163 570 1200 Metuende
601 1174 678 1213 rex,
714 1162 876 1201 defende
1082 1165 1148 1201 42.
1182 1163 1316 1199 Pastor
1347 1163 1454 1209 bone,
1487 1173 1509 1200 a
1538 1163 1646 1200 leone

423 1219 502 1256 Nos
533 1231 555 1257 a
585 1220 693 1257 malis
724 1220 895 1257 omnibus
1237 1220 1336 1256 Tuas
1367 1229 1455 1256 oves
1486 1219 1606 1256 libera

368 1276 503 1313 Redde
534 1276 652 1313 vicem
684 1276 781 1313 hanc
814 1275 960 1313 felicem
1182 1275 1231 1311 Et
1263 1285 1345 1312 cum
1376 1275 1467 1321 illis,
1500 1276 1563 1322 qui
1594 1275 1632 1312 in
1665 1275 1780 1312 caelis

420 1332 581 1370 Mariam
614 1332 838 1371 colentibus,
1239 1331 1429 1380 Gaudent,
1461 1342 1528 1368 nos
1560 1332 1780 1369 adnumera.

620 1446 686 1483 43.
718 1445 813 1491 Regi
843 1456 977 1492 magno
1009 1445 1090 1483 laus
1122 1449 1157 1481 et
1190 1455 1297 1493 agnO,

775 1502 878 1538 Patri
910 1506 1022 1548 atque
1053 1500 1131 1538 filio

718 1557 969 1604 Flaminique‚
1002 1558 1066 1605 qui
1097 1557 1246 1604 utrique

777 1614 941 1660 Compar
971 1618 1027 1651 est
1055 1614 1227 1660 imperio.

828 1782 1112 1830 Rhythmus
1151 1781 1221 1819 XI.

293 1897 331 1935 1.
363 1896 565 1933 Beatarum
597 1893 819 1932 feminarum
1111 1897 1147 1933 5.
1182 1894 1230 1932 Ut
1262 1905 1335 1931 non
1363 1895 1487 1941 segnis
1509 1895 1662 1931 summis
1684 1894 1808 1943 regnis

423 1953 537 1999 Virgo
571 1951 801 1998 beatissima,
1235 1951 1450 1988 Admisceri
1482 1951 1665 2000 studeam,

364 2009 475 2045 Illum
492 2018 637 2056 gerenS,
656 2008 718 2054 qui
731 2018 798 2044 nos
810 2017 993 2054 quaerens
1180 2007 1236 2044 Ne
1266 2007 1314 2045 ab
1345 2008 1427 2045 istis
1458 2008 1563 2044 exsul
1594 2008 1713 2044 tristis

422 2065 596 2102 visitavit
627 2063 767 2109 infima⁷
1233 2063 1322 2102 Sine
1353 2063 1425 2101 fine
1456 2074 1638 2101 maneam.

293 2179 331 2216 2.
364 2178 480 2224 Regis
509 2180 643 2223 mater,
675 2177 780 2213 cuius
811 2181 920 2222 pater
1109 2177 1146 2215 6.
1179 2177 1208 2214 Ο
1239 2176 1350 2213 beata
1379 2175 1469 2213 fiant
1501 2181 1606 2222 grata

422 2234 506 2271 Non
535 2233 709 2281 cognovit
741 2231 930 2280 seminam,
1237 2232 1377 2269 Nostra
1409 2232 1477 2269 tibi
1508 2232 1665 2271 cantica.

364 2291 490 2328 Mater
523 2290 612 2339 eius,
647 2289 776 2327 mundi
805 2289 913 2326 huius
1179 2289 1259 2326 Nec
1289 2289 1335 2325 sit
1370 2289 1455 2325 vilis
1487 2289 1579 2327 haec
1611 2288 1719 2325 exilis

424 2346 493 2392 Qui
524 2346 707 2394 gubernat
740 2345 962 2385 machinam.
1235 2344 1321 2381 Tibi
1352 2345 1432 2382 laus
1463 2350 1498 2381 et
1530 2345 1690 2383 modica.

290 2460 330 2497 3.
361 2459 463 2506 Quae
491 2458 645 2495 caelesti
677 2458 894 2504 adimplesti
1110 2459 1146 2496 7.
1179 2457 1315 2496 Grates
1345 2457 1463 2505 solvo,
1497 2456 1584 2494 dum
1616 2457 1780 2504 revolvo,

418 2515 552 2552 Totum
585 2514 714 2551 orbem
747 2515 933 2561 dogmate,
1233 2515 1380 2561 Quanta
1409 2512 1516 2550 nobis
1548 2511 1697 2561 feceris,

361 2572 439 2610 Nos
471 2571 644 2615 emunda,
677 2581 772 2617 quae
805 2570 966 2608 fecunda
1174 2569 1807 2617 Dumperpenquuamhorrendo

417 2628 537 2665 Facta
562 2637 601 2664 es
633 2627 870 2666 charismate.
1230 2627 1333 2664 Malo
1364 2637 1430 2663 nos
1460 2626 1706 2663 subtraxeris.

292 2743 334 2778 4.
367 2741 425 2778 De
457 2746 608 2777 terreno
639 2739 700 2777 fac
730 2750 788 2775 me
819 2749 934 2776 caeno
1111 2741 1147 2777 8.
1182 2739 1331 2778 Crimen
1363 2738 1467 2775 Evae
1498 2736 1587 2775 fecit
1619 2737 1732 2775 breve

421 2797 516 2834 Nisu
546 2797 683 2833 mentis
714 2805 867 2842 surgere
1236 2795 1399 2832 Nostrae
1430 2795 1529 2832 vitae
1559 2794 1732 2842 spatium,

365 2854 490 2900 Atque
521 2857 638 2890 totum
669 2863 791 2890 meum
824 2856 949 2889 votum
1179 2851 1353 2889 Infinitae
1384 2861 1452 2898 per
1482 2855 1518 2887 te
1550 2851 1648 2888 vitae

422 2910 483 2946 Ad
517 2920 660 2946 summa
693 2909 868 2956 dirigere.
1234 2907 1353 2945 Nobis
1383 2908 1494 2945 datur
1524 2906 1713 2954 gaudium.
