1914 3223
718 207 768 211 —
829 184 909 225 337
972 207 1017 211 —-

392 301 429 337 5.
479 298 549 344 Qui
580 301 656 335 tam
689 297 873 334 formosus
901 302 941 335 et
962 293 1132 335 'decorus
1163 298 1323 343 exstitit,

476 354 527 392 Ut
558 354 652 390 nibil
684 354 784 391 intra
815 355 1032 401 paradisum
1066 355 1216 392 Domini

476 410 642 457 Aequari
672 415 796 457 posset
831 411 909 448 eius
940 412 1226 458 pulchritudini,

478 467 642 510 Platani,
674 467 791 511 cedri,
825 471 955 504 vertex
988 472 1021 503 et
1055 468 1189 505 abietis

476 523 672 560 Fondibus
704 523 782 560 eius
814 534 887 560 non
919 523 990 560 suit
1021 524 1243 570 aequabilis,

393 638 429 676 6,
477 635 744 673 Similitudinis
775 635 845 672 Dei
877 636 1109 683 signaculum

476 693 569 730 Erat
603 692 750 729 decoris
782 693 908 738 specie
939 693 1183 740 praenimius,

479 749 591 787 Cuius
622 749 661 785 in
692 753 795 786 veste
827 747 983 786 fulserat
1016 750 1276 787 carbunculus.

478 806 700 852 Sapphirus,
732 806 862 852 iaspis,
895 806 1056 852 sardius,
1090 807 1358 854 chrysolithus,

475 862 717 909 Snmragdus,
750 873 862 909 onyx,
896 862 1076 909 beryllus,
1109 863 1293 910 topazius

398 979 432 1016 7.
483 974 620 1013 Infelix
652 975 774 1017 homo,
807 975 883 1023 qui,
917 986 998 1012 cum
1030 976 1257 1023 superbierit

475 1031 664 1070 Elationis
697 1032 865 1081 crimine,
899 1043 1078 1079 passurus
1109 1033 1171 1080 sit,

478 1090 516 1128 Si
547 1090 666 1126 iustus
696 1090 811 1126 iudex
841 1090 987 1126 veniam
1019 1100 1092 1126 non
1124 1089 1270 1135 tribuit,

478 1147 550 1193 Qui
582 1145 766 1182 claritatis
798 1150 926 1183 tantae
956 1146 1080 1183 lumen
1112 1146 1254 1194 intulit,

455 1204 527 1250 ,Ut
559 1202 631 1238 rite
663 1202 807 1239 cunctis
838 1201 1079 1249 praeferetur
1108 1203 1265 1250 angelis,

380 1313 431 1356 '8.
479 1317 554 1355 Sed
586 1314 678 1353 felix
708 1316 786 1363 ille,
819 1325 927 1362 quem
960 1326 1020 1352 res
1040 1316 1137 1352 istae
1157 1315 1378 1364 possident:

475 1374 586 1411 Mens
613 1372 722 1421 bona,
755 1377 886 1419 pectus
907 1383 1055 1420 purum,
1088 1373 1166 1410 vita
1186 1373 1378 1421 innocens,

479 1430 591 1468 Cuius
620 1429 659 1465 in
690 1430 794 1468 caelo
824 1439 968 1466 merces
998 1429 1090 1466 orbe
1121 1430 1240 1465 maior
1271 1432 1340 1476 est,

477 1487 529 1524 Et
559 1496 693 1522 nomen
724 1486 789 1522 ille
819 1496 976 1533 magnus
1007 1486 1105 1522 liber
1135 1486 1314 1532 continet,

476 1545 591 1591 Quem
619 1548 706 1580 ante
727 1547 875 1591 tempus
897 1542 1105 1589 scripserat
1127 1543 1378 1588 omnipotens,

391 1658 427 1696 9.
475 1657 562 1696 Illic
593 1656 745 1694 divinae
774 1656 927 1702 pietatis
959 1666 1114 1692 munere

477 1715 565 1761 Vos,
598 1713 760 1759 Oderisi,
793 1717 844 1761 tu,
879 1712 1057 1750 Dinetras
1089 1713 1279 1759 mundule,

477 1770 691 1817 Conscripti
722 1770 823 1807 vitae
854 1767 998 1815 fulgitis
1030 1773 1245 1817 caractere3

475 1828 745 1874 Apostolorum
778 1826 912 1862 chorus
944 1827 1033 1862 hinc
1063 1831 1099 1862 et
1131 1819 1319 1872 martyres

474 1884 526 1921 Et
557 1882 792 1920 confessores
824 1883 1017 1920 exsultant
1047 1892 1092 1919 ac
1123 1882 1299 1928 virgines.

364 1998 430 2036 10.
478 1997 679 2043 Postquam
710 1994 817 2032 finita
847 1995 1010 2032 statione
1038 1994 1179 2032 saeculi

476 2054 551 2090 Vos
581 2053 747 2099 scriptor
776 2052 877 2088 idem
908 2052 1083 2098 antiquus
1116 2051 1302 2097 citaverit,

476 2110 672 2148 Caelorum
702 2109 809 2156 regni
839 2108 1007 2155 claviger
1036 2119 1123 2145 mox
1154 2108 1290 2155 aperit,

474 2167 589 2214 Regis
618 2166 762 2204 aeterni
793 2165 900 2212 virgo
930 2169 1050 2202 mater
1080 2164 1222 2212 excipit

476 2224 528 2262 Et
558 2223 685 2261 statim
716 2222 840 2259 choris
871 2221 988 2258 sociat
1019 2221 1210 2269 angelicis.

364 2339 427 2377 11.
475 2338 697 2375 Sanctorum
728 2335 848 2372 omnis
880 2334 1043 2372 concinit
1074 2334 1275 2383 exercitus,

474 2394 582 2432 Iubal
613 2399 669 2430 est
698 2393 843 2441 primus
873 2392 911 2429 in
943 2393 1057 2428 choro
1084 2391 1309 2437 canentium,

475 2451 608 2489 Pulsat
638 2449 774 2496 Maria,
807 2459 915 2485 soror
945 2449 1087 2493 Aaron,
1120 2452 1353 2494 tympanum,

474 2508 555 2545 Rex
587 2511 710 2543 autem
745 2505 867 2543 David
900 2510 1077 2552 personat
1109 2505 1331 2551 psalterium

478 2565 530 2601 Et
559 2563 789 2600 Benedictus
821 2562 992 2609 regulare
1023 2561 1241 2609 praemium.

366 2678 430 2715 12.
478 2676 608 2715 Cernit
638 2675 804 2722 insignes
834 2674 928 2720 legis
960 2673 1017 2710 sui
1049 2673 1223 2719 dogmate

475 2734 580 2770 Inter
609 2732 748 2779 ignitos
779 2735 816 2767 et
846 2730 1055 2766 condensos
1085 2730 1234 2776 lapides

475 2789 609 2826 Nitore
640 2788 734 2824 miro
766 2797 964 2824 coruscare
993 2786 1149 2832 pariter,

477 2845 642 2883 Miratur
672 2855 766 2890 opus
796 2847 832 2880 et
863 2843 995 2880 laudat
1021 2841 1216 2882 artificem,

477 2902 572 2940 Inde
603 2900 813 2938 scholarem
843 2899 1002 2936 rimatur
1031 2899 1227 2945 originem.

159 2971 323 3004 Dreves,
350 2971 554 2998 Lateinische
575 2968 856 3004 Hymnondichter
894 2967 936 2995 11.
1403 2960 1445 2994 22
