2031 3289
978 187 1285 229 —244-

654 298 735 334 262.
771 298 852 339 (13.)
888 299 1108 342 Rhythmus
1133 299 1173 333 in
1200 300 1331 334 Laude
1357 300 1600 336 salvatoris.

402 382 435 417 1.
469 383 502 417 A
533 385 642 426 patre
673 381 847 427 mittitur,

469 438 510 473 In
540 437 654 473 terris
684 437 852 473 nascitur

523 493 624 529 Deus
657 493 704 529 de
734 493 889 541 virgine,

468 549 643 586 Humana
673 550 817 595 patitur

469 607 594 643 Docet
625 610 661 641 et
692 605 851 642 moritur

526 661 667 698 Libens
698 672 767 708 pro
799 662 959 700 homine.

400 760 435 788 ⁵.
470 753 544 790 Per
573 752 716 798 lignum
750 752 904 788 vetitum

472 808 637 854 Sumpsit
669 808 863 845 interitum

530 865 672 901 Nostra
702 865 926 911 mortalitas,

470 921 581 968 Ligni
612 921 783 967 patibulo

468 978 657 1015 Redditur
688 979 837 1015 saeculo

528 1034 678 1072 Amissa
710 1034 886 1081 dignitas.

427 1154 435 1163 .
467 1124 630 1161 Fructus
662 1125 884 1171 comeditur,

469 1181 548 1226 Quo
580 1181 657 1218 vita
691 1182 873 1231 perditur,

521 1237 579 1274 De
610 1238 741 1275 mortis
772 1238 921 1285 arbore,

468 1293 627 1341 Sanguis
659 1294 876 1345 effunditur,

467 1351 537 1397 Qui
568 1350 644 1387 fide
675 1352 844 1402 sumitur,

524 1407 582 1444 De
615 1407 756 1445 Christi
789 1418 957 1455 corpore.

429 1527 436 1533 .
469 1497 596 1535 Draco
626 1498 836 1544 perimitur,

467 1554 633 1591 Mundus
665 1555 866 1592 redimitur

526 1610 725 1658 Sanguinis
755 1613 897 1658 pretio,

469 1668 567 1704 Huic
598 1671 755 1705 mortem
785 1668 924 1718 intulit,

468 1724 542 1761 Sed
575 1725 688 1762 vitam
721 1726 879 1762 contulit

525 1781 644 1818 Nobis
675 1782 768 1819 haec
800 1782 914 1828 potio.

426 1905 434 1912 .
466 1872 587 1909 Exsul
619 1884 640 1909 a
669 1873 826 1919 propria

469 1929 662 1966 Proiectus
693 1930 818 1975 patria

525 1986 709 2023 Mundum
740 1986 908 2035 incoluit,

465 2043 536 2089 Qui
566 2047 713 2079 tumens
743 2043 859 2090 impia

469 2099 547 2136 Deo
578 2099 757 2146 superbia

525 2155 687 2193 Subesse
717 2157 848 2197 noluit,

468 2246 581 2283 Cuius
612 2247 792 2293 periculis

468 2302 641 2340 Clemens
672 2314 694 2340 a
725 2305 885 2341 saeculis

524 2359 627 2396 Deus
662 2360 865 2403 condoluit,

466 2416 630 2462 Propter
660 2427 769 2462 quem
801 2416 917 2454 filium

465 2473 604 2509 Mortis
634 2474 860 2520 supplicium

520 2526 657 2568 Subire
689 2531 819 2569 voluit.

423 2649 431 2658 .
463 2620 516 2656 At
546 2619 611 2655 ille
641 2620 798 2667 proprio

464 2676 606 2713 Missus
637 2687 658 2713 a
689 2677 783 2714 solio

520 2733 611 2770 Mox
642 2743 791 2770 carnem
822 2734 942 2772 induit

468 2791 509 2826 In
541 2800 613 2836 qua
645 2790 731 2827 dum
765 2791 935 2829 caeditur

466 2846 515 2883 Et
547 2846 788 2895 crucifigitur,

522 2902 587 2940 Nil
617 2903 698 2941 Deo
729 2905 873 2943 minuit.

946 2765 956 2785 7

1209 382 1244 418 8.

1187 1128 1250 1165 10.

1184 1501 1247 1540 11.

1182 1874 1247 1912 12.

1186 2248 1248 2287 13.

1183 2624 1246 2660 14.

1278 381 1359 418 Nec
1391 382 1454 419 diu
1487 382 1647 431 distulit,

1279 437 1353 475 Sed
1389 438 1516 476 statim
1548 439 1705 476 contulit

1333 494 1460 532 Vitam
1492 495 1538 532 de
1571 493 1723 542 funere3

1281 551 1384 598 Opus
1414 551 1600 597 mirabile,
1640 565 1646 568 ·

1283 606 1350 644 Cui
1381 608 1433 644 nil
1465 608 1586 644 simile

1337 663 1474 700 Divino
1505 667 1679 701 munere!

1241 783 1250 791 .
1282 754 1405 791 Adam
1438 754 1584 798 eicitur,

1282 810 1398 847 Latro
1424 811 1629 857 reducitur,

1339 867 1438 904 Mira
1470 869 1647 905 mutatio!

1282 923 1387 960 Tunc
1417 925 1578 971 primum
1610 925 1743 962 claruit

1281 980 1379 1026 Quid
1410 981 1549 1018 mundo
1576 979 1719 1027 profuit

1338 1037 1516 1074 Auctoris
1548 1038 1687 1084 passio,

1747 955 1756 975 >

1284 1127 1402 1164 Cruce
1434 1128 1648 1175 deponitur.

1282 1183 1463 1230 Sepulcro
1498 1185 1674 1222 conditur

1338 1240 1495 1287 Sumpta
1525 1241 1748 1289 mortalitas,

1283 1295 1429 1334 Inferni
1459 1298 1607 1334 torrida

1281 1353 1408 1390 Fortis
1440 1358 1476 1390 et
1506 1354 1710 1400 splendida

1337 1409 1446 1447 Subit
1478 1411 1667 1451 divinitas.

1279 1503 1468 1537 Aeternas
1499 1500 1674 1538 tenebras

1280 1557 1330 1594 Et
1362 1567 1492 1594 caecas
1522 1557 1688 1595 latebras

1335 1614 1500 1661 Fulgens
1532 1614 1703 1664 irradiat,

1281 1670 1501 1708 Sanctorum
1534 1670 1723 1708 hominum

1282 1727 1518 1774 Cognoscens
1549 1727 1750 1764 Dominum

1336 1783 1479 1821 Chorus
1510 1784 1708 1831 tripudiat.

1280 1875 1454 1921 Remugit
1485 1873 1642 1922 inferus,

1279 1931 1479 1968 Tremiscit
1510 1931 1711 1978 Cerberus,

1334 1989 1480 2025 Auctor
1509 1989 1709 2037 nequitiae,

1279 2045 1385 2082 Atris
1416 2044 1454 2081 in
1486 2045 1638 2082 sedibus

1278 2100 1442 2148 Fulgere
1473 2101 1647 2150 stupidus

1336 2158 1460 2194 Solem
1491 2158 1670 2196 iustitiae.

1281 2248 1374 2285 Dira
1405 2249 1596 2296 repagula,

1282 2306 1417 2342 Vectes
1448 2310 1484 2341 et
1514 2306 1665 2352 pessula

1338 2362 1517 2399 Potenter
1547 2363 1720 2411 conterit,

1279 2418 1427 2465 Ingenti
1457 2419 1588 2468 gloria,

1281 2476 1431 2512 Summa
1463 2475 1619 2512 victoria

1337 2531 1548 2578 Superbum
1581 2532 1753 2578 proterit.

1279 2622 1384 2658 Tunc
1417 2621 1531 2659 draco
1563 2620 1725 2659 ferreum

1280 2678 1403 2716 Sensit
1434 2678 1616 2724 aculeum,

1334 2736 1450 2782 Quem
1482 2745 1569 2772 caro
1600 2740 1769 2782 texerat3

1280 2793 1386 2830 Tunc
1417 2792 1577 2840 primum
1611 2793 1744 2841 doluit,

1278 2850 1383 2887 Tunc
1413 2849 1575 2895 primum
1605 2850 1755 2900 gemuit,

1333 2905 1426 2955 Quia
1458 2912 1667 2946 voraverat.
