2031 3289
925 206 1120 246 —348
1179 228 1233 235 —

685 384 762 418 269.
798 384 856 426 (6.)
889 384 941 418 In
967 383 1239 419 conversione
1264 393 1297 419 s.
1319 383 1451 419 Pauli.

755 478 790 515 1.
838 476 946 514 Dixit
977 476 1180 515 Dominus:

846 543 893 570 ex
923 532 1048 570 Basan

842 593 1072 637 convertam,

845 649 1060 682 convertam
1093 645 1132 682 in
1160 643 1387 692 profundum
1416 645 1546 683 maris.

309 749 382 786 2a.
415 747 523 793 Quod
555 746 651 783 dixit
682 750 717 783 et
749 744 852 793 fecit,

419 803 573 841 Saulum
604 807 645 839 ut
675 802 812 840 stravit

419 860 577 896 Paulum
609 863 645 895 et
675 859 807 895 statuit

303 962 326 1000 3
347 972 381 998 a.
413 960 520 1006 Quod
555 960 643 997 dum
674 960 870 1007 impugnat

420 1016 586 1053 audivit:
620 1016 745 1065 Saule,

1120 744 1199 783 2b.

1121 958 1199 997 3b.

420 1072 545 1122 Saule,
577 1072 668 1119 quid
698 1082 758 1108 me
779 1070 1048 1118 prosequeris?

301 1177 326 1214 4
348 1186 381 1214 a.
414 1175 448 1212 A
480 1172 577 1211 facie

415 1231 569 1268 Domini
599 1234 701 1268 mota
732 1236 789 1267 est

418 1291 522 1324 terra
552 1287 853 1334 contremuitque

413 1354 500 1380 mox
529 1348 566 1380 et
596 1343 749 1390 quievit.

303 1447 325 1482 5
345 1456 379 1485 a.
411 1445 512 1482 Hinc
541 1445 670 1491 lingua
699 1449 847 1481 tuomm

414 1507 472 1538 est
502 1512 634 1538 canum

418 1568 463 1595 ex
493 1558 656 1594 inimicis

418 1614 570 1651 rediens
600 1615 650 1651 ad
680 1617 729 1658 te,
761 1613 877 1661 Deus,

303 1720 378 1757 6a.
410 1717 560 1754 Docens
592 1714 825 1765 crucifixum,

414 1783 484 1809 nec
514 1783 596 1809 esse
626 1772 741 1808 alium

1117 1172 1197 1210 4b.

1122 1444 1198 1483 5b.

1119 1715 1204 1754 ob.

414 1833 569 1876 praeter
595 1828 788 1867 Christum
819 1828 953 1875 Deum,

305 1932 325 1969 7
345 1942 379 1970 a.
407 1931 509 1968 Hinc
538 1931 666 1977 lingua
696 1930 936 1967 sacerdotum

416 1998 520 2024 more
552 1987 655 2023 canis
687 1988 774 2024 dum
805 1987 1000 2033 perlinxit,

417 2044 512 2091 legis
541 2048 577 2080 et
605 2043 790 2090 evangelii

414 2101 506 2138 duos
537 2100 698 2137 molares

413 2157 451 2194 in
485 2157 541 2193 his
573 2157 762 2194 contrivit.

307 2260 329 2296 8
347 2270 380 2297 a.
412 2258 483 2304 Qui
514 2258 778 2295 convertendis

418 2325 638 2351 conversum
670 2319 911 2352 converteras

419 2372 589 2420 Paulum,
622 2382 688 2408 vas
718 2371 891 2419 electum,

306 2476 330 2512 9
356 2484 390 2512 a.
421 2474 500 2520 Quo
533 2473 692 2511 docente
723 2473 844 2510 Deum

415 2539 520 2566 mare
550 2529 647 2566 vidit
677 2533 715 2566 et
745 2528 851 2577 fugit,

415 2586 589 2623 Iordanis

1121 2257 1198 2297 sb.

1120 2472 1199 2512 9b.

417 2653 620 2680 conversus
650 2646 708 2679 est
739 2647 959 2692 retrorsum,

733 2745 795 2783 10.
842 2744 896 2781 Te
927 2743 1046 2780 solum
1077 2744 1224 2789 adorat,

1230 745 1306 782 Per
1335 745 1489 782 verbum
1520 756 1625 782 suum

1232 801 1481 850 incarnatum,
1512 811 1582 848 per
1611 802 1710 848 quod

1234 856 1325 894 fecit
1355 863 1392 894 et
1422 858 1585 897 saecula.

1230 959 1313 1005 Ego
1343 970 1423 995 sum
1454 959 1649 1009 Christus;

1234 1016 1367 1052 durum
1400 1020 1457 1052 est
1487 1016 1570 1064 tibi,

1231 1076 1273 1108 ut
1303 1072 1521 1109 recalcitres
1552 1073 1715 1112 stimulo,

1229 1173 1327 1211 Dum
1361 1174 1509 1221 cognito

1232 1230 1398 1267 credidit
1427 1230 1601 1279 Domino,

1234 1287 1373 1324 Paulus
1403 1287 1581 1334 persequi
1613 1291 1735 1324 cessat

1232 1343 1544 1381 conchristianos.

1231 1444 1330 1482 Dum
1362 1444 1501 1482 Paulus
1530 1445 1570 1482 in
1600 1454 1665 1481 ore

1231 1501 1395 1538 omnium

1230 1558 1469 1595 sacerdotum

1230 1613 1314 1651 iura
1346 1614 1410 1651 dat
1440 1618 1742 1663 praeceptorum,

1237 1715 1330 1753 Cum
1361 1720 1471 1762 patre
1501 1715 1563 1762 qui
1593 1719 1726 1762 regnat

1235 1776 1273 1808 et
1303 1776 1434 1809 sancto
1465 1772 1612 1819 spiritu,

1231 1828 1335 1865 cuius
1366 1828 1474 1865 testis
1507 1828 1656 1866 Paulus.

1229 1930 1400 1968 Corrosit
1429 1930 1625 1967 universas

1229 1987 1375 2033 species
1405 1987 1690 2031 medicinarum,

1229 2043 1364 2090 quibus
1396 2047 1575 2080 curantur
1604 2041 1735 2088 saucii,

1230 2099 1450 2136 reficiuntur

1232 2156 1460 2195 enutriendi.

1230 2259 1305 2296 Per
1335 2268 1444 2304 quem
1476 2267 1679 2295 conversus

1232 2314 1282 2351 ad
1312 2325 1381 2351 nos
1412 2319 1453 2351 tu
1482 2313 1661 2360 vivificas,

1233 2370 1396 2418 Christe,
1427 2375 1659 2417 peccatores,

1231 2473 1327 2520 Quia
1357 2473 1469 2510 turba
1499 2473 1676 2520 gentium,

1231 2529 1407 2566 vitiorum
1437 2530 1587 2566 rediens

1230 2584 1435 2633 profundo,

1230 2643 1297 2691 og,
1331 2652 1418 2690 rege
1449 2642 1585 2688 Basan,
1619 2641 1774 2680 confuso

844 2800 1008 2843 Christe,
1040 2806 1261 2847 creatorem,

847 2867 956 2903 quem
988 2863 1025 2895 et
1055 2857 1247 2904 cognoscit
1277 2857 1314 2894 in
1347 2867 1458 2893 carne

845 2913 992 2950 venisse
1023 2913 1314 2960 redemptorem.
