2031 3289
985 160 1237 198 —5-

533 278 597 315 14.
715 271 748 314 0
781 273 872 310 felix
906 274 1018 309 duum
1046 272 1192 308 unitas!

661 331 771 368 Alter
800 329 900 376 quod
931 339 1014 365 cum
1043 328 1090 364 sit
1121 328 1261 364 mixtus
1288 327 1327 364 in
1357 328 1491 377 altero⁷

717 387 840 424 Unum
872 385 925 423 sic
957 384 1099 422 faciunt
1129 384 1214 432 duo,

662 443 719 479 Sit
748 443 786 478 in
820 441 964 478 duobus
996 451 1090 488 cum,
1123 445 1179 477 est
1209 440 1308 486 quod
1339 441 1377 476 in
1407 440 1541 477 altero.

537 558 600 594 15.
717 551 831 592 Patri
865 554 930 590 sed
963 552 1110 599 genitus
1141 555 1250 598 paret

664 612 894 656 omnemque
923 610 973 646 ad
1003 615 1132 646 nutum
1164 609 1346 645 attonitus
1377 614 1515 656 manet,

721 667 772 704 Et
798 667 895 703 seire
926 677 998 702 non
1030 676 1087 702 esc
1117 665 1286 713 arduum,

664 724 761 770 Quid
792 723 884 760 velit
914 733 953 759 se
983 722 1099 770 sequi,
1131 731 1240 767 quem
1271 731 1386 767 penes
1418 725 1474 757 est
1504 726 1624 767 pater.

543 838 606 876 16.
724 831 876 888 Quanta
907 838 964 871 est
994 834 1140 881 genitus
1170 834 1209 870 in
1240 833 1358 870 bona!

667 892 761 929 Nam
795 891 1018 928 constitutus
1048 892 1086 927 in
1118 894 1336 927 cunctorum
1365 890 1534 937 exordia,

723 948 896 985 Condens
926 948 988 994 qui
1019 948 1182 994 primum
1212 947 1363 983 saecula

665 1007 871 1042 Aeternum
902 1005 940 1040 in
969 1009 1109 1042 motum
1140 1008 1312 1049 tempora
1343 1002 1514 1049 protulit.

543 1120 606 1157 17.
724 1114 856 1156 Rebus
888 1116 1054 1153 anterior
1084 1116 1186 1153 Deus

667 1173 832 1216 Cunctis,
863 1183 947 1209 nam
979 1183 1048 1219 per
1078 1183 1161 1209 eum
1192 1173 1317 1209 omnia
1349 1171 1450 1210 facta
1481 1178 1580 1219 sunt,

725 1230 839 1267 Esset
869 1239 951 1265 cum
981 1229 1138 1266 nihilum
1169 1229 1293 1274 modo,

674 1286 858 1324 Mundum
892 1296 1074 1332 corporeo
1106 1286 1276 1322 condidit
1305 1285 1343 1322 in
1374 1290 1487 1324 statu.

545 1401 610 1439 18.
726 1394 807 1439 Sed
838 1409 905 1435 nos
935 1398 1064 1434 littera
1094 1409 1167 1434 non
1198 1399 1299 1447 sinit,

674 1457 746 1493 Per
776 1466 885 1501 quam
917 1459 955 1490 te
985 1456 1150 1502 genitum
1182 1455 1410 1492 concinimus
1439 1455 1572 1499 Deum,

727 1512 855 1555 Gesta,
888 1522 982 1558 quae
1014 1517 1077 1548 tua
1108 1516 1206 1560 suut,
1238 1512 1338 1558 loqui

673 1569 907 1614 Carmenque
937 1572 1077 1615 natum,
1108 1568 1181 1604 iam
1214 1568 1277 1614 qui
1308 1579 1390 1605 eras
1422 1568 1535 1606 Deus.

543 1683 606 1720 19.
725 1678 785 1720 Te
816 1681 960 1717 cunctis
991 1681 1191 1718 Dominum
1223 1681 1344 1717 modis

671 1739 868 1777 Caelorum
899 1748 1024 1784 regem
1056 1741 1093 1773 et
1124 1738 1296 1774 caelestis
1328 1737 1470 1784 gloriae

726 1795 779 1832 Ut
809 1800 943 1831 cuncta
974 1805 1042 1840 per
1073 1799 1109 1830 te
1142 1795 1293 1831 condita

435 1963 465 2001 2,
492 1962 512 1995 2
538 1973 683 1995 nascens
701 1963 740 1999 G,
768 1972 876 2004 gegen
896 1962 951 1993 die
969 1963 1032 1992 Hs.
1050 1979 1092 1983 -—
1110 1960 1140 1999 3,
1159 1960 1181 1993 4
1198 1963 1307 1993 sancti
1325 1962 1520 1992 verbessert
1536 1961 1578 1997 G,
1603 1959 1691 1992 ohne
1711 1961 1840 1993 Grund.
1858 1977 1902 1981 -—

345 2009 375 2048 6,
402 2009 424 2041 4
449 2009 700 2051 primogenitus
725 2008 765 2040 G.
799 2018 909 2049 gegen
934 2007 989 2038 die
1012 2008 1074 2038 Hs.
1103 2025 1142 2028 —
1169 2005 1200 2045 ὃ,
1224 2006 1247 2038 4
1272 2008 1307 2037 iu
1332 2006 1418 2038 fehlt
1442 2007 1505 2037 HS.
1530 2023 1574 2027 —
1602 2003 1652 2044 10,
1677 2003 1698 2038 3
1716 2006 1774 2037 Nil
1799 2010 1901 2037 nate:

343 2058 372 2088 G
398 2056 593 2087 verbessert
626 2057 720 2084 nato.
748 2070 793 2073 —
821 2051 871 2088 12,
899 2050 915 2083 1
941 2053 1068 2084 Mirum
1094 2054 1161 2084 Dei
1181 2053 1246 2084 hoc
1271 2063 1356 2094 opus
1383 2056 1444 2083 est.
1470 2053 1533 2083 Hs.
1559 2070 1601 2073 —
1646 2049 1696 2085 13,
1722 2049 1743 2082 2
1769 2051 1797 2083 G
1822 2051 1902 2092 tilgt

345 2104 391 2139 in,
423 2111 533 2142 geg-en
558 2101 623 2131 (len
642 2099 799 2130 Vers.-—
826 2097 880 2136 14,
913 2095 933 2128 2
965 2098 1062 2129 Alter
1093 2100 1151 2140 qui
1186 2109 1262 2129 cum
1295 2099 1340 2128 sit
1373 2098 1436 2128 Hs.
1469 2115 1512 2119 —
1548 2094 1598 2133 14,
1623 2095 1645 2128 4
1671 2097 1763 2138 quod
1788 2101 1841 2128 est
1866 2098 1901 2127 in

346 2148 410 2178 Hs.
436 2165 475 2168 —
506 2144 557 2183 15,
583 2143 604 2175 4
631 2144 722 2183 Quid
746 2144 833 2175 velit
857 2154 932 2175 sese
958 2145 1018 2184 qui
1044 2154 1148 2184 penes
1174 2147 1225 2174 ost
1250 2147 1348 2184 pater
1375 2144 1438 2174 Hs.

435 2193 506 2223 Dm·
546 2190 665 2222 Inhalt
704 2189 816 2220 dieses
864 2189 1080 2230 theologisch
1122 2190 1245 2226 tiefen,
1287 2199 1343 2219 11111
1383 2188 1480 2219 nicht
1514 2198 1556 2218 zu
1594 2197 1699 2228 Sagen
1737 2186 1902 2223 dunkelu‚

346 2239 504 2278 Hymnus
537 2238 638 2267 weist
662 2245 725 2266 uns
751 2236 815 2265 wie
844 2236 907 2265 mit
931 2234 1082 2276 Fingern
1107 2235 1170 2266 auf
1190 2234 1255 2265 den
1280 2234 1461 2265 Verfasser
1485 2233 1545 2263 der
1571 2233 1639 2263 LL.
1665 2233 1705 2263 de
1730 2232 1902 2263 Trinitate

347 2283 413 2314 und
441 2282 505 2313 den
533 2280 762 2321 Vorkiimpfcr
785 2290 897 2320 gegcn
921 2279 987 2310 den
1013 2280 1242 2310 Arianismus.
1292 2280 1363 2310 Das
1389 2277 1564 2310 Versmass
1591 2277 1726 2309 besteht
1751 2288 1814 2309 aus
1842 2279 1904 2309 mit

345 2327 598 2368 glykonischen
638 2326 769 2356 Versen
817 2324 1056 2356 wechselnden
1100 2325 1367 2366 Asklepiadeen.
1432 2325 1600 2365 Lssingung
1643 2323 1751 2354 durch
1793 2323 1901 2361 Ars5s,

348 2374 513 2413 Kiirzung
547 2374 581 2403 in
613 2372 673 2402 der
707 2370 832 2401 'rhesis
865 2370 943 2400 sind
974 2370 1127 2407 erlaubt,
1163 2370 1289 2401 Hiatus
1321 2370 1485 2410 zulssissig.
1534 2368 1734 2400 Ausserdem
1769 2368 1905 2404 mbchte

347 2429 426 2449 man
452 2418 612 2459 glauben,
640 2416 715 2447 dass
740 2416 800 2446 der
818 2415 960 2446 Dichter
984 2415 1061 2446 sich
1084 2416 1139 2446 die
1157 2416 1310 2447 Freiheit.
1335 2415 1447 2452 nahm,
1474 2414 1534 2445 hin
1560 2413 1629 2445 und
1654 2413 1779 2445 wieder
1795 2423 1903 2455 ganze

347 2464 415 2495 und
450 2463 552 2495 balbe
584 2463 691 2493 verse
724 2460 831 2492 durch
865 2460 1082 2502 anderartige
1117 2471 1158 2491 zu
1194 2464 1367 2494 ersetzen,
1401 2470 1439 2491 so
1474 2459 1510 2497 1,
1545 2457 1582 2499 23
1619 2457 1677 2496 11,
1704 2457 1741 2491 ⁴2:
1780 2457 1838 2495 11,
1865 2456 1903 2494 4ς

351 2508 408 2545 12,
435 2507 471 2548 43
500 2507 551 2546 16,
576 2505 694 2546 2316,
720 2504 839 2545 3319,
865 2503 1037 2546 2319‚3.

838 2651 873 2686 ·.'.
911 2652 968 2691 (2.)
1006 2652 1178 2694 Hymnus
1205 2650 1406 2686 Secundus

904 2721 953 2757 (in
979 2722 1150 2762 principio
1176 2721 1341 2759 mutilus).

623 2815 656 2851 1.
717 2809 876 2851 Fefellit
908 2823 1057 2849 saevam
1090 2812 1244 2848 verbum
1278 2811 1416 2848 factum
1451 2815 1488 2847 et
1519 2822 1620 2855 caro,

720 2869 865 2915 Deique
895 2872 974 2906 tota
1006 2869 1080 2906 vivi
1111 2869 1148 2905 iu
1181 2879 1316 2915 corpus
1347 2869 1472 2906 irruis.
