1914 3223
729 148 1040 189 —383—

116 260 183 298 24.
213 259 477 297 Anathematis
508 261 690 298 maeroris

106 1033 172 1072 25.

97 1812 162 1852 26.

96 2583 168 2653 27⁶¹
193 2639 364 2687 Spiritali
395 2644 595 2682 oculorum

213 317 285 354 Seu
319 315 489 354 Hermon
519 316 712 355 inferioris

268 373 328 409 De
357 373 506 411 leonum
541 374 736 422 eubilibus,

212 429 470 467 'tenebrarum
502 435 542 468 et
570 431 736 468 horroris

211 485 477 534 Furientisque
507 489 675 537 tumoris,

265 543 327 578 De
350 544 570 589 pardorum
597 549 629 583 et
649 545 842 583 montibus

210 598 437 637 Coronanda
467 612 559 647 prae
589 602 761 639 omnibus

209 655 266 692 Tu
297 666 348 703 eS‚
380 658 525 694 iit-tuis
556 658 720 695 iussibus

264 711 477 750 Oboediant
508 716 652 751 eunctis
683 715 784 752 horis

206 767 464 816 Demissisque
496 771 706 808 cervicibus

206 823 260 860 Te
290 826 449 871 sepultis
479 828 689 865 tumoribus

261 881 436 920 Timeant
464 884 565 921 intus
597 889 634 921 et
666 884 774 926 foris,

204 1032 235 1072 O
263 1045 373 1072 soror
401 1040 435 1072 et
466 1047 612 1083 sponsa
644 1049 739 1085 mea,

204 1090 272 1128 Cui
304 1092 441 1129 donavi
473 1104 531 1130 me
562 1098 599 1130 et
630 1105 724 1140 inea,

258 1149 315 1185 Tu
345 1161 409 1186 cor
439 1162 565 1187 meum
598 1151 820 1200 vulnerasti,

203 1204 287 1242 Non
320 1211 396 1242 tam
421 1218 478 1243 me
500 1219 599 1244 mors
622 1208 681 1244 vel
703 1208 836 1247 lancea

201 1260 275 1299 Seu
306 1264 437 1300 mortis
468 1265 551 1310 ipsa
583 1263 737 1315 framea,

257 1319 372 1365 Quam
404 1324 444 1356 tu
475 1326 603 1358 astans
624 1322 832 1374 lanceasti;

200 1374 238 1412 Si
270 1381 320 1422 tu,
354 1377 472 1425 virgo,
505 1388 563 1414 me
594 1378 769 1426 portasti,

197 1431 283 1469 Non
314 1438 472 1480 propter
502 1435 573 1471 hoc
595 1446 653 1471 me
674 1436 832 1474 armasti

254 1490 395 1528 Contra
428 1491 578 1528 dolores
610 1492 730 1539 galea,

197 1545 273 1583 Sed
304 1547 429 1593 potius
460 1547 679 1597 perforasti,

199 1602 251 1640 Et
281 1603 313 1639 si
342 1615 415 1641 non
449 1605 708 1656 considerasti,

253 1660 333 1696 Mei
364 1662 488 1698 cordis
518 1662 705 1701 intranea.

198 1813 422 1853 Vulnerastz'
450 1825 539 1862 ergo
570 1826 696 1852 meum

196 1869 318 1908 Suave
347 1882 413 1908 eor
441 1873 655 1909 intraneum

252 1929 322 1976 Ita,
355 1929 456 1975 quod
487 1932 645 1966 matrem
678 1940 814 1968 vocare

195 1984 280 2021 Non
310 1986 430 2033 potui,
461 1986 524 2032 qui
556 1984 710 2023 felleum

193 2042 327 2080 Potum
358 2046 471 2088 atque
503 2053 709 2080 veneneum

250 2098 351 2135 Satis
383 2099 488 2145 potui
518 2104 682 2146 gustare,

192 2154 269 2191 Per
307 2155 407 2202 quod
440 2161 480 2192 tu
511 2161 618 2202 potes
649 2157 827 2209 probare,

193 2211 300 2258 Quod
331 2212 416 2258 plus
448 2210 616 2250 ferebam
647 2224 775 2252 amare

249 2267 321 2305 Tui
351 2267 461 2306 fletus
491 2271 673 2321 aculeum,

196 2325 313 2370 Quam
344 2331 494 2372 gustum
525 2328 656 2364 mortis
677 2331 824 2376 potare,

193 2381 388 2418 Potentem
420 2383 640 2421 mellificare

250 2438 325 2476 Cor
354 2439 515 2477 hominis
545 2441 752 2488 lapideum.

191 2583 243 2620 In
273 2596 364 2634 uno,
396 2586 515 2635 virge,
548 2589 705 2626 tuorum

249 2697 368 2736 Solita
398 2710 457 2736 me
488 2702 680 2748 respicere

192 2753 375 2792 Motivum
408 2757 499 2793 mihi
532 2759 703 2795 dolorum

194 2809 317 2848 Fuisti
347 2813 438 2850 satis
470 2815 663 2859 maiorum,

249 2867 340 2905 Cum
349 2870 482 2907 scirem
492 2871 591 2908 hunc
599 2883 658 2909 me
667 2882 823 2911 cernere

925 672 992 711 28.

916 1432 981 1470 29.

911 2250 978 2289 30.

1029 265 1093 308 Et,
1128 264 1158 300 si
1190 264 1304 303 alium
1337 266 1516 303 claudere

1030 320 1189 358 Voluisti
1225 327 1259 358 et
1292 322 1463 370 linquere

1086 379 1137 417 Ut
1169 379 1330 419 invisum
1361 384 1464 416 tuum
1499 379 1634 427 forum,

1027 434 1139 470 Alter
1170 445 1358 482 nunquam
1391 447 1430 472 se
1463 441 1590 484 tegere

1029 491 1157 528 Potuit
1189 492 1245 527 vel
1279 492 1516 531 abscondere

1084 548 1148 584 Me
1179 547 1328 585 intuens
1361 550 1396 586 vi
1424 551 1633 592 amborum,

1025 671 1064 708 Si
1097 671 1233 708 collum
1266 677 1323 709 est
1355 674 1529 721 ecclesia,

1023 727 1074 766 Ut
1108 728 1187 766 dixi
1220 730 1300 765 vice
1332 730 1418 775 alia,

1079 784 1324 822 Sacramenta
1354 798 1375 823 a
1411 788 1534 834 capite

1021 842 1096 879 Per
1126 852 1206 879 eam
1240 842 1495 889 dependentia

1021 898 1134 944 Quasi
1167 899 1288 935 crines
1321 901 1494 939 ornantia

1077 955 1171 992 Sunt
1189 955 1389 1001 ipsammet
1401 960 1633 1005 compositae
1646 974 1656 1011 ;

1023 1011 1109 1050 Uno
1142 1022 1231 1059 ergo
1261 1013 1367 1050 crine
1398 1015 1470 1051 rite

1020 1068 1118 1106 Colla·
1148 1069 1205 1106 tui
1238 1080 1341 1106 meae
1375 1071 1473 1108 vitae

1075 1126 1198 1163 Fuisti
1230 1127 1336 1172 quasi
1371 1128 1493 1175 obvia,

1016 1182 1115 1219 Dum
1147 1183 1384 1220 innocentem
1417 1185 1495 1222 vidi
1528 1190 1566 1223 te

1018 1238 1188 1276 Cruciari
1220 1240 1371 1276 insolite

1074 1296 1233 1333 Mentali
1265 1298 1515 1343 paenitentia.

1015 1432 1139 1480 Quam
1150 1432 1340 1478 pulchrae
1354 1436 1445 1471 suut
1462 1445 1657 1473 mammae

1448 1494 1548 1539 tuae,

1015 1545 1154 1593 Pietas,
1187 1546 1310 1594 venia,
1345 1547 1454 1593 duae,

1071 1601 1102 1640 O
1131 1612 1241 1639 soror
1272 1606 1304 1641 et
1331 1614 1477 1650 sponsa
1506 1608 1615 1643 mea!

1014 1659 1154 1696 Plenae
1185 1664 1272 1696 sunt
1305 1664 1342 1696 et
1368 1660 1546 1709 irriguae,

1012 1716 1093 1753 Lac
1124 1716 1350 1762 praebentes
1382 1718 1547 1767 assidue,

1069 1773 1216 1820 Quippe
1247 1778 1326 1810 tota
1357 1784 1396 1810 es
1428 1775 1562 1822 lactea,

1013 1829 1110 1866 Tota
1142 1830 1262 1867 dulcis
1294 1834 1332 1867 et
1361 1831 1509 1880 mellea,

1012 1886 1146 1925 Suavis
1179 1890 1215 1923 et
1246 1892 1424 1925 nectarea

1069 1943 1204 1990 Sicque
1234 1936 1389 1981 manens
1422 1945 1609 1991 continue,

1013 1998 1095 2036 Nec
1137 2004 1192 2036 est
1224 2011 1315 2047 gens
1345 2005 1422 2038 tam
1454 2006 1646 2052 extranea,

1012 2057 1114 2103 Quae
1146 2068 1220 2094 non
1251 2058 1373 2103 possit
1405 2059 1503 2095 scire
1535 2070 1580 2097 ea

1068 2113 1166 2151 Esse
1196 2124 1288 2151 vera
1318 2119 1516 2162 perpetue.

1014 2249 1113 2287 Vino
1143 2250 1243 2297 fiunt
1265 2250 1495 2297 pulchriora

1013 2306 1138 2344 Ubera
1169 2310 1237 2344 tua
1266 2308 1404 2344 decora

1065 2363 1194 2416 Atque
1224 2364 1320 2401 odor
1351 2366 1404 2402 est
1433 2368 1588 2403 tuorum

1007 2419 1133 2467 Super
1163 2421 1297 2457 omnia
1329 2421 1474 2458 maiora

1007 2477 1135 2524 Atque
1166 2478 1440 2514 excellentiora

1063 2533 1259 2570 Aromata
1287 2536 1595 2585 zmyreeutorum3

1007 2590 1065 2627 Tu
1096 2590 1245 2627 medela
1277 2591 1555 2638 languidorum,

1005 2647 1211 2691 Debilium‚
1243 2646 1477 2684 infirmorum

1063 2704 1207 2750 Aptata
1237 2703 1305 2740 hos
1336 2715 1474 2741 sanans
1506 2704 1620 2752 liora3

1006 2760 1093 2797 Tibi
1126 2770 1215 2797 cura
1247 2765 1305 2796 est
1335 2765 1554 2798 cunctorum

1006 2817 1220 2862 Pauperum
1253 2820 1288 2853 et
1320 2817 1543 2854 miserorum

1063 2873 1114 2910 Et
1144 2873 1202 2910 his
1233 2874 1324 2911 ades
1356 2874 1436 2911 sine
1467 2886 1584 2913 mora.
