1914 3223
733 221 782 225 —
844 196 926 237 539
984 219 1041 225 —

70 327 72 329 >
106 311 170 350 11.
216 311 246 350 Ο
278 311 443 358 insignes
473 320 636 361 sponsae
668 311 752 359 Dei,
896 296 964 350 12.ι
995 311 1111 349 Nulla
1141 305 1306 348 vestrum
1338 310 1392 348 ibi
1424 311 1534 354 desit,

219 368 463 413 Mementote,
496 377 647 413 quaeso,
680 367 765 413 mei,
995 368 1109 415 Virgo
1141 372 1261 404 mater
1292 368 1414 414 prima
1444 367 1599 416 praesit,

218 424 304 461 Non
335 423 386 462 sit
416 422 524 460 vobis
556 423 625 460 hoc
655 423 851 471 indignum
994 424 1034 461 Si
1066 435 1138 471 qua
1170 424 1261 460 mihi
1290 422 1377 463 faex
1410 423 1587 473 inhaesit,

218 480 461 527 Paupertatis
491 490 596 517 meae
624 480 782 527 signum,
993 484 1096 526 Quae
1127 491 1186 517 me
1217 492 1284 518 sua
1315 481 1399 518 labe
1430 480 1554 528 laesit,

215 537 267 574 Et
297 537 368 574 hoc
398 536 505 574 vobis
536 546 686 574 carmen
710 547 851 584 carum,
995 537 1132 574 Vestra
1165 547 1277 583 prece
1308 538 1440 584 procul
1470 536 1548 586 fiat,

214 593 390 640 Quamvis
402 593 758 641 parvum,quamvis
771 604 918 641 parurn,
994 594 1069 630 Vos
1099 598 1321 640 praesentes
1352 594 1471 631 hostis
1502 594 1598 631 sciat

271 650 422 687 Feratis
453 660 536 686 cum
567 650 724 690 laetitia.
1047 649 1099 686 Et
1129 660 1169 686 se
1200 649 1396 688 confusum
1430 651 1568 690 doleat.

215 706 244 744 Ο
274 706 495 754 praeclarae
526 717 592 743 vos
623 707 785 755 puellae,
989 706 1182 753 Quidquid
1214 717 1376 753 unquam
1409 705 1481 744 feci
1513 707 1614 756 mali,

216 762 326 800 Nunc
356 763 512 810 implete
542 773 665 800 meum
696 763 794 801 velle
993 763 1127 799 Vestro
1158 761 1250 799 flore
1279 764 1466 813 virginali,

214 819 278 869 Et,
312 820 400 858 dum
432 820 564 857 mortis
595 820 700 856 venit
730 820 835 867 hora,
992 820 1021 857 O
1052 819 1216 865 puellae,
1247 820 1404 866 palliate

215 875 422 913 Subvenite
453 876 534 914 sine
564 887 687 922 mora,
992 876 1043 913 Et
1073 886 1133 913 me
1166 875 1245 913 Deo
1277 880 1529 927 praesentate,

217 933 260 969 In
292 937 370 970 tam
401 933 507 980 gravi
540 936 765 979 tempestate
993 933 1129 971 Coram
1161 943 1204 969 eo
1235 942 1381 970 mecum
1413 937 1522 977 state,

216 988 281 1026 Me
312 994 532 1036 praesentes
565 987 763 1027 defensate
995 989 1154 1026 Causam
1186 999 1306 1026 meam
1339 988 1549 1038 defensate,

273 1048 308 1083 A
342 1047 565 1083 daemonum
596 1045 788 1083 instantia.
1052 1045 1109 1082 Ne
1141 1045 1257 1083 draco
1289 1046 1411 1083 locum
1443 1046 1594 1085 habeat.

196 1147 274 1179 Van
312 1147 372 1178 der
409 1147 524 1179 Sterre
559 1147 614 1187 (ex
652 1145 1012 1186 mssSteinfeldensi)
1045 1158 1077 1188 p.
1113 1143 1176 1178 231
1216 1157 1291 1189 sqq.
1328 1147 1368 1180 A.
1406 1165 1450 1168 —
1483 1148 1578 1179 Orat.
1612 1158 1674 1179 ms.

105 1192 370 1224 Lnnaelacense
404 1203 492 1224 saec.
531 1191 582 1225 15.
632 1192 715 1225 Cod.
750 1192 994 1225 Vindobonen.
1028 1189 1129 1224 3835.
1163 1193 1203 1223 B.
1237 1210 1281 1214 —
1307 1194 1402 1225 Orat.
1429 1203 1491 1224 ms·
1517 1192 1551 1224 S.
1578 1193 1675 1224 Petri

101 1237 342 1280 Salisburgen.
369 1248 459 1269 saec.
486 1236 537 1270 15.
579 1237 662 1270 Cod.
687 1239 816 1270 Petrin.
841 1248 863 1270 a
886 1239 936 1270 IV
961 1236 1015 1269 29.
1041 1239 1077 1271 C.
1104 1255 1147 1259 —
1172 1238 1268 1269 Orat.
1294 1249 1356 1269 ms.
1376 1238 1569 1279 Campense
1590 1239 1675 1269 anni

106 1281 204 1315 1462.
246 1283 330 1315 Cod.
349 1283 608 1316 Darmstadien.
633 1281 710 1315 521.
741 1284 783 1315 D.
808 1301 853 1305 —
875 1283 1018 1315 Collect.
1044 1294 1106 1315 ms.
1133 1283 1374 1316 SS.Uda11-ici
1401 1287 1435 1314 et
1451 1284 1555 1315 Afrae
1576 1281 1673 1315 1481.

101 1328 390 1405 Cln1.2Monacen.
415 1326 516 1361 4423.
534 1329 576 1361 Ε.
602 1347 645 1352 -
664 1330 758 1361 Orat.
785 1339 848 1360 ms.
866 1329 1089 1361 Lehninense
1113 1329 1197 1360 anni
1228 1326 1327 1361 1518.
1370 1329 1453 1361 Cod.
1474 1329 1674 1360 Perolinen.

106 1374 165 1406 IV.
215 1372 245 1405 9.
271 1375 308 1406 F.

194 1419 339 1451 Ferner:
374 1420 469 1452 Orat.
502 1430 565 1451 ms.
598 1421 718 1451 incert.
754 1421 840 1462 orig.
867 1429 956 1451 saec.
985 1417 1036 1451 15.
1086 1419 1168 1452 Cod.
1196 1419 1447 1461 Stuttgardien.
1475 1415 1526 1451 lb
1550 1416 1605 1451 40.
1630 1436 1675 1440 —

101 1465 198 1497 Orat.
224 1475 286 1496 ms.
311 1464 557 1497 Germanicum
583 1475 672 1497 saec·
701 1464 752 1497 15.
801 1465 884 1498 Cod.
910 1465 1062 1496 Parisin.
1090 1462 1218 1497 11343.
1244 1483 1288 1486 —
1313 1465 1409 1497 Orat.
1434 1475 1497 1496 ms·
1524 1464 1558 1497 S.
1577 1464 1674 1495 Petri

102 1510 343 1552 Salisburgen.
379 1520 468 1542 saec.
506 1509 555 1542 15.
607 1511 690 1543 Cod.
723 1511 855 1542 Petrin.
883 1511 902 1543 b
930 1512 966 1542 11
991 1508 1023 1544 3.
1049 1530 1091 1533 —
1116 1511 1273 1542 Weitere
1299 1510 1448 1550 Quellen
1475 1509 1544 1541 und
1569 1509 1675 1541 deren

101 1556 273 1587 Lesarten
298 1555 394 1587 siche
418 1556 522 1588 Mone
546 1557 610 1593 III,
636 1554 712 1588 545.

193 1599 221 1638 1,
254 1598 275 1633 3
308 1601 529 1643 Refulgentes
561 1603 772 1643 margaritae
798 1601 898 1634 BCE.
923 1619 967 1623 —-
995 1601 1023 1642 l,
1051 1600 1081 1634 7.
1111 1600 1153 1633 ln
1177 1601 1346 1633 famulum
1373 1601 1539 1642 suscipite
1565 1600 1604 1631 F.
1631 1617 1674 1621 -

103 1644 131 1686 1,
160 1644 181 1678 8
216 1646 293 1689 Ego
325 1657 457 1688 pauper
492 1650 525 1679 et
555 1657 684 1688 egenus
710 1647 811 1678 malis
835 1647 873 1678 F.
899 1666 937 1670 -
971 1645 999 1686 1,
1028 1645 1067 1679 11
1095 1648 1176 1679 Fiat
1200 1650 1316 1678 vestro
1342 1646 1445 1678 BCE.
1470 1662 1512 1666 —
1538 1643 1570 1683 2,
1599 1644 1614 1676 1
1640 1649 1675 1677 et

99 1692 260 1734 agnellae
286 1692 386 1724 BCE.
412 1709 457 1713 —-
480 1690 512 1731 2,
537 1690 558 1724 2
583 1693 694 1725 Carae
719 1692 850 1725 Christi
877 1693 919 1724 D.
946 1709 988 1715 —-
1014 1691 1045 1731 3,
1072 1691 1093 1724 2
1119 1693 1289 1725 Castitate
1317 1694 1438 1723 sancta
1456 1690 1532 1730 ΟΕ,
1561 1691 1673 1723 Casti-

99 1740 171 1769 tate
202 1737 296 1769 faeta
327 1738 368 1769 B.
405 1755 448 1760 —-
480 1735 512 1778 3,
546 1737 566 1770 9
599 1739 721 1770 turbae
757 1738 839 1777 ΒΕ,
876 1742 957 1770 sunt
989 1748 1156 1770 amoenae
1181 1737 1283 1770 BCE.
1309 1754 1352 1758 —
1376 1735 1408 1773 4,
1437 1735 1476 1767 11
1504 1736 1674 1777 praecidit

99 1783 236 1815 BCDE.
262 1799 304 1804 --
333 1781 364 1820 5,
393 1781 409 1814 1
436 1784 510 1815 Deo
536 1784 638 1816 turba
666 1784 702 1816 C.
732 1801 768 1805 -
797 1782 828 1822 5,
855 1781 876 1814 2
899 1783 986 1815 Exit
1010 1784 1073 1815 illa
1099 1783 1200 1815 BCE.
1226 1781 1326 1827 -,.5‚
1356 1780 1376 1813 6
1402 1786 1477 1813 tota
1503 1781 1672 1814 divinalis

99 1827 202 1860 BCE.
235 1845 278 1849 —
311 1826 342 1865 5,
376 1825 417 1860 10
442 1830 577 1861 Nomen
611 1830 710 1860 cuius
736 1829 778 1860 D.
804 1846 848 1850 ——
873 1827 904 1869 5,
933 1827 974 1861 13
999 1829 1062 1860 illa
1086 1829 1173 1861 fehlt
1197 1828 1234 1859 F.
1261 1844 1303 1849 —
1330 1827 1360 1866 6,
1387 1826 1408 1858 2
1434 1828 1504 1859 Suo
1530 1826 1672 1858 trahens

101 1873 210 1913 BCE3
244 1873 400 1905 Trahens
431 1884 494 1906 vos
527 1884 590 1906 suo
624 1875 661 1906 F.
695 1891 738 1895 -
771 1873 801 1912 6,
836 1872 856 1905 5
889 1884 950 1916 per
980 1875 1100 1906 vineta
1124 1874 1226 1906 BCE.
1251 1890 1296 1894 —
1322 1872 1351 1911 6,
1379 1871 1400 1904 9
1425 1872 1536 1904 Omne
1562 1872 1672 1904 melos

100 1929 311 1960 organorum
353 1919 397 1958 F,
441 1920 550 1952 Omne
591 1920 700 1951 melos
741 1921 952 1951 musicorum
991 1919 1129 1952 BCDE.
1166 1937 1211 1940 —
1251 1917 1288 1957 6,
1331 1916 1372 1949 12
1409 1919 1671 1959 Consequentes

101 1964 331 1996 condecenter
362 1965 463 1997 BCE.
496 1982 538 1987 —
571 1963 610 2003 7,
643 1963 664 1997 3
697 1965 725 1996 O
750 1965 899 1997 dilectae
920 1965 1124 1997 consodales
1150 1964 1252 1997 BCE.
1280 1981 1324 1985 —
1350 1962 1381 2002 7,
1407 1962 1428 1994 5
1454 1964 1510 1994 Me
1534 1962 1670 2002 habete,

102 2020 155 2041 me
186 2009 301 2042 videte
334 2010 371 2041 F.
408 2027 450 2032 -—
483 2009 514 2048 7,
541 2008 562 2043 8
594 2011 662 2042 Per
691 2011 933 2051 memetipsum
958 2020 1021 2042 vos
1050 2010 1091 2041 E.
1115 2027 1160 2031 —
1185 2009 1216 2048 7,
1242 2007 1262 2041 9
1287 2009 1335 2040 Et
1356 2009 1537 2040 vobiscum
1563 2009 1600 2040 F.
1632 2027 1670 2031 -

105 2053 137 2093 7,
168 2053 209 2087 10
241 2055 308 2087 Per
332 2055 494 2088 victrices
520 2066 539 2087 0
564 2056 683 2088 felices
710 2056 811 2089 BCE.
835 2074 881 2077 —
905 2054 937 2095 7,
964 2054 1002 2087 11
1030 2056 1130 2088 Meae
1155 2065 1270 2087 merae
1294 2055 1339 2095 B;
1369 2054 1480 2086 Carae
1506 2063 1602 2085 meae
1629 2054 1672 2085 D.

102 2118 147 2122 —
179 2099 210 2138 7,
238 2098 278 2132 13
311 2102 413 2133 eorde
446 2112 540 2133 mero
573 2102 617 2134 D.
650 2119 695 2123 -—-
727 2099 759 2140 8,
785 2099 805 2132 2
838 2101 949 2133 Aures
976 2111 1104 2143 pronas
1129 2100 1292 2133 adhibete
1317 2101 1364 2139 B,
1398 2100 1510 2131 Aures
1536 2103 1673 2131 vestras

102 2146 172 2179 ΟΕ.
198 2164 242 2167 —
266 2143 297 2183 8,
322 2145 345 2178 4
373 2147 422 2179 Et
446 2151 525 2189 post
549 2148 666 2179 mitem
691 2157 820 2189 agnum
844 2147 888 2187 F,
914 2147 1000 2179 Post
1024 2147 1115 2178 hunc
1141 2157 1269 2189 agnum
1295 2147 1415 2177 mitem
1442 2146 1479 2176 B.
1505 2162 1548 2166 —
1573 2142 1604 2183 8,
1634 2142 1674 2176 12

102 2191 204 2223 terris
233 2192 412 2224 adamavit
435 2192 536 2224 BCE.
565 2210 606 2214 —
632 2190 664 2232 9,
689 2190 710 2225 3
735 2193 968 2231 Delectemur,
994 2192 1267 2231 i11eundem11r(!)
1291 2192 1328 2223 F.
1358 2208 1403 2211 —
1427 2188 1459 2228 9,
1485 2188 1505 2221 5
1531 2191 1600 2221 Hic
1623 2193 1675 2222 est

103 2240 223 2268 noster
256 2237 431 2270 iubilaeus
464 2238 565 2270 BCE.
599 2254 643 2260 —-
676 2236 706 2277 9,
735 2236 754 2269 6
780 2249 816 2270 es
841 2241 888 2278 tu,
912 2238 1008 2270 Deus
1035 2238 1070 2269 F.
1097 2255 1142 2258 ——
1167 2235 1198 2276 9,
1224 2235 1244 2269 9
1269 2236 1362 2268 dulci
1390 2246 1448 2267 ore
1474 2235 1604 2268 BCEF.
1631 2252 1676 2257 —-

103 2280 141 2321 9,
175 2280 198 2314 4
230 2283 284 2314 De
315 2294 400 2315 vera
428 2284 500 2315 vite
533 2283 634 2316 BCE.
668 2301 712 2304 —
746 2281 805 2322 10,
842 2281 857 2314 1
893 2283 923 2314 A
953 2287 987 2314 te
1017 2293 1137 2314 omnes
1171 2292 1379 2314 coronamur
1411 2282 1449 2312 F.
1484 2298 1528 2301 —
1565 2279 1622 2315 10,
1653 2278 1674 2311 2

104 2328 364 2370 complexamur
387 2329 489 2361 BCE.
515 2346 559 2350 —
586 2327 638 2368 10,
662 2327 684 2360 4
710 2330 822 2369 Quam
846 2329 926 2370 EF3
952 2328 1111 2360 videntes
1137 2329 1174 2360 F.
1200 2346 1244 2349 —
1273 2325 1323 2362 10,
1349 2325 1369 2358 6
1388 2328 1464 2366 Quo
1490 2336 1561 2357 non
1586 2326 1674 2357 satis

105 2374 275 2405 satiamur
301 2375 368 2405 BC.
396 2392 447 2409 ,—
481 2372 533 2412 10,
562 2372 603 2406 12
635 2376 694 2417 qui
719 2375 840 2406 vivisti
866 2374 904 2406 C.
929 2391 974 2395 —-
1000 2371 1053 2412 10,
1081 2371 1122 2405 13
1147 2375 1215 2413 Qui
1241 2383 1304 2404 nos
1333 2371 1375 2403 ad
1401 2375 1434 2403 te
1460 2371 1568 2411 BCE,
1606 2372 1675 2410 Qui

106 2428 170 2450 nos
203 2419 247 2450 ad
279 2418 346 2451 hoc
378 2420 416 2451 F.
449 2437 494 2440 —
521 2417 571 2456 10,
597 2418 619 2452 4
645 2421 699 2453 Sit
723 2420 788 2452 tibi
813 2420 890 2451 laus
916 2420 1057 2459 BCDE,
1083 2419 1165 2450 Tibi
1190 2419 1270 2450 laus
1296 2421 1330 2449 et
1354 2417 1396 2448 E.
1424 2434 1468 2438 —-
1496 2414 1547 2453 11,
1575 2415 1594 2447 5
1622 2417 1676 2449 Sit

106 2463 173 2495 hoc
203 2464 305 2496 vobis
337 2465 375 2496 F.
409 2483 454 2486 —
488 2463 539 2503 11,
573 2464 592 2496 6
624 2466 795 2505 Quamvis
830 2475 970 2507 parum,
1005 2466 1165 2506 quamvis
1199 2474 1314 2495 rarum
1339 2463 1376 2494 F.
1402 2480 1446 2483 —
1475 2460 1526 2501 11,
1555 2460 1596 2494 10
1622 2462 1675 2494 bis

109 2507 159 2546 12,
193 2507 214 2540 2
247 2509 334 2542 inkl.
366 2510 480 2542 fehlen
511 2512 548 2542 B.
583 2528 627 2532 —-
662 2509 712 2549 11,
742 2508 783 2543 10
816 2513 917 2552 urget
948 2509 1036 2542 hora
1060 2510 1172 2549 CDE,
1206 2512 1306 2550 coget
1330 2508 1415 2539 hora
1443 2508 1480 2539 F.
1508 2525 1551 2528 ν
1577 2504 1628 2545 12,
1655 2505 1676 2538 5

107 2554 194 2587 fehlt
217 2555 255 2586 F.
281 2573 325 2576 —
352 2553 403 2594 12,
432 2554 470 2586 11
498 2556 583 2588 fehlt
608 2557 653 2596 F,
687 2557 812 2589 Coram
837 2557 913 2588 Deo
939 2566 1073 2587 mecum
1099 2555 1167 2587 ΟΕ.
1193 2573 1238 2576 —
1263 2554 1360 2586 Nach
1389 2551 1439 2591 12,
1467 2550 1510 2584 14
1535 2556 1623 2584 setzt
1648 2552 1674 2584 F

106 2597 232 2639 Amen,
259 2599 334 2642 ffigt
358 2602 442 2633 aber
466 2601 560 2633 dann
584 2601 673 2633 noch
700 2602 771 2634 bei:

618 2671 647 2702 O
672 2670 834 2702 caelestis
859 2669 961 2702 aulae
987 2679 1098 2708 rosae,

622 2716 735 2757 Super
759 2715 867 2747 solem
893 2716 1083 2757 speciosae,

621 2762 707 2792 Cum
733 2760 861 2792 dilecto
887 2763 1164 2801 compausantes,

626 2806 815 2838 Sublevate
840 2816 903 2837 nos
929 2805 1112 2836 laudantes

655 2851 707 2883 Ad
737 2855 879 2883 aeterna
903 2850 1042 2892 gaudia.

204 2919 302 2951 Nach
341 2919 408 2953 Str.
436 2917 477 2952 12
501 2920 605 2963 fiigen
623 2920 712 2952 BCE
730 2918 819 2951 noch
838 2918 894 2950 die
911 2917 1096 2959 folgenden
1113 2917 1185 2949 drei
1204 2917 1377 2960 Strophen
1395 2917 1457 2948 auf
1471 2917 1585 2948 Maria
1604 2918 1677 2949 bei:
