2031 3289
951 205 1257 245 -342—

717 373 798 408 265.
835 373 893 415 (2.)
927 372 986 407 De
1010 371 1133 407 beata
1156 370 1287 406 Maria
1311 371 1490 414 Virgine.

782 455 819 492 1.
865 453 1047 492 Fecunda
1076 452 1193 491 verbo

868 514 909 547 tu
939 510 1127 557 virginum
1158 510 1277 556 virgo,

325 605 397 642 2a.
439 602 577 647 Maria,
1140 598 1212 638 2b.
1256 598 1424 645 Dignare

438 657 510 695 Dei
542 660 664 694 mater
693 656 836 704 inclita,
1251 665 1319 691 nos
1349 654 1523 701 indignos
1556 652 1715 691 famulos

438 715 538 751 omni
569 713 682 751 laude
1255 716 1293 747 te
1322 711 1493 757 laudare,

438 775 479 808 tu
508 770 590 807 sola
621 769 744 817 digna.
1253 767 1383 814 regina
1413 767 1521 814 caeli,

328 875 398 911 3a.
440 870 650 909 Mediatrix
1144 868 1219 907 3b.
1266 869 1309 906 In
1340 879 1412 915 qua
1442 867 1522 904 Deo

440 927 662 965 mediatoris
1256 924 1405 961 iunctus
1437 929 1493 960 est
1523 925 1632 962 homo

443 988 484 1021 tu
514 983 699 1031 genetri1‚
1257 980 1360 1018 Deus
1390 980 1544 1019 homini.

329 1088 402 1124 43.
444 1085 566 1124 Unius
597 1085 672 1122 tria
702 1088 789 1121 sunt
820 1083 922 1122 facta
1143 1083 1216 1122 4b.
1260 1083 1429 1129 Angelus
1460 1093 1507 1119 ne
1537 1083 1664 1128 cadat,
1696 1083 1806 1120 homo

441 1141 624 1179 trinitatis
655 1151 772 1188 opera
1256 1140 1385 1186 lapsus
1416 1139 1504 1176 hine
1533 1142 1575 1176 ut
1605 1139 1738 1176 redeat

442 1198 482 1234 in
513 1208 626 1235 carne
659 1198 706 1235 de
735 1201 772 1234 te
803 1201 973 1243 sumpta:
1257 1200 1463 1242 temptator
1491 1205 1561 1232 nee
1591 1199 1775 1243 resurgat.

332 1302 401 1338 5a.
443 1299 492 1336 Se
522 1299 691 1336 similans
723 1298 907 1337 altissimo
1145 1296 1218 1336 5b.
1259 1296 1530 1333 Immortaliter
1559 1301 1729 1333 mortuus

443 1356 517 1392 iam
548 1366 618 1392 nec
647 1367 719 1402 par
749 1359 806 1391 est
836 1353 976 1400 infimo,
1255 1353 1322 1390 sed
1354 1356 1411 1389 est
1440 1352 1603 1390 mendax
1634 1352 1802 1399 spiritus,

445 1412 664 1460 redemptus
695 1411 782 1458 quia
1256 1419 1365 1456 quem
1396 1409 1607 1456 strangulat
1639 1409 1781 1446 ventris

443 1469 537 1507 vivit
568 1469 690 1506 homo.
1257 1466 1312 1502 tui
1343 1463 1501 1504 fructus.

334 1573 404 1610 6a.
448 1572 500 1608 At
529 1580 596 1607 nos
628 1570 730 1607 vitae
761 1572 925 1619 reparat,
1149 1567 1221 1607 61).
1263 1567 1378 1613 Ergo,
1411 1567 1574 1603 omnium
1605 1566 1769 1616 domina,

448 1627 621 1674 angelum
651 1625 790 1670 firmat,
1259 1623 1377 1661 filium
1408 1624 1530 1672 placa,

448 1684 487 1720 in
518 1693 559 1720 se
589 1693 680 1730 quos
711 1693 807 1719 unus
839 1681 968 1719 sociat.
1261 1679 1453 1728 supplices
1484 1683 1568 1716 tuos
1598 1678 1749 1727 adiuva,

791 1784 828 1821 7.
875 1783 950 1819 Per
979 1791 1090 1828 quam
1121 1781 1237 1818 solam
1269 1781 1372 1817 solus

875 1837 1046 1875 omuibus

873 1895 987 1932 vitam
1019 1894 1085 1932 dat
1114 1893 1320 1931 salvandis.

423 1988 526 2028 Trop.
552 1996 614 2016 ms.
639 1984 882 2016 Rhenoviense
908 1994 997 2015 saec.
1025 1980 1114 2023 10(ἰι.
1163 1982 1245 2015 Cod.
1274 1983 1434 2014 Turicen.
1459 1981 1568 2014 Rhen.
1597 1978 1669 2013 132.
1696 1981 1773 2013 add.
1799 1990 1887 2013 saec.

337 2031 389 2064 11.
415 2035 456 2063 A.
480 2049 526 2052 —
549 2031 648 2062 Miss.
673 2041 734 2061 ms.
761 2030 795 2061 S.
820 2029 976 2061 Floriani
1002 2039 1088 2060 saec.
1118 2026 1168 2059 12.
1210 2027 1291 2059 Cod.
1309 2028 1461 2059 Florian.
1487 2028 1540 2058 111
1566 2024 1641 2058 208.
1667 2028 1705 2059 Β.
1729 2044 1773 2048 -
1789 2025 1887 2058 Mi'ss.

336 2089 397 2109 ms.
425 2077 665 2108 Slierbacense
698 2085 787 2107 saec.
825 2073 875 2106 12.
923 2074 1006 2107 Cod.
1033 2074 1245 2106 Slierbacen.
1270 2074 1287 2105 I
1315 2071 1364 2104 13.
1391 2074 1428 2105 C.
1452 2089 1494 2094 —
1522 2073 1619 2104 Miss.
1645 2082 1705 2104 ms.
1733 2073 1767 2104 S.
1792 2072 1888 2103 Petri

336 2123 575 2163 ‚Salisburgem
608 2132 698 2153 saec.
734 2118 785 2152 12.
834 2120 917 2153 Cod.
949 2120 1080 2151 Petrin.
1113 2129 1134 2150 a
1165 2118 1216 2150 IX
1252 2116 1303 2150 11.
1339 2119 1379 2149 D.
1413 2135 1455 2139 ———
1479 2118 1577 2148 Miss.
1612 2127 1673 2148 ms.
1700 2118 1887 2150 Garstense

336 2179 424 2200 saec.
459 2165 511 2198 12.
569 2166 651 2199 Cod.
684 2167 828 2197 Line-en.
863 2169 892 2197 Γ
920 2176 939 2196 o
974 2163 1024 2196 15.
1056 2165 1097 2196 Ε.
1129 2182 1173 2186 -
1205 2164 1302 2195 Miss.
1337 2173 1398 2195 ms,
1425 2162 1690 2195 sitanstettense
1719 2171 1808 2194 saec.
1837 2159 1887 2192 12.

335 2213 416 2246 Cod.
452 2214 691 2245 Sitanstetten.
724 2211 900 2243 CXXVII.
937 2211 973 2242 F.
1010 2227 1054 2231 —
1093 2210 1190 2241 Miss.
1228 2220 1289 2240 1118.
1322 2209 1538 2240 Voraviense
1575 2218 1663 2239 saec.
1701 2206 1751 2239 12.
1807 2206 1888 2239 Cod.

336 2259 524 2290 Voravien.
550 2255 603 2289 37.
629 2257 669 2288 G.
694 2274 740 2278 —
763 2256 866 2288 Grad.
889 2267 951 2287 ms.
970 2255 1306 2296 Sanhippolytanum
1332 2263 1419 2285 saec.
1450 2251 1499 2284 12.
1541 2252 1623 2284 Cod.
1648 2252 1889 2285 Vindobonen.

343 2301 439 2336 1821.
473 2304 518 2335 Η.
543 2320 587 2324 -
612 2298 720 2333 Grad.
746 2312 809 2332 ωε.
835 2300 1090 2340 Secoviensef?)
1114 2310 1203 2332 saec.
1232 2298 1283 2330 12.
1333 2299 1414 2330 Cod.
1439 2298 1683 2330 Vindobonen.
1711 2294 1889 2330 13314.·1.

341 2367 383 2371 —
411 2349 574 2390 Sequent.
599 2358 662 2378 ms.
686 2347 969 2379 Emmeramense
994 2356 1082 2377 saec.
1108 2343 1159 2379 12.
1186 2345 1270 2376 Clm.
1292 2345 1472 2375 Monacen.
1502 2341 1628 2375 14845.
1653 2344 1695 2375 Κ.
1722 2359 1764 2364 -
1785 2341 1888 2375 Grad.

335 2405 398 2426 ms.
424 2395 677 2426 ottoburanum
704 2402 792 2423 saec.
821 2390 871 2423 12.
890 2392 974 2424 Clm.
995 2392 1176 2423 Monacen.
1201 2387 1330 2421 27130.
1350 2390 1389 2421 L.
1412 2406 1456 2412 —
1474 2388 1577 2421 Grad.
1594 2399 1656 2420 ms.
1675 2389 1889 2420 Disertinum

337 2450 424 2472 saec.
461 2437 511 2470 12.
561 2438 643 2470 Cod.
680 2434 879 2476 Sangallen.
912 2434 988 2468 344.
1019 2437 1064 2468 M.
1098 2453 1143 2457 —
1174 2436 1272 2467 Miss.
1303 2445 1364 2466 τηε.
1389 2435 1564 2475 Prageuse
1589 2443 1677 2465 saec.
1706 2431 1758 2465 13.
1806 2431 1888 2465 Cod.

335 2484 541 2516 Altovaden.
569 2484 675 2517 CXII.
702 2484 744 2514 N.
769 2500 812 2504 —
836 2482 940 2515 Grad.
966 2491 1028 2513 mS.
1046 2481 1291 2523 Aquilegiense
1316 2490 1404 2511 saec.
1434 2479 1483 2511 13.
1525 2479 1607 2511 Cod.
1627 2479 1786 2511 Rossian.
1804 2477 1890 2509 VIII

339 2528 390 2562 18.
416 2531 455 2562 O.
483 2549 523 2552 —
549 2529 647 2560 Miss.
674 2538 735 2559 ms.
753 2528 995 2569 Maguntinum
1019 2525 1228 2566 (Monastic.)
1252 2536 1340 2557 saec.
1368 2522 1419 2556 13.
1439 2526 1485 2555 in.
1526 2524 1787 2556 Cod.1{0ssian.
1804 2522 1889 2554 VIII
1946 2566 1950 2569 ῃ

341 2573 414 2607 120.
440 2575 478 2606 P.
503 2592 545 2596 —-
571 2573 675 2606 Grad.
701 2583 762 2604 ms.
790 2573 1030 2615 Augustanum
1055 2581 1144 2603 saec.
1172 2569 1223 2602 13.
1250 2570 1335 2603 Clm.
1361 2570 1541 2601 Monacen.
1566 2567 1665 2601 3914.
1691 2570 1731 2608 Q.

427 2618 492 2659 33,
527 2618 548 2651 3
580 2620 631 2650 tui
663 2620 820 2661 genetrix
852 2618 925 2657 ΟΡ,
958 2621 996 2648 tu
1026 2617 1183 2658 genetrix
1215 2616 1345 2647 homini
1379 2617 1417 2647 C.
1445 2631 1486 2636 -
1510 2613 1563 2646 3b
1589 2615 1698 2646 lautet
1722 2614 1758 2644 in
1782 2614 1813 2644 I:
1848 2613 1887 2644 In

340 2676 410 2708 qua
442 2666 536 2697 Deus
568 2665 678 2696 factus
712 2668 764 2695 est
793 2663 895 2695 homo
929 2667 963 2695 et
994 2662 1095 2694 homo
1127 2662 1232 2693 Deus.
1257 2678 1300 2683 —
1333 2659 1395 2697 31),
1429 2657 1450 2691 3
1478 2660 1610 2691 homini
1635 2659 1720 2691 fehlt
1743 2657 1812 2690 und
1835 2656 1889 2689 42.

340 2711 496 2742 schliesst
520 2709 609 2741 ohne
633 2709 762 2741 Absatz
795 2719 840 2740 an
864 2706 916 2741 31)
941 2718 996 2739 an.
1019 2708 1055 2739 C.
1081 2723 1124 2728 —
1149 2706 1208 2745 4a,
1233 2704 1254 2738 3
1284 2706 1344 2738 der
1368 2704 1631 2747 urspriingliche
1648 2705 1735 2736 Text
1760 2704 1796 2734 in
1819 2711 1889 2734 uua

338 2767 440 2787 warne
472 2760 532 2786 tua
563 2754 644 2797 (vgl.
677 2754 891 2787 Godeealeus
922 2755 1148 2794 Lintpurgeu.
1179 2763 1211 2793 p.
1245 2750 1301 2788 77)
1332 2750 1437 2782 ACM.
1464 2767 1507 2771 —
1542 2748 1604 2787 4b,
1634 2748 1646 2780 1
1675 2748 1827 2790 Angelus
1851 2750 1889 2779 ut

338 2802 489 2841 gaudeat
512 2802 538 2832 I.
564 2817 606 2821 —-
631 2799 691 2839 4b‚
717 2798 738 2831 3
762 2810 805 2831 ne
830 2802 988 2840 resurgat
1014 2798 1245 2836 ABCLN0P3
1270 2807 1313 2827 ne
1339 2795 1527 2837 triumphet
1551 2794 1605 2826 CI.
1633 2812 1673 2815 —
1697 2793 1757 2830 53,
1787 2791 1888 2826 lSed

339 2847 495 2877 similans
529 2846 576 2884 Ος
609 2845 776 2876 simulans
809 2845 845 2876 C.
882 2861 920 2865 —-
953 2841 1014 2881 63,
1042 2841 1056 2874 1
1084 2842 1134 2873 Ad
1160 2853 1222 2873 nos
1247 2843 1294 2875 A:
1320 2841 1366 2872 Et
1391 2851 1453 2871 nos
1480 2841 1521 2871 Κ.
1549 2857 1590 2861 -
1616 2837 1675 2876 63,
1701 2836 1722 2870 2
1745 2837 1887 2879 angelos

339 2892 402 2929 1313
435 2892 586 2931 integrat
618 2891 642 2921 1.
676 2907 718 2911 ——
745 2887 804 2929 63,
832 2891 865 2921 in
891 2893 923 2921 te
947 2900 1033 2930 quos
1065 2889 1111 2922 L:
1137 2897 1240 2918 unum
1267 2887 1335 2917 01¹.
1361 2902 1404 2908 --
1429 2886 1509 2918 Mel.
1536 2884 1630 2916 siehe
1655 2883 1886 2916 Godescalcus

340 2936 563 2977 Lintpurgvn.
591 2946 622 2976 p.
651 2933 724 2967 195.
