2031 3289
819 708 1156 774 Anonymus
1192 707 1437 759 Noauus,

867 812 1076 851 Monachus
1108 811 1383 858 Cisterciensis,

1010 891 1108 919 saeC.
1143 877 1194 919 ¹²!
1200 895 1250 919 13.

432 995 472 1025 In
507 994 567 1026 der
593 993 820 1025 lvlandsehrift
849 991 914 1024 652
943 991 985 1028 (A
1011 990 1089 1027 570)
1120 992 1180 1023 der
1210 992 1507 1023 Stadtbihliothek
1534 1003 1600 1023 von
1630 994 1768 1030 Rauen,
1795 993 1906 1023 einern
1966 973 1969 975 >

345 1040 615 1072 sammelbande
652 1039 711 1070 des
752 1037 803 1070 13.
844 1038 1118 1075 Jahrhunderts,
1161 1037 1220 1069 der
1257 1048 1319 1068 aus
1357 1037 1417 1069 der
1453 1037 1821 1070 Cistcrzienser-Abtei
1858 1037 1908 1069 St.

341 1085 456 1116 Maria
480 1084 522 1116 de
547 1086 623 1116 Noa
646 1083 694 1120 (la
711 1082 785 1115 Noe'
811 1084 893 1115 oder
918 1084 951 1115 la
968 1084 1079 1123 Noue)
1103 1084 1139 1113 in
1162 1082 1222 1114 der
1243 1083 1388 1114 Dicit-ese
1405 1083 1545 1114 Evreux
1571 1086 1720 1119 stammt,
1750 1081 1907 1114 befinden

342 1130 414 1162 sich
448 1130 505 1161 die
548 1129 783 1161 nachstehend
821 1129 1069 1171 mitgeteilten,
1106 1126 1192 1159 1900
1215 1138 1283 1159 von
1308 1129 1430 1159 Blume
1456 1128 1730 1169 aufgefnndenen
1756 1127 1825 1158 und
1849 1127 1908 1159 ab·

345 1175 616 1217 geschriebenen
642 1174 820 1207 Gediehte.
869 1175 923 1206 Da
942 1175 1001 1205 der
1026 1174 1206 1205 Verfasser
1231 1173 1305 1204 sich
1330 1174 1426 1204 nicht
1451 1178 1566 1211 neunt,
1599 1174 1738 1204 konnen
1762 1174 1825 1203 wir
1849 1172 1910 1204 ihn

343 1232 409 1252 nur
436 1220 524 1255 nach
561 1221 638 1252 dem
664 1220 839 1251 Fundorte
875 1221 988 1251 seiner
1018 1219 1165 1250 Poesien
1198 1219 1396 1255 benennen,
1428 1219 1557 1250 welche
1590 1218 1663 1250 sich
1698 1218 1804 1249 durch
1829 1221 1910 1259 gute

344 1265 608 1307 Beherrschnng
644 1266 704 1296 der
743 1265 946 1306 poetisehen
978 1265 1124 1296 Formen
1162 1263 1221 1295 des
1257 1264 1417 1295 zwijlften
1450 1264 1520 1295 und
1553 1264 1775 1296 dreizehn‘cen
1807 1263 1909 1295 Jahr-

344 1311 513 1343 hunderts
539 1310 781 1343 auszeichnen.

616 1490 738 1532 Laus
769 1490 815 1532 et
846 1488 1092 1543 Speculum
1124 1487 1330 1541 Reginae
1363 1483 1623 1531 Caelorum.

465 1579 614 1624 Incipit
637 1580 833 1624 prologus
858 1579 900 1614 in
924 1579 1081 1614 laudem
1106 1579 1147 1613 et
1173 1579 1373 1623 speculum
1398 1578 1563 1621 reginae
1591 1578 1810 1613 caelorum.

462 1697 629 1744 Reginae
661 1701 879 1733 cunctorum
908 1699 946 1733 et
968 1696 1141 1733 dominae
1163 1696 1258 1732 caeli
1280 1699 1317 1731 et
1338 1700 1473 1745 terrae,
1509 1695 1641 1732 beatae
1665 1699 1702 1732 et
1723 1695 1908 1742 gloriosae

353 1763 502 1799 semper
531 1753 686 1800 virginis
719 1757 755 1789 et
786 1754 857 1790 Dei
888 1753 1089 1800 genetricis
1120 1752 1267 1789 Mariae
1298 1753 1420 1800 gratia
1450 1757 1485 1789 et
1518 1753 1659 1798 pietate
1689 1751 1906 1801 fidentibus,

348 1811 466 1857 gloria
510 1814 546 1846 et
586 1810 727 1847 honore
767 1809 1038 1858 gaudentibus,
1081 1810 1246 1846 eiusdem
1291 1809 1464 1846 minimus
1506 1820 1571 1846 sua
1602 1809 1747 1856 Deique
1787 1807 1910 1855 gratia

348 1867 519 1903 servulus
561 1871 797 1913 praesentem
840 1871 875 1903 ot
917 1870 1106 1903 aeternam
1150 1867 1307 1902 salutem
1339 1866 1409 1902 Dei
1442 1866 1642 1912 genetricis
1673 1870 1710 1902 et
1740 1864 1907 1912 virginis

464 1924 687 1970 Aegrotanti
719 1923 809 1959 mibi
842 1929 1010 1970 tempore
1041 1934 1149 1960 sacro
1181 1923 1491 1969 quadragesimae
1522 1927 1559 1958 et
1589 1922 1728 1959 lectulo
1755 1921 1905 1958 decum-

350 1980 455 2017 benti
485 1980 571 2027 piae
602 1980 806 2017 voluntatis
838 1984 875 2016 et
906 1979 1161 2016 meditationis
1193 1980 1232 2016 id
1263 1979 1417 2021 incidit,
1453 1980 1565 2015 immo
1597 1979 1779 2027 desuper,
1813 1977 1908 2014 sicut

350 2037 474 2082 sensi,
518 2037 647 2073 radius
677 2037 768 2072 mihi
799 2037 972 2074 caelestis
1003 2036 1262 2082 inspirationis
1293 2036 1442 2081 illuxit,
1476 2040 1515 2071 ut
1549 2035 1595 2072 de
1625 2040 1732 2072 tanta
1761 2039 1910 2081 tamque

354 2092 550 2140 magnifica
594 2093 738 2139 virgine
778 2093 942 2140 gloriosa
984 2093 1085 2139 pium
1126 2093 1269 2138 aliquid
1304 2103 1372 2138 per
1403 2092 1473 2129 Dei
1505 2092 1664 2139 gratiam
1695 2091 1910 2138 excogitare

350 2154 597 2196 temptarem,
636 2151 837 2186 memoriae
874 2150 1105 2199 litterarum,
1139 2150 1237 2185 siout
1268 2149 1418 2195 dignum
1451 2154 1485 2185 et
1519 2147 1772 2192 fructuosum,
1814 2148 1910 2184 sicut

351 2207 547 2243 honestum
601 2211 637 2242 et
681 2206 795 2252 utile,
846 2211 1018 2253 coeptum
1066 2206 1330 2242 commendans
1376 2206 1608 2252 opusculum.
1685 2204 1791 2250 Quod
1834 2204 1910 2241 leni

352 2263 598 2300 consonantia
647 2274 826 2300 resonans
876 2267 913 2299 et
964 2263 1065 2299 dulci
1116 2273 1270 2298 currens
1314 2262 1460 2308 eloquio
1507 2266 1649 2298 mentes
1693 2261 1906 2310 legentium,

352 2320 496 2357 animos
546 2320 778 2356 audientium
831 2319 1031 2357 dulcedine
1081 2330 1148 2355 sua
1200 2319 1434 2359 demulceat,
1488 2319 1704 2355 demulcens
1754 2317 1931 2365 alliciat,⁴

352 2376 554 2414 alliciendo
604 2374 750 2422 foveat,
798 2375 961 2413 fovendo
1005 2376 1188 2424 provehat
1233 2379 1270 2411 et
1314 2376 1497 2412 accendat
1537 2376 1584 2412 ad
1631 2374 1829 2412 amandam
1856 2377 1911 2411 ,εἰ

353 2433 605 2470 venerandam
646 2432 899 2469 venerabilem
938 2436 972 2469 et
1005 2433 1205 2479 gloriosam
1237 2443 1385 2478 semper
1418 2432 1597 2477 virginem
1630 2437 1664 2468 et
1698 2431 1768 2468 Dei
1799 2440 1908 2478 gene-

350 2490 483 2526 tm'cem
514 2490 689 2528 Mariam.

469 2547 575 2591 Quod
608 2546 662 2582 ita
693 2546 908 2592 concipiens
941 2545 1054 2581 corde
1086 2550 1121 2581 et
1144 2546 1280 2584 animo„
1312 2545 1359 2582 ad
1385 2545 1565 2591 virginem
1590 2544 1678 2581 iude
1701 2553 1910 2590 recurrenS,

354 2607 570 2649 regnantem
613 2602 650 2639 in
691 2613 735 2639 ea
774 2602 871 2639 sicut
910 2602 946 2638 in
987 2602 1142 2648 proprio
1183 2602 1309 2638 throni
1340 2602 1505 2638 sacrario
1536 2601 1710 2647 spiritum
1741 2604 1909 2637 sanctum

353 2670 421 2705 per
453 2659 608 2695 eandem
642 2663 765 2695 mente
797 2659 980 2707 deposco,
1024 2663 1206 2705 quatenus
1235 2659 1322 2694 mihi
1357 2659 1403 2694 de
1434 2668 1543 2696 sacra
1574 2657 1719 2703 virgine
1750 2656 1912 2703 gloriosa
1961 2663 1967 2668 ·
2004 2672 2007 2684 v

354 2727 417 2752 sua
464 2715 695 2762 benignitate
743 2719 779 2752 et
823 2715 945 2762 gratia
991 2715 1180 2760 piissimus
1226 2715 1413 2760 inspirare
1455 2714 1651 2761 dignetur,
1699 2713 1798 2760 quod
1839 2711 1911 2749 sibi

354 2776 514 2819 gratum,
538 2772 673 2818 virgini
696 2784 769 2808 non
794 2773 1049 2820 incongruum,
1074 2771 1286 2808 amantibus
1309 2782 1388 2807 eam
1412 2770 1653 2817 propitabile,
1675 2767 1909 2806 salutiferum

358 2833 392 2864 et
424 2828 517 2864 utile
546 2828 624 2867 fiat.
685 2828 769 2865 Non
801 2827 1013 2865 amantibus
1045 2828 1140 2863 enim
1175 2828 1326 2864 videtur
1356 2838 1535 2872 amarum,
1573 2827 1671 2873 quod
1704 2826 1812 2863 dulce
1842 2828 1909 2864 est.

355 2885 430 2921 Sed
463 2895 541 2929 vae,
574 2885 635 2931 qui
658 2885 788 2922 dicunt
809 2885 947 2921 malum
970 2884 1104 2921 bonum
1127 2888 1162 2921 et
1185 2884 1320 2920 bonum
1345 2885 1491 2932 malum,
1527 2888 1706 2929 ponentes
1731 2881 1905 2919 tenebras

363 2943 480 2977 lucem
515 2947 563 2986 et,
596 2942 694 2988 quod
727 2942 836 2978 dulce
867 2947 935 2987 cst,
965 2941 1003 2977 in
1033 2952 1198 2977 amarum
1231 2944 1265 2977 et
1298 2952 1317 2977 c
1349 2942 1550 2977 converso!
