2031 3289
1002 182 1308 222 —418—

395 298 433 335 5.
465 297 494 334 O
526 306 636 342 quam
667 296 866 343 praedigni
897 296 1010 333 rivuli
1205 297 1242 334 6.
1274 295 1337 333 Sic
1367 300 1497 333 nostra
1526 296 1643 333 corda
1671 301 1858 344 penetret,

464 353 507 389 ln
540 363 650 389 cruce
681 352 822 390 Christi
852 352 1046 399 sanguinis
1276 352 1306 390 Ο
1339 353 1436 399 Iesu,
1468 355 1532 389 tua
1562 352 1700 398 passio,

465 408 529 456 Et,
561 419 653 455 quos
684 407 865 445 fuderunt
894 408 994 446 oculi
1276 408 1330 446 Ut
1359 419 1508 454 semper
1538 419 1605 445 nos
1635 408 1822 446 inhabitet

467 464 544 501 Sub
576 475 685 502 cruce
715 465 848 502 matris
878 464 1056 512 virginis!
1277 465 1360 502 Tua
1389 475 1480 502 vera
1511 464 1677 503 dilectio.

470 554 669 593 Klemming
694 554 738 593 ΙΙ,
764 551 808 585 84
832 564 865 584 u.
890 554 913 584 f.
940 571 981 575 —
1006 554 1084 584 Von
1108 553 1239 585 diesem
1256 554 1417 593 Hymnus
1443 553 1489 584 ist
1513 554 1590 584 eine
1609 553 1856 594 Bearbeitung,
1881 553 1938 584 die

381 599 595 630 namentlioh
622 599 757 630 iiberall
782 599 847 630 den
873 600 991 630 reinen
1017 599 1255 639 zweisilbigen
1272 599 1371 630 Reim
1397 598 1564 635 herstellt,
1592 599 1629 629 in
1654 598 1709 629 die
1730 598 1939 630 nou-dischen

381 645 544 676 Breviere
581 645 866 686 iibergegangen,
900 654 937 675 so
971 645 1008 674 in
1039 644 1100 675 das
1135 644 1360 685 Stregnense,
1393 643 1644 681 Aarhusiense,
1677 643 1938 675 Roschildense.

380 690 459 730 Vgl.
484 689 578 720 diese
603 690 840 730 Bearbeitung
865 689 921 720 bei
946 689 1146 730 Klemmiug
1167 689 1212 727 ΙΙ,
1240 686 1313 720 186.

901 844 983 879 383.
1020 843 1100 888 (22.)
1135 844 1256 879 Feria
1281 843 1419 880 Sexta.

1048 915 1114 953 Ad
1143 916 1290 953 Horas.

397 1017 434 1056 1.
467 1017 640 1054 Summae
671 1022 791 1054 mater
821 1017 1001 1064 laetitiae,
1211 1018 1248 1055 2.
1280 1016 1339 1053 Da
1370 1016 1477 1053 nobis
1508 1015 1687 1052 mundum
1720 1025 1903 1062 spernere

467 1074 641 1111 Summae
671 1073 785 1120 plena
815 1073 1038 1119 maestitiae,
1279 1073 1331 1110 Et
1361 1073 1492 1110 sedulo
1522 1072 1703 1120 recolere,

468 1130 715 1167 perscrutans
746 1140 871 1176 regem
901 1130 1044 1176 gloriae
1279 1131 1382 1176 Quae
1413 1140 1525 1176 passa
1555 1139 1595 1165 es
1627 1139 1710 1165 eum
1739 1128 1818 1165 filio

467 1186 587 1223 Subdi
618 1186 750 1223 mortis
781 1186 988 1233 angustiae.
1281 1186 1354 1223 Pro
1385 1185 1493 1223 nobis
1524 1190 1601 1223 tam
1631 1185 1810 1232 propitio.

477 1274 502 1313 1,
528 1273 550 1306 4
576 1275 700 1307 Subdit
724 1276 762 1306 B.
791 1293 831 1296 —
857 1275 1057 1317 Klemming·
1081 1275 1126 1312 ΙΙ,
1154 1273 1228 1306 147.

903 1430 985 1467 384.
1021 1430 1102 1474 (23.)
1136 1431 1256 1466 Feria
1281 1431 1420 1468 Sexta.

1017 1501 1083 1540 Ad
1116 1503 1312 1550 Vesperas.

400 1605 437 1644 1.
470 1605 532 1642 Sol
563 1604 703 1641 oceidit
732 1604 909 1654 iustitiae,
1214 1607 1251 1645 3.
1284 1605 1384 1643 Celsi
1416 1605 1580 1642 tonantis
1610 1605 1792 1652 pharetra

471 1661 553 1700 Poli
583 1661 801 1707 nigrescunt
831 1661 970 1708 sidera,
1283 1662 1408 1699 Maria
1438 1663 1602 1699 condens
1633 1662 1811 1708 iaculum,

470 1720 608 1756 Petrae
638 1717 862 1754 scinduntur
892 1718 1045 1764 arduae,
1286 1719 1442 1755 Hostem
1473 1717 1594 1755 ferum
1625 1718 1805 1756 traiciens

471 1774 606 1811 Mundi
637 1775 821 1810 tremiscit
847 1774 1033 1813 maehina.
1285 1776 1420 1812 Totum
1452 1775 1666 1812 turbantem
1699 1775 1902 1813 saeculum.

404 1867 443 1904 2.
475 1865 558 1902 Lux
590 1865 710 1902 oritur
740 1865 778 1901 in
807 1865 989 1912 tenebris,
1217 1868 1254 1904 4.
1286 1866 1473 1903 Emissum
1516 1867 1631 1903 telum
1674 1866 1847 1904 Christus
1888 1867 1946 1903 est

477 1922 596 1959 Oreus
628 1922 801 1968 privatur
831 1922 975 1969 spoliis,
1287 1924 1320 1960 A
1352 1927 1461 1969 patre
1491 1927 1648 1960 mortem
1681 1921 1833 1972 feriens,

477 1978 568 2015 Cum
600 1979 705 2015 lucro
736 1982 846 2015 natus
877 1979 1034 2025 virginis
1288 1980 1367 2024 Qua
1399 1990 1507 2016 caesa
1537 1991 1604 2016 nos
1634 1978 1800 2017 vivificat

474 2035 590 2072 Redit
620 2046 690 2082 pro
722 2035 819 2072 dono
850 2035 1054 2082 sanguinis
1287 2036 1349 2073 Ad
1381 2041 1526 2082 patrem
1559 2036 1665 2074 vivus
1696 2036 1859 2076 rediens.

812 2128 848 2163 5.
882 2125 911 2163 O
943 2126 1077 2162 summi
1108 2126 1221 2172 plena
1252 2126 1380 2173 gaudii

879 2182 1006 2219 Mater
1036 2187 1121 2229 post
1153 2187 1310 2219 mortem
1342 2182 1423 2232 filii,

880 2239 914 2275 A
947 2239 1067 2285 culpis
1098 2250 1165 2275 nos
1197 2250 1348 2289 evacua,

883 2295 1004 2341 Reple
1036 2295 1216 2332 virtutum
1249 2297 1382 2343 gratia.

483 2382 512 2422 2,
538 2382 559 2415 3
577 2383 681 2415 Ortus
707 2385 865 2425 privatur
883 2383 953 2416 CD.
979 2401 1021 2405 —-
1047 2382 1077 2422 3,
1105 2382 1126 2415 3
1144 2386 1288 2417 Hostem
1315 2396 1433 2417 vorum
1453 2387 1493 2417 D.
1520 2403 1563 2407 —
1588 2384 1618 2425 5,
1647 2383 1712 2417 10
1737 2395 1882 2417 summa.⁴
1905 2403 1948 2408 —

395 2429 593 2470 Khmming
618 2430 663 2466 ΙΙ,
691 2428 754 2460 142
779 2429 848 2460 und
874 2430 895 2461 f.

912 2552 994 2588 3⁸5».
1030 2553 1110 2595 (24.)
1146 2553 1264 2588 Feria
1290 2553 1429 2589 Sexta.

966 2624 1032 2661 Ad
1063 2625 1374 2672 Fomffletorium.

411 2725 447 2762 1.
480 2723 632 2761 Rubens
664 2736 749 2761 rosa
780 2729 868 2762 tuno
895 2726 1042 2773 palluit,
1224 2730 1259 2766 2.
1293 2729 1437 2765 Aurum
1469 2729 1506 2764 in
1538 2728 1616 2765 luto
1646 2728 1830 2777 conditur,

480 2781 577 2816 Dum
611 2782 687 2817 nati
720 2786 875 2818 mortem
910 2783 1029 2819 doluit
1294 2786 1373 2829 Quo
1405 2789 1504 2821 totus
1535 2785 1694 2821 mundus
1727 2785 1873 2830 emitur,

480 2838 606 2883 Virgo,
639 2849 746 2883 quem
781 2850 851 2875 vox
883 2839 1103 2885 prophetica
1294 2841 1391 2877 Dum
1425 2841 1596 2878 Christus
1629 2845 1754 2877 terrae
1784 2839 1949 2878 traditur

483 2893 587 2929 Dixit
620 2905 814 2939 passurum
848 2896 951 2935 talia.
1293 2897 1373 2934 Nec
1405 2902 1641 2934 surrecturus
1673 2897 1853 2935 creditur.
