1914 3223
730 220 778 225 —
840 196 875 233 3(
884 195 922 233 >3
981 217 1034 223 —

605 373 684 410 311.
721 373 803 414 (13.)
838 373 893 407 De
921 372 1151 416 Prophetis.
1213 371 1217 374 ”

712 475 742 509 O
767 478 888 508 sancte
913 474 1048 509 Dar-id.

488 560 582 600 Ave.
615 558 736 602 radix,
771 558 817 594 de
848 557 952 594 cuius
984 557 1114 603 stipite

547 614 724 652 Gratiosa
756 614 940 662 processit
973 614 1130 660 virgula,

491 672 548 709 Ex
580 682 653 718 qua
683 671 763 708 sine
791 670 891 707 virili
923 669 1052 707 fomite

546 721 720 765 Gldriosa
751 727 917 774 prodivit
948 726 1123 773 primula,

546 784 703 830 Primus,
736 784 896 830 inquam,
931 783 993 830 qui
1024 782 1115 820 feeit
1145 784 1318 829 saecula3

488 842 564 879 Ora
594 851 689 885 eum,
721 845 762 877 ut
793 850 886 887 pace
917 840 1052 876 comite

489 897 554 935 Me
585 897 631 933 de
661 897 733 934 isto
764 901 916 944 petroso
947 896 1064 933 limite

545 953 606 991 Ad
638 954 824 990 caelorum
859 958 963 991 vocet
996 953 1186 991 cenacula.

451 1137 532 1172 312.
569 1136 649 1177 (14.)
684 1133 800 1171 Sour:
832 1132 869 1170 A
899 1133 991 1172 solis
1021 1136 1126 1172 ortus
1156 1134 1324 1172 cardine.

320 1248 351 1279 t)
377 1247 496 1278 sancte
520 1243 634 1277 Ism‘a.
1116 1244 1144 1277 Ο
1170 1247 1290 1278 sancte
1314 1243 1460 1277 Daniel.

126 1329 162 1365 1.
193 1329 287 1371 Ave,
320 1330 462 1376 certum
492 1326 730 1374 praesagium
934 1329 970 1364 2.
1003 1327 1097 1373 Ave,
1132 1326 1234 1363 cuius
1267 1337 1338 1363 vox
1369 1325 1531 1362 conterit

191 1384 332 1420 Ferens
365 1383 412 1420 de
443 1388 553 1429 partu
585 1382 739 1429 virginis
1004 1383 1162 1420 Iudaeos
1193 1382 1264 1419 hoo
1293 1382 1511 1430 praesagio:

194 1440 384 1478 Dicendo:
417 1439 530 1483 Ecce,
562 1439 723 1476 numinis
1004 1440 1094 1477 Cum
1126 1444 1344 1476 sanctorum
1375 1438 1574 1476 advenerit

198 1497 310 1544 Virgo
341 1496 462 1543 pariet
493 1495 621 1533 filium.
1001 1495 1172 1542 Sanctus,
1206 1495 1367 1533 cessabit
1397 1496 1536 1534 unctio.

527 1610 564 1648 3.
596 1608 626 1646 Ο
656 1608 927 1655 prophetarum
959 1608 1082 1645 contio

593 1664 705 1702 Certo
735 1664 864 1712 vigens
895 1665 1104 1712 praesagio,

595 1721 722 1758 Exora
753 1732 843 1758 voce
874 1721 1005 1759 sedula

597 1779 670 1816 Pro
700 1788 758 1814 me
790 1782 978 1825 regentem
1009 1778 1173 1817 saecula.

482 1967 563 2002 313.
599 1967 679 2009 (15.)
715 1968 772 2002 De
797 1978 830 2003 s.
857 1967 1035 2003 Iohanne
1059 1967 1264 2013 Baptista.

418 2049 574 2096 Super
613 2050 948 2096 cantilenam,
993 2062 1115 2098 quae
1154 2052 1370 2098 incipit:

352 2117 491 2165 Quand
520 2117 579 2154 voi
608 2116 648 2154 la
676 2117 777 2165 ylaie
808 2129 935 2155 meure
964 2121 997 2155 et
1025 2118 1058 2156 le
1087 2119 1208 2157 rosier
1239 2119 1408 2167 espanir.

573 2229 604 2268 Ο
635 2233 869 2268 constantiae
901 2231 1077 2280 dignitas,

643 2286 946 2326 Fundamentum
979 2289 1137 2336 gratiae,

576 2343 630 2380 Te
659 2344 846 2382 illuminat
877 2345 1031 2382 claritas

645 2399 1015 2451 Divinaehiustitiaffi

644 2456 809 2504 Gloriae,

642 2514 751 2551 Pacis
782 2518 819 2550 et
849 2515 1029 2553 laetitiae.

579 2569 641 2608 Sic
671 2569 755 2607 illos
786 2570 857 2608 Dei
888 2571 1043 2618 largitas

579 2626 778 2676 Praemiat‚
810 2638 901 2674 quos
933 2626 1064 2666 feritas

643 2682 729 2720 Non
758 2684 848 2721 vicit
876 2685 1079 2733 nequitiae,

645 2739 718 2776 Sed
751 2741 798 2777 de
826 2741 915 2778 belli
946 2742 1028 2779 acie

576 2795 744 2833 Fervens
775 2797 903 2834 retulit
935 2799 1073 2836 caritas

642 2853 853 2900 Tropaeum
884 2854 1077 2901 victoriae,

641 2909 803 2958 Dignum
833 2911 928 2948 caeli
960 2912 1100 2960 requie.
