2031 3289
320 297 340 314 Ο

319 314 340 332 ⁵)
347 325 355 332 -

313 1667 335 1702 [Ο

313 2507 347 2544 1.

346 1150 353 1157 .
388 1120 496 1157 Solus
526 1121 575 1158 ad
608 1121 798 1158 victimam

341 1694 350 1702 .
384 1664 525 1701 Nostra
555 1668 651 1708 sunt,
683 1665 855 1716 Domine,

943 185 1247 224 —17‘2—

388 295 530 331 Tentus
560 295 697 342 ligatus
729 300 785 332 est
1134 300 1171 336 4.
1205 299 1260 335 Tu
1292 299 1360 336 tibi
1392 301 1555 347 compati

444 362 466 388 a
497 351 617 388 servis
648 352 842 402 Dominus,
1259 356 1314 391 sic
1344 354 1405 392 fac
1434 367 1514 403 nOS,
1548 357 1722 400 Domine,

388 407 440 445 Ut
469 417 597 444 servos
629 409 793 445 solveret
1203 411 1306 448 Tuae
1335 413 1541 459 participes

443 465 591 510 peccati
621 465 792 514 nexibus,
1257 472 1299 505 ut
1328 469 1443 505 simus
1474 469 1628 517 gloriae,

389 520 442 558 Ut
471 531 557 557 reus
589 521 752 557 traditus
1203 524 1265 561 Sic
1296 536 1476 571 praesens
1509 526 1673 563 triduum

445 577 519 614 reis
549 577 738 614 iudicibus
1257 581 1296 618 in
1326 581 1430 618 luctu
1463 583 1616 630 ducere,

389 634 592 680 Supremus
622 634 787 672 omnium
1202 637 1402 675 Ut'risum
1433 638 1579 676 tribuas

443 690 558 727 iudex
587 690 827 731 iustissimus.
1259 695 1449 741 paschalis
1481 695 1638 742 gratiae.

406 813 433 845 C
456 815 514 846 fol.
538 812 623 846 ''ISb-
649 833 690 836 —
720 814 747 852 1,
773 814 793 847 8
819 819 972 848 mortem.
1003 835 1045 838 —
1071 816 1102 856 2,
1127 815 1148 848 2
1173 817 1312 849 tradidi.

840 1013 913 1050 154.
950 1016 1030 1059 (44.)
1064 1015 1105 1052 In
1130 1016 1161 1051 3.
1187 1016 1379 1052 Nocturno.

1133 1124 1171 1161 3.
1205 1123 1289 1160 Nox
1320 1123 1394 1160 ista
1424 1123 1560 1160 flebilis

442 1177 632 1223 procedis,
666 1178 839 1227 Domine,
1261 1190 1516 1227 praesensque
1545 1180 1724 1225 triduum,

389 1234 505 1271 Morti
537 1237 574 1270 te
604 1234 779 1284 offerens,
1205 1237 1284 1282 Quo
1317 1237 1573 1274 demorabitur

445 1301 554 1336 quam
586 1291 691 1328 venis
722 1291 878 1341 tollcre3
1261 1292 1382 1342 fletus,
1415 1294 1465 1330 sit
1495 1304 1707 1340 vesperum,

387 1347 485 1393 Quid
515 1358 582 1384 nos
613 1348 815 1385 miserrimi
1203 1351 1333 1388 Donec
1362 1350 1530 1387 laetitiae

446 1415 645 1451 possumus
678 1405 817 1453 dicere,
1263 1417 1372 1443 mane
1403 1407 1654 1454 gratissimum

393 1461 475 1510 Qui,
509 1471 604 1507 quae
636 1462 898 1511 commisimus,
1205 1464 1389 1511 Surgente
1420 1464 1580 1501 Domino

446 1517 584 1554 scimus
616 1522 653 1555 te
683 1519 817 1555 luere?

1129 1668 1165 1704 4.
1200 1668 1257 1704 Tu
1288 1666 1358 1703 tibi
1389 1667 1553 1713 compati

439 1726 569 1758 nostra
599 1726 686 1758 sunt
717 1722 886 1771 crimina,
1255 1724 1308 1760 sic
1339 1722 1400 1760 fac
1431 1734 1511 1771 nos,
1543 1724 1716 1771 Domine,

385 1778 453 1825 Qui
484 1782 548 1816 tua
579 1778 776 1815 criminum
1199 1782 1301 1819 Tuae
1331 1781 1538 1827 participes

440 1834 534 1872 facis
565 1835 765 1886 supplicia,
1253 1841 1294 1874 ut
1324 1837 1439 1874 simus
1470 1837 1625 1886 gloriae,

383 1891 525 1938 Quibus
556 1893 610 1928 sic
642 1892 805 1939 compati
1199 1894 1262 1932 Sic
1291 1904 1472 1940 praesens
1503 1894 1669 1932 triduum

444 1948 505 1986 fac
535 1953 666 1986 nostra
696 1954 864 1997 pectora,
1254 1951 1292 1987 in
1324 1951 1428 1988 luctu
1460 1951 1610 1995 ducere,

384 2006 435 2044 Ut
466 2006 526 2043 vel
557 2006 767 2052 compassio
1200 2008 1252 2045 Ut
1283 2007 1398 2044 risum
1430 2007 1575 2044 tribuas

445 2062 559 2110 digna
589 2062 637 2099 sit
670 2063 790 2101 venia.
1256 2064 1446 2110 paschalis
1476 2064 1634 2111 gratiae.

402 2197 428 2229 C
453 2198 512 2229 fol.
537 2195 622 2230 78b.
648 2214 691 2219 —
719 2195 750 2237 3,
779 2196 800 2228 2
825 2199 875 2230 sic
899 2209 1091 2240 vesperum.

864 2400 934 2436 155.
969 2401 1051 2443 (45.)
1085 2400 1134 2436 Ad
1159 2400 1312 2436 Laudes.

1127 2508 1164 2545 2.
1198 2507 1343 2544 Horum
1374 2506 1541 2544 ludibria

442 2564 621 2607 salvator,
654 2563 824 2608 Domine,
1253 2564 1382 2610 priora
1412 2564 1567 2611 pateris,

382 2620 475 2657 Tam
507 2630 574 2656 rex
605 2631 714 2666 quam
746 2617 917 2666 pontifex
1197 2620 1342 2658 Primas
1375 2621 1435 2657 hic
1465 2621 1596 2667 alapas

438 2680 655 2713 cunctorum
686 2677 860 2723 maxime,
1254 2682 1289 2713 et
1320 2682 1430 2723 sputa
1464 2677 1637 2724 suscipis,

381 2734 514 2770 Annae
543 2733 723 2769 iudicium
1197 2734 1331 2771 Velata
1362 2732 1460 2771 facie

441 2790 544 2826 subis
576 2794 612 2826 et
643 2790 822 2837 Caiphae,
1253 2801 1379 2828 coram
1410 2791 1468 2827 his
1500 2790 1682 2837 caederis,

381 2846 495 2882 Falso
525 2846 714 2892 pontificis
1195 2847 1399 2895 Propheta,
1432 2847 1638 2893 clamitant,

438 2907 647 2940 sumentum
680 2904 841 2943 nomine.
1257 2904 1338 2952 quis
1370 2908 1407 2941 te
1434 2904 1695 2952 percusserit?

381 2505 521 2542 Noster
551 2510 588 2542 et
618 2506 782 2543 omnium

1263 1521 1312 1557 sit
1342 1521 1495 1558 maestis
1526 1520 1728 1557 redditum.
