2031 3289
274 319 311 358 5.

277 2122 296 2158 s]

895 229 952 234 ——
1011 206 1206 247 538—

358 319 425 365 Te,
457 330 478 356 o
509 319 621 356 turba
651 329 845 367 generosa,

359 376 487 413 Praeit
516 376 583 411 illa
613 374 751 412 florens
783 386 917 424 rosa,

359 432 447 470 Sola
478 442 592 468 rosa
622 431 858 479 principalis,

356 487 436 524 Nec
467 491 521 524 est
550 487 603 524 ibi
635 498 747 524 rosa
776 488 876 536 talis,

356 546 459 589 Quae
490 543 540 580 sit
570 542 641 580 sibi
673 544 898 590 coaequalis,

354 600 480 636 Mater
510 603 590 637 tota
621 600 787 647 curialis,

413 656 517 702 Quae
548 656 632 692 tulit
663 657 758 693 caeli
789 656 992 696 dominum.

357 713 447 758 Ipsa
477 716 534 748 est
566 712 705 749 dilecta
735 723 818 750 mea

358 766 436 805 Vos
467 770 700 815 praecedens
730 768 769 806 in
801 769 949 813 chorea,

357 825 469 861 Cuius
500 836 634 862 nomen
665 829 703 862 et
732 836 895 872 persona

358 880 432 918 Sua
467 881 595 918 lucent
625 882 663 918 in
696 892 846 927 corona,

356 938 472 983 Quam
504 937 699 985 inscripsit
729 938 831 975 Deus
862 942 982 987 pater,

356 994 461 1030 Haec
492 998 547 1030 est
580 995 646 1031 illa
677 996 761 1031 Iesu
793 999 924 1043 mater,

413 1050 548 1097 Maria,
582 1051 688 1098 virgo
719 1050 919 1098 virginum.

364 1219 469 1256 Haec
500 1229 565 1255 vos
596 1219 719 1265 praeit
751 1229 833 1256 cum
865 1218 1018 1268 honore,

360 1274 531 1312 'l'rahens
562 1286 629 1312 suo
660 1286 725 1312 vos
757 1276 886 1322 odore,

362 1331 506 1368 Ferens
537 1331 682 1378 signum
713 1332 897 1369 vexillare

358 1388 580 1425 Modulatur
612 1388 718 1425 vobis
750 1389 866 1437 clare,

358 1444 430 1480 Per
458 1442 606 1492 floreta,
638 1455 708 1491 per
738 1449 863 1482 roseta

356 1500 499 1537 Promit
531 1500 638 1538 vobis
670 1512 820 1538 carmen
851 1501 965 1550 laeta,

412 1557 617 1595 Cantantes
649 1557 933 1604 subsequimini.

358 1613 530 1650 Summas
561 1624 671 1651 voces
702 1614 935 1662 angelorum,

355 1669 473 1707 Omne
509 1680 624 1717 genus
655 1670 895 1717 musicorum,

357 1726 465 1763 Haec
496 1737 673 1773 suprema
703 1726 918 1773 philomena

357 1782 434 1819 Sua
464 1783 581 1819 vincit
610 1783 811 1832 cantilena,

355 1839 473 1885 Quam
504 1843 703 1886 sequentes
735 1840 987 1877 condecenter

356 1895 571 1942 Diligenter
602 1900 637 1932 et
668 1896 849 1933 ardenter

413 1952 602 1989 Dilectum
636 1952 944 2000 complectimini,

303 2149 311 2158 .
358 2121 490 2158 Dulcis
522 2133 694 2170 sponsus,
727 2122 790 2169 qui
817 2133 881 2159 vos
903 2125 1017 2171 amat,
1066 2122 1132 2162 10.

356 2178 419 2215 Sic
449 2178 499 2215 ad
531 2189 596 2215 vos
629 2178 675 2215 de
702 2178 838 2216 throno
860 2179 1018 2217 clamat:

360 2234 389 2272 Ο
422 2234 596 2282 dilectae,
633 2245 654 2271 o
686 2235 849 2284 sodales,

361 2290 530 2337 Sponsae
560 2301 665 2328 meae
695 2292 893 2339 speciales,

359 2348 423 2384 Me
453 2348 593 2394 videte,
627 2358 685 2384 me
716 2348 864 2392 habete,

323 2446 330 2453 ι
359 2404 500 2441 Memet
532 2405 653 2451 ipsum
687 2404 892 2454 possidete,

417 2461 573 2510 sentite,
607 2460 860 2509 perfruimini.

359 2518 433 2554 Per
473 2518 658 2564 meipsum
691 2528 756 2554 vos
789 2518 1020 2564 complector

358 2573 409 2610 Et
440 2573 477 2611 in
510 2573 617 2611 vobis
649 2574 906 2620 condelector,

359 2629 388 2667 Ο
423 2630 613 2676 victrices,
648 2642 667 2667 e
698 2629 841 2680 felices,

358 2687 468 2724 Meae
499 2697 609 2724 carae
642 2687 869 2735 dilectrices,

359 2744 495 2781 Vester
525 2755 592 2791 ego
624 2755 705 2780 sum
737 2748 773 2780 et
804 2754 881 2791 ero,

358 2802 473 2845 Quem
504 2801 659 2837 amastis
691 2801 805 2837 corde
836 2810 952 2847 mero,

415 2857 478 2893 Mc
510 2867 687 2903 sponsum
720 2857 953 2895 osculamini.

1087 320 1124 358 8.
1156 320 1218 356 Ad
1247 319 1344 357 hanc
1376 330 1517 366 vocem,
1551 330 1572 356 o
1603 319 1780 366 athletae,

1155 375 1293 413 Laetas
1324 386 1434 413 aures
1464 375 1666 424 adhibete,

1156 432 1256 478 Quid
1288 432 1475 481 decantet,
1508 432 1706 479 peraudite

1154 488 1206 525 Et
1236 492 1322 535 post
1351 499 1487 535 agnum
1519 489 1644 525 mitem
1677 488 1740 534 ite,

1156 544 1274 582 Novis
1305 545 1412 582 stolis
1444 545 1644 582 decoratae

1155 601 1247 638 Post
1279 601 1457 638 dilectum
1487 601 1676 638 ambulate

1214 657 1418 695 Cantantes
1455 667 1537 694 cum
1568 657 1757 706 tripudio:

1157 713 1240 757 Eia,
1273 714 1384 751 modo
1414 713 1626 758 iubilemus,

1156 769 1325 807 Laudem
1357 770 1438 806 Deo
1470 771 1724 816 decantemus,

1158 826 1229 871 Qui
1259 837 1281 863 a
1312 826 1450 863 mundo
1480 837 1548 864 nos
1579 826 1746 873 protexit

1159 882 1211 919 Et
1242 883 1289 919 de
1319 883 1458 919 mundo
1491 894 1557 920 nos
1588 882 1812 927 transvexit,

1161 938 1239 975 Nos
1273 938 1319 976 de
1349 939 1461 975 terris
1491 939 1673 976 adunavit

1159 995 1209 1032 Et
1237 995 1274 1032 in
1307 995 1422 1033 caelis
1455 995 1659 1044 coronavit,

1215 1051 1294 1089 Nos
1324 1052 1485 1098 implens
1516 1052 1617 1089 omni
1648 1051 1797 1099 gaudio.

1119 1249 1128 1258 .
1160 1220 1404 1257 Exsultemus
1436 1224 1470 1256 et
1502 1220 1686 1257 laetemur

1160 1276 1211 1313 Et
1242 1286 1324 1313 cum
1355 1287 1451 1322 agno
1481 1276 1743 1324 iucundemur,

1160 1332 1413 1382 Delectemur,
1446 1333 1652 1382 epulemur,

1161 1388 1268 1426 Novo
1301 1394 1412 1426 cantu
1443 1389 1690 1430 modulemur.

1161 1445 1236 1481 Hic
1266 1450 1323 1482 est
1353 1457 1472 1483 annus
1503 1445 1700 1491 iubilemus,

1161 1502 1191 1539 O
1223 1513 1332 1548 quam
1365 1502 1490 1539 suavis
1521 1513 1572 1549 es,
1609 1513 1630 1539 o
1662 1502 1784 1539 Deus!

1218 1559 1308 1595 Post
1339 1563 1376 1595 te
1405 1559 1586 1596 ardenter
1615 1559 1810 1596 currimus.

1160 1615 1390 1652 Aestuantes
1421 1625 1514 1662 prae
1544 1625 1671 1652 amore

1160 1670 1239 1708 Nos
1271 1682 1479 1718 consperge
1510 1671 1612 1709 dulci
1645 1682 1742 1718 rore,

1163 1727 1308 1774 Sponse
1338 1732 1467 1765 noster
1497 1728 1741 1777 praedilecto,

1161 1784 1286 1820 Trahe
1317 1795 1384 1821 nos
1415 1789 1501 1831 post
1530 1788 1567 1821 te
1599 1784 1755 1830 directe,

1160 1840 1214 1877 Te
1245 1841 1405 1886 sitimus,
1439 1844 1476 1877 te
1507 1841 1699 1887 sentimus,

1159 1897 1203 1933 In
1235 1907 1300 1934 cor
1329 1902 1433 1934 tuum
1463 1908 1591 1934 omnes
1621 1897 1730 1943 imus,

1216 1953 1274 1990 De
1304 1964 1399 1991 vena
1429 1953 1529 1991 vitae
1560 1953 1737 1992 bibimus,

1164 2124 1207 2160 In
1237 2129 1273 2161 te
1304 2133 1432 2160 omnes
1462 2133 1749 2169 commoramur,

1163 2180 1216 2216 Te
1248 2180 1285 2216 in
1317 2179 1425 2216 nobis
1456 2179 1727 2228 amplexamur,

1163 2236 1318 2273 Vultum
1349 2241 1451 2272 tuum
1483 2236 1793 2282 contemplamur,

1161 2294 1277 2339 Quem
1309 2297 1478 2329 amantes
1508 2292 1784 2329 inflammamur
1842 2304 1845 2306 ·

1162 2349 1213 2386 Et
1244 2359 1311 2386 nos
1342 2349 1435 2386 satis
1466 2349 1708 2395 admiramur,

1162 2406 1270 2452 Quod
1303 2405 1349 2442 de
1379 2409 1417 2442 te
1448 2417 1521 2442 non
1553 2406 1744 2454 satiamur,

1217 2461 1383 2500 Excedis
1420 2462 1518 2498 enim
1548 2461 1684 2500 omnia.

1160 2518 1247 2554 Tibi
1278 2518 1428 2555 laudem
1461 2529 1541 2555 cum
1574 2518 1710 2556 Maria.

1161 2576 1262 2620 Quae
1292 2586 1360 2611 nos
1392 2575 1501 2611 duxit
1532 2575 1568 2611 in
1602 2575 1672 2611 hac
1703 2575 1775 2619 via,

1162 2631 1302 2668 Nostro
1335 2631 1465 2668 damus
1498 2631 1691 2679 salvatori,

1163 2688 1235 2724 Pro
1267 2699 1339 2734 quo
1371 2688 1482 2724 dulce
1514 2686 1584 2724 fuit
1615 2687 1724 2730 mori,

1160 2744 1230 2790 Qui
1261 2744 1409 2792 amasti,
1441 2745 1503 2791 qui
1535 2743 1674 2792 iuvisti,

1160 2800 1230 2846 Qui
1260 2801 1310 2837 ad
1341 2805 1377 2837 te
1408 2811 1475 2837 nos
1505 2800 1737 2847 pertraxisti,

1218 2857 1304 2893 Tibi
1335 2858 1383 2893 sit
1415 2857 1496 2894 laus
1520 2862 1554 2893 et
1588 2856 1718 2903 gloria.
