1914 3223
68 284 130 324 71.
163 281 350 322 Clamabit
380 279 542 328 populis,

116 385 120 388 ι
166 340 234 387 Qui
265 341 351 376 sunt
380 337 418 374 in
450 337 621 374 tumulis:

71 675 135 713 72.

74 1449 136 1486 74.

221 396 356 434 Omnes
388 392 611 442 consurgite,

168 452 308 491 Iunctis
338 449 534 498 spiritibus

166 509 250 546 Suis
281 506 501 555 corporibus

222 565 346 602 Vitam
378 563 554 601 resumite

168 674 217 712 Et
247 672 388 710 Christi
419 671 513 708 solio
614 717 619 722 ⁸

167 731 291 768 Iustus
322 739 402 765 cum
434 727 549 773 impio

223 785 339 823 Simul
373 785 538 822 assistite

167 843 229 891 Et,
262 841 443 889 quidquid
475 845 643 888 gesserat

166 900 339 947 Quisque,
373 898 459 935 dum
491 897 650 942 vixerat,

223 956 337 992 Modo
368 954 524 1001 recipite
540 955 546 990 !

128 1090 137 1099 .
152 1061 155 1063 ’
169 1063 251 1100 Hoc
280 1063 327 1101 ab
358 1061 541 1101 altissimo

169 1119 240 1156 Die
270 1119 473 1157 novissimo

223 1177 303 1214 Vox
336 1181 374 1213 ut
406 1175 585 1221 sonuerit,

170 1233 322 1271 Nullum
354 1232 600 1279 comprimere

168 1289 341 1335 Quolibet
372 1299 507 1336 aggere

224 1346 342 1383 Terra
373 1347 443 1383 iam
476 1345 627 1392 poterit.

170 1448 276 1493 Quod
306 1452 393 1484 ante
422 1447 543 1489 latuit,

170 1504 277 1541 Nunc
307 1503 458 1541 tandem
490 1503 624 1551 patuit,

227 1561 319 1597 (sum
350 1565 472 1598 terrae
502 1560 658 1607 viscera,

168 1619 269 1664 Quae
301 1616 364 1654 diu
394 1621 565 1654 texerant

170 1675 294 1721 Atque
325 1673 551 1717 celaverant,

226 1730 403 1768 Reddunt
435 1730 631 1771 cadavera.

170 1831 274 1877 Quod
310 1831 413 1868 canis
443 1836 600 1878 roserat,

168 1888 267 1925 Fera
293 1888 534 1937 contriverat,

224 1944 371 1982 Vermis
404 1945 620 1991 depaverat,

171 2001 271 2048 Ignis
301 2001 574 2051 absumpserat,

168 2058 277 2104 Aqua
309 2058 480 2107 diluerat,

223 2115 302 2151 Aer
331 2115 572 2162 disperserat,

170 2215 231 2253 Ad
263 2220 400 2253 statum
432 2216 630 2263 pristinum

171 2272 283 2309 Redit
313 2283 381 2319 per
410 2273 621 2319 Dominum,

225 2329 294 2374 Qui
325 2329 421 2366 sicut
452 2328 576 2366 facere

172 2385 287 2423 Scivit
320 2396 388 2432 per
418 2387 590 2433 gratiam,

170 2441 231 2479 Sic
262 2453 330 2489 per
358 2443 563 2489 potentiam

226 2498 339 2535 Novit
370 2498 535 2537 reficere.

130 2629 138 2638 .
171 2600 340 2646 Quaeris,
373 2610 454 2637 cum
485 2605 628 2647 pereat,

172 2655 282 2694 Unde
314 2661 399 2702 post
430 2657 560 2694 redeat

227 2713 360 2752 Carnis
392 2712 630 2750 substantia?

169 2768 238 2806 Est
269 2773 347 2806 tota
378 2771 474 2807 ratio

173 2825 353 2863 Caelestis
384 2826 498 2863 iussio

230 2883 316 2921 Sive
346 2883 525 2929 potentia.

787 161 869 203 249

877 278 940 317 78.

885 669 949 708 79.

880 1061 945 1099 80.

881 1447 947 1484 81.

879 1834 944 1871 82.

879 2219 945 2257 83.

883 2603 948 2642 84.

974 277 1082 321 Vide,
1115 275 1203 323 quid
1235 273 1360 323 fuerit,

975 334 1187 380 Antequam
1217 330 1351 374 fecerit

1032 390 1183 426 Caelum
1216 392 1253 426 et
1283 393 1419 432 terrea,

979 447 1088 486 Unde
1119 445 1341 494 substiterit,

978 503 1087 541 Unde
1118 505 1347 549 processerit

1031 560 1153 597 Moles
1184 569 1377 606 corporea.

983 670 1073 705 Cum
1105 678 1177 705 non
1209 667 1419 716 exsisteret,

979 725 1088 762 Unde
1119 724 1209 771 quid
1243 723 1396 773 faceret,

1033 781 1184 819 Creavit
1214 781 1336 818 omnia

978 837 1094 875 Nulla
1126 837 1332 875 consilium.

976 894 1091 931 Nulla
1121 894 1328 931 subsidium

1034 951 1158 988 Dante
1188 951 1355 988 materia.

976 1061 1045 1107 Qui
1076 1060 1172 1097 sicut,
1203 1060 1337 1106 potuit,

978 1117 1112 1157 Statim
1143 1121 1184 1154 ut
1216 1117 1344 1165 voluit,

1033 1174 1116 1212 Hoc
1143 1174 1180 1210 in
1213 1173 1412 1223 principio,

978 1230 1067 1268 Mox
1098 1233 1139 1267 ut
1172 1230 1342 1279 voluerit,

977 1286 1184 1326 Confestim
1217 1287 1357 1334 poterit

1032 1345 1114 1382 Hoc
1144 1344 1182 1381 in
1214 1344 1367 1381 iudicio.

979 1446 1085 1483 Tunc
1116 1455 1247 1482 carnes
1278 1445 1424 1482 ossibus

978 1503 1026 1539 Et
1059 1503 1155 1539 cutis
1187 1502 1363 1539 carnibus

1032 1559 1336 1608 Superinduitur,

976 1618 1082 1654 Tunc
1112 1615 1385 1663 quantitatibus

977 1673 1027 1710 Et
1058 1671 1303 1720 qualitatibus

1034 1730 1180 1776 Corpus
1210 1729 1394 1766 induitur.

974 1832 1023 1869 Et
1055 1832 1121 1868 illa
1153 1841 1324 1879 corpora,

975 1889 1050 1925 Per
1076 1889 1184 1935 longa
1217 1893 1389 1936 tempora

1031 1946 1132 1992 Quae
1163 1945 1268 1992 prius
1300 1943 1455 1991 fecerat,

976 2002 1087 2039 Dicto
1119 2001 1295 2049 velocius,

978 2059 1057 2104 Quo
1088 2059 1140 2095 nil
1172 2058 1343 2100 celerius,

1034 2115 1085 2154 Ut
1116 2118 1282 2163 surgant,
1314 2115 1488 2161 imperat.

977 2218 1170 2255 Momento
1197 2217 1379 2266 temporis

978 2275 1142 2313 Humani
1173 2274 1343 2321 corporis

1034 2331 1098 2368 Fit
1127 2331 1368 2378 resurrectio,

976 2388 1020 2424 ln
1049 2388 1128 2425 ictu
1157 2388 1256 2424 oculi

977 2444 1075 2481 Novi
1107 2444 1279 2481 miraculi

1034 2501 1096 2538 Fit
1129 2501 1323 2539 exhibitio.

981 2602 1087 2639 Tunc
1118 2603 1202 2640 Deo
1234 2603 1427 2649 proximae

981 2659 1162 2705 Supernis
1194 2661 1340 2697 animae

1038 2716 1194 2753 Relictis
1226 2716 1391 2765 sedibus,

981 2772 1053 2811 Ubi
1085 2772 1293 2818 sublimius,

981 2829 1056 2867 Ubi
1088 2829 1326 2877 splendidius

1036 2885 1169 2923 Nitent
1196 2886 1396 2934 sideribus,
