2031 3289
899 200 949 204 -
1010 175 1091 216 628
1151 199 1206 205 -·

607 285 684 320 410.
720 286 779 327 (6.)
814 286 872 320 De
897 285 1124 322 Nativitate
1149 286 1295 322 beatae
1319 285 1491 322 Mariae.

529 368 694 405 Humani
725 369 873 415 generis
905 372 1008 405 sator
1041 373 1079 404 et
1108 369 1172 415 qui
1202 378 1359 417 parcere
1389 368 1506 414 lapsis

527 424 710 474 Instituis‚
743 424 910 462 maculas
940 424 1083 461 veteris
1116 424 1298 472 rubiginis
1329 423 1438 462 aufer

526 481 714 530 Argeum,
744 480 932 518 thalamus
962 480 1032 517 tibi
1066 480 1116 517 sit
1141 491 1213 527 quo
1240 481 1345 528 virgo
1372 479 1550 527 refulges.

361 568 443 601 Cod.
462 568 612 600 Parisin.
631 565 730 600 5931.
756 578 845 600 5300.
875 566 925 599 14.
945 587 988 591 -—
1008 568 1159 609 „Iacobi,
1188 569 1299 600 sancti
1319 568 1461 610 Georgii
1486 568 1529 600 ad
1553 567 1668 600 velum
1687 578 1833 601 aureum

270 613 408 645 diaconi
445 613 653 652 cardinalis,
690 613 731 644 de
770 614 956 645 nativitate
986 614 1162 654 gloriosae
1196 614 1263 645 Dei
1295 614 1482 655 genetricis
1514 614 1662 655 virginis
1694 614 1831 647 Mariae

269 658 398 690 dudum
423 658 551 690 factum
575 658 751 690 heroicum
777 656 949 690 carmen“.

548 800 630 836 411.
666 802 724 843 (7.)
761 801 819 836 De
844 801 1165 837 Annuntiatione
1190 801 1335 837 beatae
1361 801 1556 845 Virginis.

498 883 642 930 Tuque,
675 895 790 930 super
820 885 965 921 cunctis
996 884 1197 922 benedicta
1228 895 1430 933 puerpera,
1463 885 1577 934 salve,

502 940 670 990 Virgula‚
705 951 801 987 quae
832 951 1011 987 sponsum
1042 941 1178 986 nescis,
1211 952 1324 987 quam
1356 941 1478 989 gratia
1510 940 1608 978 sacri

496 996 681 1035 Flaminis
710 996 885 1044 irradiat,
917 998 1022 1034 03010
1053 997 1168 1034 maris
1200 997 1325 1034 adnue
1355 997 1474 1035 sidus.

296 1131 303 1138 ι
351 1085 444 1144 ,(3.0(14.
476 1085 628 1117 Parisin.
665 1083 765 1118 5931.
802 1095 891 1117 saec.
932 1083 984 1117 14.
1021 1103 1064 1107 ——
1102 1085 1290 1125 „Eiusdem
1324 1086 1366 1118 de
1397 1086 1672 1118 Annuntiatione
1709 1086 1833 1119 beatae

269 1141 417 1173 vlrgmis
444 1154 452 1164 .

694 1229 776 1266 412.
811 1230 869 1272 (8.)
904 1231 961 1265 De
986 1229 1211 1266 Nativitate
1237 1229 1409 1266 Christi.

442 1314 522 1351 Iam
553 1324 724 1362 puerum,
755 1313 843 1359 iam,
875 1323 1018 1350 summe
1047 1318 1169 1360 pater,
1201 1319 1286 1360 post
1316 1317 1489 1360 tempora
1522 1316 1650 1350 natum

438 1369 677 1416 Accipimus,
709 1369 875 1417 genitum
905 1369 976 1406 tibi
1007 1380 1116 1416 quem
1147 1380 1215 1406 nos
1246 1380 1328 1406 esse
1360 1379 1540 1407 coaevum

442 1425 642 1464 Credimus
673 1426 835 1473 hincque
865 1426 939 1463 olei
970 1426 1156 1463 scaturire
1186 1426 1393 1473 liquamina
1423 1425 1587 1463 Tibrim.

364 1514 449 1548 Cod.
474 1515 627 1547 Parisin.
650 1512 749 1547 5931.
775 1524 864 1546 5300.
882 1512 950 1556 [15.
971 1511 1039 1556 16.]
1060 1512 1111 1546 14.
1128 1531 1172 1537 -
1189 1514 1378 1555 „Eiusdem
1395 1514 1437 1546 de
1454 1514 1649 1547 Nativitate
1667 1512 1832 1546 Chrisffl.

497 1658 578 1695 413.
615 1658 672 1701 (9.)
707 1659 765 1694 De
790 1657 1038 1694 Adoratione
1065 1658 1105 1692 et
1134 1657 1348 1694 Oblatione
1373 1657 1598 1700 Magorum.

501 1741 686 1780 Gentibus
716 1741 866 1788 ignotus
896 1740 1007 1777 stella
1038 1740 1133 1777 duce
1162 1740 1331 1777 noscitur
1360 1738 1488 1777 infans

495 1799 539 1836 In
570 1807 778 1844 praesaepe
807 1797 948 1842 iacens,
981 1797 1076 1834 caeli
1109 1800 1308 1843 terraeque
1339 1795 1524 1843 profundi

498 1855 682 1893 Conditor
711 1858 824 1900 atque
853 1853 951 1899 magi
983 1864 1162 1910 murram,
1196 1857 1268 1899 1115,
1295 1853 1435 1899 accipit
1467 1863 1612 1891 aurum.

361 1945 443 1978 Cod.
456 1945 619 2007 ιιΡ31·15111.
644 1940 744 1976 5931.
774 1952 864 1974 saec.
891 1940 943 1974 14.
975 1959 1020 1963 —
1053 1941 1240 1984 „Eiusdem
1276 1941 1318 1973 de
1350 1941 1554 1974 adoratione
1587 1946 1621 1974 et
1652 1942 1849 1975 oblatione·

269 1992 452 2033 Magorum
478 2014 486 2022 .

549 2088 631 2125 414.
667 2089 747 2132 (10.)
782 2088 840 2124 De
866 2087 1159 2123 Purificatione
1183 2087 1331 2122 beatae
1356 2086 1551 2130 Virginis.

504 2172 660 2210 Sistitur
689 2171 727 2208 in
758 2171 900 2218 templo
929 2180 1024 2217 puer
1053 2173 1091 2206 et
1121 2168 1305 2206 Simeonis
1338 2169 1377 2206 in
1407 2169 1515 2206 ulnas

501 2228 715 2275 Accipitur,
748 2228 808 2265 cui
839 2227 966 2264 danda
992 2225 1111 2273 quies,
1141 2236 1228 2262 nam
1259 2225 1403 2262 lumina
1432 2225 1533 2262 servi

501 2285 741 2332 Conspexere
771 2284 906 2331 Deum,
937 2283 1080 2320 clarum
1112 2282 1221 2319 iubar
1251 2281 1424 2319 omnibus
1454 2285 1589 2319 ortum.

365 2374 449 2407 Cod.
485 2375 637 2406 Parisin.
673 2370 773 2405 5931.
810 2383 898 2404 saec.
934 2370 987 2404 14.
1025 2388 1069 2392 ——-
1108 2370 1293 2410 „Eiusdem
1330 2369 1371 2402 de
1409 2369 1587 2402 oblatione
1623 2369 1754 2402 Christi
1794 2371 1830 2402 in

272 2420 400 2462 templo
427 2420 582 2452 Simeoni
608 2420 683 2451 sive
708 2419 749 2450 de
773 2418 1021 2450 Purificatione
1046 2417 1168 2448 beatae
1194 2413 1378 2457 virginis“.

557 2563 638 2600 415.
675 2563 755 2605 (11.)
789 2563 847 2597 De
872 2561 1152 2605 Assumptione
1177 2561 1322 2596 beatae
1347 2537 1542 2603 Virginis.

526 2647 590 2685 Ad
621 2647 754 2683 summi
786 2646 916 2693 regina
945 2645 1122 2681 thronum
1155 2642 1327 2680 defertur
1356 2643 1394 2680 in
1423 2642 1539 2680 altum

528 2703 722 2751 Angelicis
753 2702 926 2749 praelata
956 2701 1092 2746 choris,
1125 2700 1185 2737 cui
1217 2698 1339 2738 fertur
1369 2703 1406 2736 et
1435 2699 1517 2746 ipse

529 2759 650 2797 Filius
679 2769 892 2807 occurrens,
927 2762 1084 2794 matrem
1116 2766 1230 2803 super
1257 2755 1412 2794 aethera
1442 2756 1560 2802 ponit.

301 2894 306 2900 Π
356 2849 449 2907 ‘des
486 2849 636 2881 Parisin.
674 2845 773 2881 5931.
810 2858 899 2880 saec·
938 2845 989 2878 14.
1031 2863 1072 2869 --
1115 2845 1302 2886 „Eiusdem
1341 2845 1383 2877 de
1420 2845 1666 2886 Assumptione
1707 2843 1832 2876 beatae

276 2892 433 2935 virgmls‘
448 2918 455 2925 .
