1914 3223
110 290 174 330 15.

107 844 172 883 16.

106 1399 171 1440 17.

104 1953 169 1994 18.

109 2495 173 2535 19.

721 174 1029 216 —469—

205 290 461 338 Aquinensem
494 289 672 326 clericum

261 347 295 384 A
329 347 509 384 daemone
541 352 728 391 vexatum,

207 403 266 441 Ne
296 403 419 440 carnis
451 401 617 439 edulium

263 460 405 504 Sumat,
438 469 507 505 per
537 460 754 496 mandatum

206 515 379 565 Stringis,
413 525 482 552 nec
512 515 671 552 ulterius

259 572 421 611 Ordines
452 571 623 619 accedat,

204 628 262 666 Ne
293 627 466 666 fortassis
497 629 621 665 acrius

258 685 427 723 Daemon
458 695 541 722 eum
572 685 713 725 laedat.

204 843 452 891 Theopropus
483 844 644 889 nomine,

264 900 330 938 Vir
359 910 429 946 per
458 904 496 936 te
527 910 741 949 conversus,

203 956 322 994 Tuam
355 957 442 993 dum
474 957 637 1003 quadam
670 956 732 994 die

262 1013 404 1051 Cellam
436 1018 494 1050 est
523 1013 729 1060 ingressus,

203 1070 324 1107 Flesti
355 1070 589 1107 amarissime

259 1127 322 1173 Et,
356 1127 442 1164 dum
475 1137 625 1163 causam
658 1127 818 1176 quaerit,

202 1183 327 1221 Dicis:
361 1194 382 1220 o
414 1183 620 1229 carissime,

261 1240 473 1278 Claustrum
505 1240 600 1277 illud
633 1240 746 1287 perit.

202 1399 352 1446 Frater,
384 1400 446 1445 qui
478 1399 547 1435 tibi
581 1397 683 1436 ferre

259 1455 465 1493 Flascones
497 1455 662 1493 debebat

203 1512 319 1562 Duos,
351 1513 390 1549 in
420 1513 557 1550 itinere

257 1569 383 1607 Unum
414 1569 684 1614 abscondebat,

202 1626 318 1672 Quem
350 1626 437 1663 dum
469 1637 538 1672 pro
571 1627 640 1664 hoc
661 1627 835 1665 clanculo

258 1682 396 1729 Culpas
429 1683 722 1730 delinquentem,

201 1739 244 1776 In
275 1739 458 1777 absconso
490 1741 642 1777 vasculo

256 1796 415 1844 Reperit
441 1802 670 1843 serpentem.

200 1955 270 2002 Qui
299 1966 322 1992 a
351 1955 577 1993 monialibus

256 2012 461 2060 Mappulas
491 2018 668 2060 acceptas

201 2068 483 2115 Abscondebat‚
516 2070 656 2107 talibus

257 2125 392 2162 Verbis
425 2124 581 2163 fratrem
613 2132 778 2167 tractas:

203 2181 313 2219 Certe
340 2193 520 2229 praesens
551 2181 710 2232 fueram,

255 2238 335 2276 Has
368 2239 456 2276 dum
485 2240 681 2287 accepisti,

201 2294 382 2342 Quodque
412 2306 475 2333 eas
506 2296 689 2346 videram,

257 2352 301 2388 In
331 2352 454 2389 sinum
484 2352 729 2393 abscondisti.

204 2497 403 2545 Fratrem,
424 2510 534 2546 quem
563 2501 765 2548 superbiae

261 2553 424 2601 Spiritus
455 2557 630 2605 tentavit,

203 2610 273 2657 Qui
304 2611 481 2649 lucernae
511 2613 652 2650 lumine

261 2667 348 2704 Tibi
379 2669 620 2718 ministravit,

202 2722 287 2760 Non
319 2735 451 2771 parum
483 2726 550 2763 sed
581 2727 721 2764 acriter

259 2780 332 2817 Pro
364 2781 434 2818 hoc
463 2783 691 2830 increpasti:

203 2833 315 2883 Signa
347 2847 415 2875 cor
444 2843 561 2885 tuum,
595 2838 728 2887 frater,

257 2892 359 2930 Male
391 2895 578 2942 cogitasti.

925 290 991 328 20.

922 843 988 882 21.

921 1401 988 1439 22.

922 1958 987 1996 23.

923 2503 989 2540 24.

1024 289 1121 326 Dum
1154 289 1386 335 consumptis
1419 289 1580 335 panibus

1079 345 1235 382 Fratres
1267 345 1554 388 conturbantur.

1019 397 1351 448 increpationibus

1080 459 1170 495 'suis
1202 459 1418 495 animantur

1023 515 1073 552 Et
1105 516 1136 551 si
1168 516 1289 551 minus
1320 515 1431 551 hodie

1080 573 1200 609 Panos
1231 577 1316 608 sunt
1348 572 1506 617 inventi,

1021 628 1114 667 Cras
1147 627 1293 664 farinae
1324 628 1442 665 modii

1079 684 1263 721 Patebunt
1298 685 1463 722 ducenti.

1021 843 1235 890 Fratribus,
1267 854 1359 890 quos
1392 843 1550 881 miseras

1077 900 1291 938 Claustrum
1325 900 1596 948 construendo,

1021 956 1140 994 Sicuti
1172 957 1415 1005 promiseras,

1076 1013 1139 1050 Ad
1170 1013 1238 1049 hos
1270 1013 1468 1060 veniendo,

1021 1070 1190 1117 Quadam
1223 1070 1259 1106 in
1294 1070 1376 1106 visu
1407 1074 1518 1106 nocte

1079 1127 1135 1163 Tu
1166 1126 1392 1173 apparuisti,

1021 1183 1215 1229 Quomodo
1247 1188 1466 1220 construere

1079 1240 1265 1286 Debeant,
1297 1239 1530 1280 monstrasti.

1021 1399 1209 1437 Moniales
1242 1397 1404 1435 feminae

1078 1456 1178 1494 Satis
1208 1455 1473 1501 ostendebant,

1018 1513 1100 1550 Tua
1130 1517 1262 1549 sancta
1293 1510 1435 1549 famina

1076 1570 1260 1615 Quantam
1294 1569 1368 1605 vim
1400 1567 1608 1617 habebant,

1018 1626 1118 1664 Dum
1149 1637 1218 1672 pro
1249 1625 1401 1672 linguae
1435 1624 1528 1662 vitio

1074 1683 1138 1720 Fit
1168 1693 1191 1719 a
1221 1682 1302 1720 Deo
1333 1686 1417 1718 rata

1017 1739 1370 1777 Excommunicatio

1075 1797 1157 1834 Illis
1189 1796 1428 1833 comminata.

1020 1957 1082 1995 Ad
1113 1949 1291 2003 parentes
1322 1965 1409 1991 suos
1440 1955 1469 1990 it

1075 2012 1285 2050 Monachus
1316 2022 1390 2048 non
1421 2021 1525 2056 sane,

1019 2071 1115 2108 Nam
1149 2069 1237 2106 dum
1269 2069 1349 2105 sine
1380 2072 1445 2104 tua
1473 2066 1515 2104 fit

1076 2126 1358 2174 Benedictione,

1019 2183 1245 2231 Sepulturae
1276 2181 1460 2219 traditum

1075 2240 1195 2277 Terra
1225 2239 1283 2276 bis
1314 2237 1486 2285 proiecit,

1019 2297 1151 2334 Donec
1182 2296 1254 2332 sibi
1285 2295 1432 2332 aditum

1076 2354 1178 2390 Deus
1209 2363 1278 2399 per
1308 2357 1345 2387 te
1377 2349 1479 2387 fecit.

1023 2501 1211 2539 Monacho
1241 2498 1424 2547 instabili,

1079 2558 1294 2596 Claustrum
1323 2555 1386 2602 qui
1418 2553 1548 2599 exivit,

1020 2616 1134 2653 Patre
1166 2612 1373 2650 venerabili

1076 2672 1218 2709 Orante
1249 2668 1414 2706 occurrit

1021 2729 1147 2766 Draco
1178 2731 1237 2763 sat
1268 2725 1462 2762 horribilis

1079 2783 1151 2821 Dei
1181 2782 1358 2827 iussione,

1022 2841 1161 2887 Fitque
1192 2838 1312 2876 frater
1341 2837 1490 2875 stabilis

1081 2898 1123 2934 In
1155 2895 1419 2943 promissione.
