2031 3289
920 209 1226 251 —304—

785 344 866 381 314.
902 345 983 389 (16.)
1017 343 1373 380 De.Patria1·chis.

875 423 905 458 O
931 426 1052 458 sancte
1074 422 1271 456 Abraham.

681 499 776 541 Ave,
811 499 920 542 pater
950 495 1152 531 multarum
1183 493 1362 541 gentium,

741 553 810 598 Qui
842 561 1007 589 amorem
1039 554 1238 596 paternum
1269 560 1409 586 exuens

683 608 882 647 Immolare
914 607 1057 656 parasti
1088 605 1217 654 filium,

738 665 838 701 Vera
868 663 944 701 fide
975 673 1153 710 sequaces
1183 662 1356 708 induens,

740 722 816 759 Ora
846 721 979 766 Deum,
1012 720 1073 766 qui
1105 720 1202 756 votis
1232 729 1399 755 annuens

684 778 754 815 Est
787 788 952 821 suorum,
984 780 1024 813 ut
1057 781 1142 822 post
1172 776 1244 812 hoc
1273 775 1441 812 taedium

683 835 748 872 Me
777 834 826 871 ad
858 838 962 870 tuum
995 833 1172 879 dignetur
1201 831 1381 878 gremium

738 891 910 928 Evocare
940 889 1116 927 locellum
1144 888 1328 926 tribuens

640 1039 722 1075 315.
759 1039 838 1082 (17.)
875 1036 994 1074 Sour:
1024 1034 1188 1073 Aeterne
1217 1045 1284 1072 rex
1312 1033 1511 1072 altissime.

512 1125 542 1160 O
567 1128 689 1159 sancte
712 1125 833 1159 Isaac.
1326 1120 1355 1155 O
1381 1123 1500 1154 sancte
1526 1119 1646 1154 Iacob.

319 1198 354 1236 1.
386 1198 481 1245 Ave,
513 1197 576 1243 qui
608 1206 740 1233 carens
764 1196 905 1232 lumine
1132 1195 1170 1231 2.
1202 1194 1296 1238 Ave,
1330 1192 1394 1239 qui
1425 1192 1514 1228 hora
1547 1189 1690 1227 funeris

389 1253 627 1291 Benedixisti
657 1252 734 1290 filio
1201 1249 1363 1286 Testans
1394 1247 1535 1285 dedisti
1565 1247 1770 1284 comminus

387 1309 529 1347 Minori
559 1310 667 1357 pulso
700 1308 814 1346 dubio
1202 1306 1294 1343 Tuis
1326 1305 1468 1342 vocatis
1498 1303 1630 1340 liberis

390 1367 538 1404 Pilosae
569 1366 680 1413 pellis
712 1365 888 1413 tegmine.
1201 1363 1371 1399 Ventura
1399 1361 1476 1398 illis
1507 1360 1664 1398 eminus.

708 1464 747 1501 3.
781 1463 810 1500 O
843 1461 1084 1508 patriarchae
1114 1460 1273 1507 nobiles,

781 1520 825 1557 In
856 1518 932 1555 fide
963 1517 1043 1554 Deo
1075 1517 1243 1564 stabiles,

781 1576 896 1613 Orate
926 1585 996 1620 pro
1027 1584 1086 1610 me
1115 1574 1239 1610 seduli

781 1632 916 1680 Deum,
947 1634 1133 1668 rectorem
1164 1629 1315 1667 saeculi.

837 1775 918 1811 316.
954 1775 1034 1818 (18.)
1069 1775 1127 1809 De
1152 1773 1329 1817 Angelis.

905 1856 934 1889 O
959 1858 1082 1889 sancte
1106 1853 1261 1889 Gabriel.

622 1931 659 1968 1.
691 1930 784 1979 Ave,
817 1928 994 1975 princeps
1026 1926 1199 1964 caelestis
1231 1926 1370 1969 curiae,

746 1985 816 2032 Qui
847 1984 1091 2022 transmissus
1123 1984 1171 2020 ad
1203 1993 1349 2020 sacram
1381 1981 1563 2028 virginem

692 2041 897 2087 Nuntiasti‚
930 2041 1029 2087 quod
1060 2040 1175 2088 plena
1204 2039 1326 2086 gratia

748 2098 960 2137 Parturiret
992 2097 1113 2134 Deum
1144 2100 1181 2133 et
1211 2096 1412 2141 hominem,

747 2154 1002 2193 Conturbatae
1033 2154 1170 2190 sedans
1202 2151 1444 2189 formidinem

692 2212 885 2250 Gaudiosa
916 2210 1114 2248 verborum
1147 2209 1258 2256 serie,

691 2268 922 2315 Asserendo‚
953 2267 1052 2314 quod
1086 2267 1157 2303 viri
1189 2266 1337 2302 nesciae

748 2324 1002 2363 obumbraret
1032 2324 1152 2360 virtus
1184 2321 1371 2366 altissimi,

749 2383 889 2419 Arcam
921 2381 994 2418 loci
1026 2379 1235 2417 fecundans
1267 2379 1400 2415 intimi.

625 2480 662 2518 2.
694 2479 806 2517 Illum
838 2488 939 2525 ergo,
971 2477 1033 2523 qui
1065 2476 1101 2512 in
1135 2476 1302 2513 triclinio

753 2534 937 2582 virginali
969 2533 1093 2570 carnis
1126 2532 1288 2569 cilicium

694 2592 858 2629 Nostrae
887 2591 1047 2636 sumpsit
1079 2589 1230 2637 expleto
1261 2588 1404 2631 numm,

753 2649 892 2686 Verum
926 2647 995 2685 Dei
1028 2647 1174 2682 scilicet
1204 2645 1321 2682 filium

753 2705 981 2752 Deproeare,
1013 2708 1053 2739 ut
1084 2706 1171 2750 post
1201 2702 1353 2738 exilium

698 2763 880 2799 Praesens
912 2759 1017 2796 fruar
1048 2759 1126 2796 eius
1158 2759 1360 2801 consortio,

695 2818 765 2864 Qui
797 2816 1017 2854 recumbens
1049 2816 1085 2852 in
1119 2815 1354 2862 sterquilinio

753 2875 867 2911 Testa
898 2873 991 2910 rasit
1020 2872 1271 2908 membrorum
1304 2871 1432 2907 ulcera

754 2930 987 2969 Benediceus
1019 2935 1207 2977 regentem
1239 2928 1404 2966 aethera.
