1914 3223
707 137 758 143 —
823 114 902 155 133
960 138 971 143 -

339 259 347 268 ‚
396 227 509 274 Legis
540 231 712 265 saeratae
743 230 884 266 sanctis
916 228 1129 266 cerimoniis

399 283 598 321 Subiectus
629 285 750 322 omnis
782 286 927 323 calamo
958 282 1128 323 Mosaico

397 340 587 387 Dignatur
616 351 711 388 esse,
744 342 808 388 qui
839 343 932 389 regit
965 341 1204 389 perfulgidos

396 398 439 433 In
471 407 559 434 aree
590 398 711 444 patris
742 399 895 435 ordines
924 399 1114 443 angelicos

399 453 627 500 Caelumque
657 459 799 491 terram
832 454 1008 503 fundavit
1038 466 1081 493 ac
1113 454 1244 491 maria.

343 595 352 605 .
400 560 604 614 Post‘quam
635 568 786 614 puellae
817 569 898 605 dies
930 568 1240 615 quadragesimus

395 623 465 661 Est
497 624 741 671 adimpletus,
773 625 879 662 iuxta
909 625 1027 672 legem
1062 624 1213 661 Domini

395 680 522 717 Maria
553 680 659 727 virgo
691 681 813 718 Iesum
845 687 1015 719 sanctum
1047 691 1206 728 puerum

397 737 508 775 Ulnis
539 737 701 774 sacratis
731 739 865 785 templi
895 744 985 775 tunc
1015 739 1052 775 in
1085 738 1193 775 atriis

396 794 501 831 Tulit
531 794 719 831 tremendi
751 796 933 842 genitoris
964 795 1126 832 unicum.

340 938 348 946 .
395 908 523 945 Mater
555 907 667 944 beata
699 909 822 946 carnis
854 909 923 946 sub
954 908 1139 946 velamine

396 964 518 1001 Deum
550 963 698 1001 ferebat
729 966 868 1003 umeris
901 965 1134 1013 castissimis,

398 1020 536 1058 Dulcia
566 1021 710 1058 strictis
742 1022 849 1060 basia
880 1023 948 1060 sub
980 1022 1093 1059 labiis

395 1077 542 1124 Deique
573 1079 653 1114 veri
684 1079 920 1126 hominisque
950 1080 1196 1126 impresserat

396 1135 475 1182 Ori,
507 1134 661 1172 iubente
692 1147 764 1182 quo
795 1142 882 1173 sunt
913 1142 1048 1174 cuncta
1081 1134 1247 1173 condita.

342 1278 350 1287 .
385 1247 501 1295 ¹Duos
532 1252 711 1294 parentes
742 1249 911 1286 tulerunt
943 1248 1167 1285 candidulos

401 1305 531 1342 Pullos
564 1305 760 1342 columbae
791 1306 963 1343 lacteolis
995 1305 1188 1352 plumulis,

398 1361 548 1399 Dedere
578 1362 617 1398 in
647 1363 789 1409 templo
820 1374 890 1410 par
920 1374 990 1409 pro
1022 1373 1065 1399 eo
1097 1366 1299 1409 turturum,

398 1418 510 1464 Legis
542 1419 658 1455 veluti
690 1419 955 1467 promulgabat
988 1418 1147 1467 sanctio,

398 1475 535 1521 Quales
565 1481 742 1522 perustas
774 1480 1041 1514 consecrarent
1071 1474 1228 1512 hostias.

343 1619 351 1628 .
397 1588 469 1625 Dei
500 1588 679 1625 sacerdos
709 1589 874 1639 humilis,
908 1588 1131 1625 mitissimus

397 1645 494 1682 Erat
523 1645 561 1682 in
592 1645 699 1696 urbe,
731 1646 864 1695 iustus,
897 1656 1011 1682 senex
1043 1645 1221 1692 optimus,

395 1701 506 1738 Felix
537 1702 669 1739 beatus
702 1703 851 1740 Simeon
884 1701 1055 1739 caelifluo

397 1758 610 1805 Sanctoque
640 1760 775 1806 plenus
806 1758 929 1797 adfuit
960 1758 1167 1806 spiramine

397 1815 515 1853 Sacra
544 1816 614 1852 sub
646 1817 733 1854 aula
762 1822 856 1854 nutu
886 1816 959 1854 Dei
990 1816 1174 1854 concituS.

342 1958 350 1967 .
397 1929 472 1967 Hic
502 1939 663 1976 namque
695 1930 839 1967 dudum
869 1940 1094 1976 responsum
1126 1934 1327 1976 acceperat

397 1986 536 2024 Sancto
568 1986 728 2024 docente
759 1987 911 2035 spiritu,
944 1987 1045 2034 quod
1077 1986 1228 2023 vinculo

395 2042 533 2080 Mortis
564 2044 704 2080 resolvi
734 2056 809 2081 non
839 2044 960 2092 possit
993 2044 1039 2081 de
1071 2053 1244 2090 corpore,

395 2099 526 2136 Donec
555 2099 705 2137 videret
737 2101 932 2138 Christum
964 2101 1094 2137 vivens
1127 2100 1291 2149 Domini,

396 2156 512 2202 Quem
543 2157 646 2194 misit
676 2158 764 2195 altis
794 2158 943 2205 genitor
975 2158 1021 2195 de
1052 2157 1168 2195 soliis.

342 2299 351 2308 .
399 2268 573 2316 Suscepit
604 2281 692 2317 ergo
723 2282 883 2317 puerum
914 2271 952 2308 in
986 2270 1159 2308 manibus

396 2326 525 2373 Agens
557 2338 720 2374 superno
752 2329 915 2375 genitori
948 2328 1103 2375 gratias,

385 2383 507 2420 ‘Ulnis
538 2388 731 2421 retentans
762 2385 960 2422 benedixit
990 2385 1206 2430 Dominum,

396 2442 538 2476 Amore
567 2441 702 2487 plenus
735 2443 863 2479 cordis
895 2453 978 2478 cum
1012 2440 1226 2489 dulcedine,

395 2496 555 2533 Addens
587 2503 623 2534 et
652 2499 729 2535 alto
760 2509 935 2535 sermone
966 2498 1193 2536 subintulit:

343 2638 350 2646 .
398 2609 557 2646 Dimitte
588 2615 706 2657 tuum,
741 2609 915 2658 Domine,
948 2622 1048 2648 nunc
1079 2611 1249 2660 obsecrO,

398 2666 439 2702 In
471 2676 566 2712 pace
596 2677 760 2713 servum,
793 2669 881 2714 quia
912 2669 1004 2705 meis
1037 2668 1157 2704 merui

397 2722 517 2758 Tuum
550 2723 682 2760 videre
713 2725 881 2762 salutare
914 2724 1070 2769 visibus,

395 2779 502 2823 Quod
534 2781 772 2826 praeparasti
804 2782 946 2827 pietate
977 2781 1087 2818 unica

395 2837 496 2872 Ante
527 2841 673 2873 tuorum
706 2838 930 2885 populorum
965 2837 1112 2881 faciem.
