1914 3223
744 138 1046 181 -183-

468 297 536 333 176.
573 298 656 338 (66.)
691 296 729 332 ln
757 294 971 332 Inventione
998 295 1150 330 sanetae
1176 292 1309 341 Crucis.

680 368 717 398 ln
746 366 774 398 1.
800 370 834 397 eiv
862 364 891 398 2.
922 367 1109 397 Noenu-no.

976 471 1012 507 6.
1045 468 1128 504 Vile
1159 468 1345 504 latronum

1044 524 1238 571 Quondam
1270 529 1495 560 tormentum

1101 581 1198 618 Erus
1232 592 1300 627 pro
1331 591 1463 627 poena,

192 504 202 513 .
235 475 358 520 Salve,
390 472 562 510 caelestis

239 530 422 567 Vexillum
455 528 565 575 regis.

289 587 411 634 Salve,
445 596 534 622 crux
568 588 708 626 sancta.

166 687 202 716 ·.
234 680 314 723 Qua
343 676 503 724 spoliato
625 709 630 714 .
977 673 1013 710 7.
1047 671 1154 708 Nunc
1185 671 1388 717 gloriosum

238 733 429 771 l'raedone
461 732 544 769 diro
1047 728 1252 766 Frontibus
1284 739 1410 774 regum

294 790 439 827 Praeda
470 789 639 835 reducta,
1103 784 1255 832 Signum
1287 785 1484 831 impressa.

196 911 203 918 .
235 880 397 918 Arverni
430 883 561 926 portae
980 877 1020 914 8.
1051 875 1108 912 Tu
1138 875 1278 921 lignum
1310 881 1422 924 vitae,

240 938 367 974 lacent
397 936 592 982 contritae,
1050 933 1093 970 In
1125 942 1195 978 qua
1228 942 1293 968 rex
1324 931 1406 978 ipse

295 993 467 1030 Claustra
496 990 702 1030 confracta.
1106 988 1345 1034 Conscendit,
1378 988 1516 1035 palma,

197 1114 205 1122 .
238 1084 317 1120 Tau
349 1084 509 1132 beatum,
980 1082 1016 1118 9.
1051 1081 1104 1119 Ut
1135 1078 1259 1116 fructu
1291 1080 1344 1116 tui

236 1144 314 1187 Quo
345 1141 601 1187 paenitentum
1052 1137 1192 1173 Letalis
1223 1136 1324 1183 pomi

296 1198 436 1235 Fronte
466 1197 612 1243 signata
1104 1193 1305 1230 Restauret
1338 1193 1486 1230 damna.

171 1313 207 1326 ..
240 1286 501 1325 Interfectoris
953 1286 1014 1322 10.
1044 1284 1163 1322 Felici
1194 1287 1330 1320 nautae

238 1345 300 1381 Ira
331 1343 494 1380 crudelis
1048 1343 1128 1386 Qua
1158 1341 1264 1387 quasi
1295 1350 1390 1377 nave

294 1400 363 1437 Est
396 1400 565 1447 religata.
1106 1397 1283 1434 Fruendo
1315 1397 1392 1434 vita

615 1490 677 1528 11.
709 1490 782 1526 Per
812 1499 914 1526 mare
946 1498 1117 1535 magnum

711 1545 794 1582 Hoc
825 1545 1076 1592 navigandum

766 1602 837 1639 Est
867 1602 914 1639 ad
946 1611 1122 1648 superna.

222 1694 245 1724 Η
271 1692 327 1724 fol.
354 1689 438 1723 90a.
468 1711 505 1713 ψ-
533 1691 563 1727 (3,
594 1690 606 1722 l
635 1691 721 1723 Vide
748 1691 931 1722 latronum.
958 1707 1000 1711 ——
1028 1688 1078 1729 10,
1106 1688 1127 1723 2
1149 1700 1236 1731 quae
1263 1691 1373 1731 quasi.

635 1847 701 1882 177.
737 1846 818 1889 (67.)
854 1846 891 1881 ln
917 1845 950 1881 3.
978 1845 1170 1882 Noeturno.

176 1957 208 1991 1.
241 1957 402 1999 Serpens
434 1958 579 1989 erectus
977 1954 1016 1990 4.
1050 1953 1264 2000 Prophetae
1300 1953 1404 2000 virga

241 2010 462 2056 Serpentum
494 2020 638 2046 morsus

296 2068 507 2112 Conspectu
538 2072 658 2116 sanat,

170 2159 209 2194 2.
242 2156 397 2202 Antiqui
428 2157 529 2193 virus

241 2213 432 2259 Serpentis
466 2213 636 2249 Christus

297 2269 506 2316 Suspensus
538 2275 655 2307 curat.

171 2363 206 2399 3.
238 2360 378 2407 Sophia
409 2360 527 2406 patris

239 2416 425 2461 Medelam
459 2417 600 2453 cunetis

297 2473 353 2510 Ex
385 2484 424 2509 se
455 2473 655 2511 ministrat.

220 2562 245 2592 Β
271 2561 328 2592 sol.
352 2559 395 2594 90
405 2573 436 2593 ει.

1051 2009 1153 2047 Silex
1186 2009 1243 2046 bis
1273 2010 1349 2046 icta

1092 2069 1217 2113 ¹Aqua
1249 2066 1450 2103 redundat.

983 2160 1019 2194 5.
1053 2157 1181 2204 Lignis
1214 2157 1358 2194 duobus

1053 2213 1227 2251 Christus
1257 2223 1446 2260 appensus

1110 2270 1167 2307 De
1197 2281 1237 2307 se
1268 2281 1334 2307 nos
1366 2275 1483 2316 potat.

981 2363 1018 2401 6.
1053 2361 1154 2398 Bibit
1185 2361 1361 2409 Iudaeus,

1051 2418 1124 2454 Sed
1159 2419 1395 2455 Christianus

1105 2473 1283 2512 Refectus
1318 2481 1453 2513 exstat.

676 2638 744 2675 178.
782 2640 863 2683 (68.)
897 2638 950 2675 Ad
977 2637 1128 2676 Laudes.

177 2745 211 2783 1.
246 2744 402 2790 Lignum
434 2755 581 2782 amaras

245 2801 414 2837 indulcat
447 2812 562 2847 aquas

297 2857 362 2894 Eis
394 2857 610 2896 immissum.

983 2749 1019 2786 2.
1052 2749 1190 2785 Omnes
1222 2758 1359 2794 agones

1054 2806 1147 2842 Sunt
1178 2804 1318 2840 sanetis
1351 2804 1480 2840 ‹lulees

1111 2861 1181 2898 Per
1213 2861 1446 2900 crucifixum.
