1914 3223
739 193 1047 234 ——541—

202 304 275 336 Das
308 305 463 337 W'eitere
499 304 613 337 dieses
647 305 774 338 Liedes
810 306 879 348 vgl.
912 306 1014 338 Anal.
1048 302 1202 346 xxxn',
1240 304 1285 339 92
1321 317 1395 349 sqq.
1429 324 1470 330 -
1506 308 1678 340 Dasselbe

111 349 217 381 findet
253 350 326 382 sicli
359 350 415 382 bei
441 361 473 381 v.
499 350 532 382 d.
559 351 675 382 Sterre
700 362 731 392 p.
757 349 824 382 245
850 353 913 383 mit
937 352 997 383 der
1023 352 1257 394 Bemerkung:
1293 353 1393 393 „Alia
1418 355 1548 391 oratio,
1587 363 1676 395 quae

111 395 154 427 ab
187 395 306 426 eodem
341 395 492 427 creditur
525 406 600 427 esse
632 394 856 438 compositas*
908 397 1022 428 sehon
1057 397 1157 429 Anal.
1191 398 1212 429 l.
1238 408 1266 429 e.
1294 409 1324 439 p.
1350 396 1393 430 99
1421 398 1510 430 habe
1536 398 1591 430 ieh
1618 399 1675 431 be-

111 440 232 478 merkt,
259 440 346 479 dass,
372 451 472 473 weun
497 440 558 472 das
584 441 784 473 Ursulalied
808 443 987 473 Hermann
1003 442 1136 484 ²loseph
1162 453 1239 474 zum
1258 443 1437 475 Verfasser
1466 443 1566 483 habe,
1595 454 1675 476 man

112 485 182 516 ihm
216 486 304 517 auch
337 486 399 518 das
425 486 512 518 Lied
537 486 764 519 zusehreibeu
790 488 914 519 iniisse.
966 488 1020 518 Da
1039 487 1138 528 jenes
1164 488 1338 526 feststeht,
1376 490 1422 520 ist
1447 489 1529 521 kein
1554 489 1675 522 Grund

111 530 209 562 mehr
245 531 465 569 vorhanden,
503 542 547 563 au
585 531 645 563 der
681 532 825 573 Angabe
862 532 922 564 des
962 532 1044 563 Cod.
1082 533 1229 565 Paulan.
1266 535 1376 575 nosp.
1417 538 1500 566 cart.
1537 532 1604 567 326
1637 545 1679 566 zu

111 575 286 607 zweifeln:
328 578 437 617 „Item
478 577 619 618 quidam
662 578 843 619 presbyter
883 577 1029 609 devotus
1067 580 1242 611 nomine
1280 579 1444 621 Ioseph
1483 581 1681 622 composuit

111 626 311 662 sequentem
344 624 536 654 orationem
561 622 602 654 de
627 623 729 655 beata
757 620 924 663 virgine.“
967 622 1046 663 Vgl.
1072 623 1128 655 die
1145 624 1281 656 Anrede
1299 625 1454 656 Mariens
1472 625 1524 657 als
1542 627 1602 658 Ro
1616 636 1680 657 sa:

113 665 150 704 1,
189 665 224 705 13
258 664 296 706 2,
330 665 368 707 23
405 665 463 705 16,
488 666 527 699 4:
562 668 646 700 Sola
671 669 787 700 Rosa
813 672 851 699 tu
875 669 1013 700 vocaris
1039 670 1102 699 ete.
1129 667 1292 710 Vg1.21‚
1324 668 1338 701 l
1365 670 1517 702 Gaude
1542 680 1680 707 nunc,

110 711 281 744 dilecta
309 722 416 751 inea,
443 712 511 744 und
537 714 596 745 Nr.
620 712 668 753 (l)
691 711 722 751 5,
748 712 769 745 8
793 713 876 754 Ipsa
901 716 955 745 est
978 713 1151 745 dilecta
1176 724 1278 746 mea.

202 758 255 789 Da
292 757 347 789 ich
384 757 511 790 keinen
544 758 663 790 Grund
702 758 803 797 selle,
841 758 907 790 den
940 758 1030 790 Text
1065 758 1198 791 Sterres
1235 760 1287 791 als
1326 760 1587 792 authentischer
1621 770 1680 792 an-

111 802 281 841 zusehen,
316 814 354 834 so
381 803 589 835 wiederhole
615 803 670 835 ich
696 804 772 836 hier
796 803 858 835 das
884 804 972 835 Lied
997 813 1059 835 aus
1084 804 1189 836 Anal.
1216 805 1354 837 XXXII
1380 806 1494 844 nicht,
1532 805 1682 837 sondern

110 848 268 889 begniige
298 849 390 880 mich
423 848 478 880 die
510 849 790 891 Abweichungen
826 849 886 881 des
910 849 1072 880 Druckes
1104 860 1173 881 von
1200 850 1316 882 Sterre
1352 851 1428 882 hier
1462 851 1681 893 beizufiigen.

111 892 194 924 Sein
225 893 315 925 Text
346 894 468 925 istim
500 904 635 936 ganzen
669 905 727 926 um
759 895 834 926 drei
867 894 1042 936 Strophen
1074 894 1215 937 liinger,
1248 895 1322 927 dies
1348 896 1448 927 Meln·
1476 896 1581 928 findet
1607 895 1682 927 sich

110 940 257 970 zumeist
283 940 452 981 eingangs
478 939 538 971 des
563 940 769 972 Gedichtes:

114 1017 141 1050 1.
180 1019 310 1057 Gaude,
338 1019 473 1061 plaude,
500 1020 595 1051 clara
620 1021 725 1059 Rosa,
929 1018 961 1052 3.
998 1020 1130 1058 Gaude,
1156 1030 1234 1052 mea
1259 1021 1435 1062 specialis,

177 1064 264 1095 Esto
291 1068 422 1096 maesto
449 1075 529 1096 cara
555 1075 669 1106 prosa,
998 1065 1160 1103 Pulchra,
1186 1067 1318 1105 suavis,
1344 1066 1498 1104 curialis,

180 1110 367 1148 Salutanti,
396 1110 621 1152 supplicanti,
998 1112 1097 1143 Meus
1124 1121 1231 1149 amor,
1255 1122 1334 1153 spes
1360 1112 1396 1142 iu
1421 1112 1534 1149 malis,

177 1155 225 1187 Te
251 1156 389 1197 roganti
414 1155 470 1187 die
495 1158 626 1187 amanti
1000 1158 1077 1188 Non
1103 1160 1155 1188 est
1179 1160 1288 1195 tanta,
1314 1167 1383 1188 non
1409 1160 1460 1188 est
1486 1157 1577 1195 talis,

223 1201 264 1232 In
290 1200 429 1233 Christo
455 1205 488 1233 te
514 1211 710 1234 servavero.
1044 1202 1099 1233 Tu
1124 1203 1277 1234 omnium
1303 1202 1546 1243 pulcherrima.

176 1246 232 1277 Ex
256 1256 325 1288 quo
354 1256 524 1288 nusquam
551 1247 684 1288 absque
710 1248 767 1289 pia
999 1248 1083 1285 Ave,
1110 1252 1230 1287 mater,
1259 1257 1335 1285 ave,
1361 1258 1452 1286 cara,

177 1292 350 1323 Trinitate
376 1295 424 1330 es,
449 1292 572 1330 Maria,
999 1293 1128 1324 Sancta
1152 1302 1289 1334 parens,
1316 1303 1434 1324 aurem
1461 1302 1545 1333 para

177 1338 291 1378 Atque
315 1337 430 1369 choris
459 1338 674 1379 angelorum,
998 1338 1187 1376 Salutanti,
1214 1338 1424 1380 supplicanti

178 1382 291 1415 Corda
315 1386 432 1414 movet
456 1382 521 1414 hoe
546 1387 684 1414 tuorum
998 1384 1047 1415 Te
1072 1384 1208 1426 roganti
1236 1387 1268 1415 et
1293 1384 1425 1415 amanti

220 1428 268 1459 Et
294 1439 359 1466 me,
385 1430 445 1470 qui
470 1432 503 1460 te
529 1428 697 1460 desidero.
1044 1430 1098 1461 Tu
1123 1439 1259 1470 semper
1283 1432 1357 1461 esto
1384 1429 1554 1470 proxima.

108 1516 139 1550 2.
180 1518 312 1558 Gaude,
339 1529 414 1551 mea
440 1519 542 1552 valde
567 1523 677 1561 grata,
927 1518 958 1552 4.
996 1521 1051 1552 Tu
1082 1521 1198 1562 imago
1224 1520 1291 1552 Dei
1316 1521 1408 1558 viva,

174 1564 254 1596 Non
279 1566 428 1606 ingrata,
455 1565 515 1596 sed
541 1568 663 1606 parata
999 1565 1204 1597 Sanetitatis
1230 1567 1444 1607 expressiva,

177 1609 235 1641 Sis
260 1610 405 1652 indigno
431 1610 627 1649 famulanti,
996 1611 1141 1642 Vultum
1167 1615 1264 1642 tuum
1289 1611 1515 1649 rosulentum,

174 1654 224 1686 Te
249 1656 422 1688 instanter
445 1655 672 1694 collaudanti,
998 1657 1217 1696 Adamatum,
1241 1656 1456 1688 luculentum

220 1700 373 1742 Accepta
398 1701 473 1739 hoc,
500 1701 592 1743 quod
617 1701 764 1742 profero.
1043 1702 1222 1743 Recogito,
1252 1702 1446 1733 considero.

174 1745 306 1785 Gaude,
331 1747 411 1778 volo
437 1751 470 1778 te
496 1748 636 1786 sentire,
998 1747 1144 1784 Vellem,
1170 1747 1296 1778 vellem
1320 1751 1352 1779 te
1377 1749 1516 1785 sentire,

178 1791 279 1830 Quod
303 1793 351 1823 sis
377 1802 551 1834 praesens,
578 1792 632 1823 fac
658 1802 710 1824 me
737 1793 836 1829 seire,
998 1792 1098 1832 Quod
1124 1793 1172 1823 sis
1198 1802 1374 1832 praesens,
1400 1793 1453 1824 fae
1478 1803 1532 1824 me
1558 1793 1656 1829 scire,

176 1837 373 1868 Intuentem
400 1838 544 1876 intuere,
996 1839 1123 1869 Aurem
1148 1843 1244 1868 tuam
1269 1837 1337 1869 hue
1361 1838 1502 1876 inclina,

176 1882 299 1915 Sinum
324 1886 420 1914 tuum
447 1882 491 1913 da
513 1886 631 1924 patere
998 1882 1096 1915 Caeli
1123 1883 1217 1914 mitis
1243 1893 1280 1914 es
1305 1884 1436 1925 regina,

222 1929 278 1960 Me
305 1931 416 1959 totum
440 1928 505 1960 tibi
531 1928 649 1960 offero.
1042 1929 1098 1960 Me
1122 1931 1231 1960 totum
1257 1928 1323 1960 tibi
1349 1928 1466 1960 offero.

201 2018 242 2049 In
275 2017 394 2049 diesen
420 2018 594 2059 Strophen
626 2018 705 2050 sind
731 2029 768 2050 so
802 2019 1013 2051 auffallende
1039 2016 1364 2061 Wiederholungen
1385 2018 1468 2062 (vgl.
1497 2018 1536 2059 1,
1562 2018 1583 2053 3
1609 2020 1681 2052 und

110 2074 160 2105 sq.
188 2062 226 2099 3,
259 2061 280 2095 8
312 2074 381 2105 sq.;
417 2061 454 2101 2,
483 2061 526 2096 10
550 2063 618 2095 und
643 2062 676 2102 4,
704 2061 766 2104 10),
791 2064 868 2095 dass
896 2075 975 2096 man
999 2064 1163 2097 ver-sucht
1187 2064 1274 2096 wird
1304 2076 1347 2097 zu
1371 2065 1534 2106 glauben,
1561 2065 1676 2098 Sterre

109 2108 199 2141 habe
224 2109 417 2140 Varianten
447 2110 484 2140 in
508 2109 574 2140 den
606 2110 695 2141 Text
719 2110 995 2151 aufgenommen.
1043 2110 1109 2142 Mit
1141 2110 1208 2142 Str.
1235 2108 1255 2141 5
1288 2124 1331 2135 =
1356 2111 1422 2143 Str.
1449 2109 1470 2142 2
1495 2111 1583 2154 folgt
1608 2122 1680 2143 nun

109 2155 184 2186 sein
209 2154 298 2186 Text
321 2154 399 2185 dem
427 2153 596 2186 Analecta
621 2155 644 2186 1.
672 2165 700 2187 c.
726 2155 957 2197 mitgeteilten
982 2157 1045 2187 mit
1069 2155 1252 2198 folgenden
1275 2155 1576 2199 Abweichungen:

200 2197 232 2237 2,
257 2198 278 2230 2
301 2199 383 2232 Tibi
407 2200 530 2231 clamo.
559 2217 602 2221 -
628 2198 659 2239 2,
685 2198 705 2232 9
731 2201 847 2232 Debes
872 2204 907 2232 et
931 2201 996 2232 hoe
1020 2201 1191 2232 debriare.
1216 2219 1259 2224 —
1285 2198 1318 2242 3,
1337 2199 1354 2233 l
1381 2205 1614 2243 conspectum.
1635 2218 1678 2223 —

110 2242 141 2282 3,
175 2242 196 2276 3
229 2244 330 2284 Quod
362 2248 400 2276 tu
433 2246 503 2287 pia.
535 2263 579 2266 —
607 2244 639 2284 3,
664 2243 686 2277 8
711 2249 745 2277 et
769 2246 936 2288 neglecto.
963 2263 1008 2267 —
1031 2244 1062 2283 4,
1088 2244 1109 2278 3
1134 2246 1242 2278 Cuius
1267 2256 1364 2278 amor
1388 2253 1442 2279 est
1466 2250 1505 2279 ut
1529 2247 1607 2279 mel.
1633 2264 1678 2268 ——

109 2289 149 2328 4,
182 2288 204 2321 4
237 2289 343 2322 Cuius
376 2300 480 2332 sapor
513 2292 625 2322 nescit
656 2290 712 2322 fel.
748 2309 786 2312 —
821 2290 853 2329 4,
880 2289 899 2322 7
925 2291 1016 2323 hune
1041 2293 1114 2333 qui.
1137 2309 1182 2313 -—
1206 2290 1236 2330 4,
1262 2289 1284 2324 8
1308 2292 1457 2324 Multum
1482 2292 1595 2324 laetus
1621 2292 1679 2324 ad-

109 2337 266 2368 miratur.
299 2353 341 2358 —
374 2334 414 2373 4,
451 2334 491 2368 10
524 2339 595 2368 tuo.
620 2353 665 2357 —
698 2334 738 2375 5,
774 2334 860 2367 1-5
893 2336 1018 2368 fehlen.
1044 2353 1087 2358 —
1117 2335 1154 2375 5,
1184 2335 1223 2370 10
1248 2338 1453 2370 amoenitas.
1478 2356 1524 2361 --
1548 2336 1579 2377 6,
1606 2336 1625 2369 7
1651 2335 1679 2370 Ο

109 2380 276 2422 sollennis
309 2391 448 2423 sponsa.
479 2400 523 2405 —
555 2379 587 2420 7,
623 2379 644 2413 5
677 2381 724 2413 Et
757 2382 863 2413 dieis:
896 2382 966 2414 Cur
990 2393 1060 2414 non
1084 2383 1249 2415 curritis?
1283 2401 1327 2405 —
1353 2381 1383 2421 7,
1408 2381 1430 2415 6
1455 2386 1508 2415 est
1530 2394 1610 2415 vox.
1635 2400 1679 2405 —-

111 2424 141 2464 7,
175 2423 196 2457 9
230 2430 264 2458 et
295 2427 431 2458 sentite.
466 2444 512 2448 —
542 2425 572 2465 7,
609 2424 652 2459 10
685 2427 758 2459 Vos
792 2425 887 2459 fehlt.
922 2445 962 2449 —
998 2426 1030 2465 8,
1056 2426 1076 2459 5
1100 2428 1161 2459 Ac.
1186 2445 1230 2450 —-
1255 2425 1286 2468 8,
1314 2426 1334 2460 7
1360 2429 1611 2461 Dominatoris.
1635 2445 1680 2450 —-

109 2468 153 2509 8,
180 2469 222 2503 10
253 2471 398 2503 timidis.
423 2489 468 2493 —
491 2470 522 2510 9,
548 2470 570 2503 4
595 2472 707 2511 Quam
733 2474 861 2505 sentire
886 2477 957 2504 tam
985 2483 1101 2505 suave.
1128 2490 1173 2494 —
1196 2471 1234 2512 9,
1265 2471 1286 2505 9
1310 2474 1352 2505 In
1379 2484 1449 2516 qua
1473 2474 1610 2516 gaudet.
1635 2491 1680 2495 —

116 2514 166 2555 10,
202 2513 243 2548 10
274 2517 343 2548 Fac
376 2517 510 2559 eulpae,
545 2527 686 2559 poenae.
720 2535 765 2541 —
808 2516 857 2557 11,
884 2516 905 2550 3
930 2518 999 2550 und
1023 2516 1046 2550 4
1069 2518 1281 2561 umgestellt.
1306 2535 1350 2541 ——
1374 2519 1554 2551 Zwisehen
1582 2519 1634 2558 ll,
1659 2518 1679 2551 5

110 2561 180 2593 und
205 2561 225 2594 6
250 2562 522 2604 eingeschoben:

585 2607 716 2647 Gaude,
741 2609 890 2650 gignens
916 2609 980 2640 Dei
1007 2612 1136 2646 natum,

584 2653 766 2691 Traetans,
792 2654 926 2685 lactans
953 2654 1147 2686 osculatum

586 2699 808 2738 Reverenter,
835 2699 1031 2740 diligenter,

586 2744 662 2783 Quo
689 2754 742 2775 me
768 2745 834 2776 frui
859 2744 905 2775 da
929 2744 1134 2786 frequenter,

653 2789 805 2821 Alumna
829 2789 1087 2821 fecundissima.

113 2875 165 2915 11,
198 2876 217 2909 7
252 2879 360 2918 Quem
394 2879 430 2910 in
463 2883 572 2911 morte
607 2879 775 2912 habuisti.
809 2897 853 2901 —
890 2877 940 2917 12,
973 2878 994 2912 3
1028 2881 1151 2919 Carbo,
1180 2881 1326 2923 lampas,
1351 2881 1419 2920 fax,
1444 2882 1610 2914 scintilla.
1635 2899 1679 2904 —-

116 2920 166 2962 13,
199 2920 220 2954 2
253 2923 442 2956 Consolare
477 2934 529 2956 me
562 2924 740 2956 fructuosa
769 2924 935 2965 (formosa
966 2926 1058 2957 korr.
1091 2926 1229 2962 Sterre).
1256 2943 1298 2949 —
1325 2925 1378 2967 13,
1403 2925 1425 2959 9
1450 2927 1493 2959 ad
1519 2930 1551 2959 te
1578 2927 1678 2960 ridet.
