1914 3223
721 152 775 156 ——
837 128 916 169 173

434 272 515 308 124.
551 273 609 315 (4.)
648 273 692 307 In
720 273 903 308 Natalem
930 273 1061 308 sancti
1088 273 1312 309 Mammetis

517 344 714 384 Hymnus
749 343 945 374 eiusdem
981 344 1234 375 Strabonis.

110 434 145 472 1.
179 433 348 471 Laudem
380 434 482 472 beati
513 434 690 482 martyris

179 491 239 528 Ad
270 491 455 528 trinitatis
485 491 642 538 gloriam

178 547 340 585 Sanctae
373 558 549 585 canamus
580 548 787 594 supplices,

177 604 281 650 Quae
313 604 377 641 dat
410 615 586 641 coronam
618 605 791 642 testibus.

135 737 144 746 .
175 705 353 743 Adversa
383 706 514 743 mundi
544 706 713 756 pertulit,

175 762 348 801 Calcavit
380 763 461 801 eius
492 773 691 810 prospera,

173 819 358 856 Mammes
389 819 537 857 tonanti
567 819 750 870 reddidit,

175 876 283 922 Quod
313 887 384 923 pro
416 876 491 913 reis
522 876 584 913 hic
605 887 739 923 passus
762 881 832 916 est.

103 979 140 1016 3.
176 977 335 1024 Virtute,
369 978 459 1025 vita,
493 978 672 1025 moribus,

172 1034 352 1072 Sermone
382 1034 689 1081 iucundissimus,

171 1092 216 1128 In
248 1091 417 1128 caritatis
450 1091 575 1139 gratia

173 1147 331 1195 Semper
363 1158 517 1185 manens
551 1148 770 1198 ditissimus,

99 1251 137 1289 4.
171 1249 361 1296 Spernens
392 1261 484 1297 opes
517 1261 600 1287 cum
631 1250 781 1288 casibus

168 1306 305 1344 Mundi
336 1300 513 1353 supernis
545 1307 697 1354 institit,

168 1363 284 1400 Liber
316 1364 470 1400 caducis
502 1364 595 1401 exiit

172 1420 236 1457 Nil
267 1420 437 1457 ambiens
471 1431 517 1457 ex
548 1420 699 1461 infimis.

99 1526 134 1560 5.
168 1522 274 1560 Mitis
307 1522 465 1560 domans
497 1522 658 1559 immitia

169 1580 325 1626 illisque
356 1590 534 1626 promens
565 1580 726 1626 mystica

166 1636 330 1675 Vivebat
361 1637 461 1673 inter
492 1636 645 1683 bestias,

167 1694 247 1739 Quo
280 1693 360 1730 cive
391 1693 558 1741 gaudent
589 1694 726 1740 augeli,

95 1797 133 1835 6.
164 1795 330 1833 Adiutus
363 1796 478 1833 armis
509 1796 667 1843 spiritus

165 1853 267 1889 Vicit
298 1850 445 1889 furores
478 1853 704 1902 principum,

165 1909 276 1946 Saevi
308 1909 484 1946 draconis
517 1914 715 1946 conterens

165 1966 291 2003 Sacris
323 1970 436 2012 caput
470 1966 678 2003 conatibus.

957 437 976 446 ‚-

961 454 991 473 d·

925 1252 990 1290 10.

920 1524 984 1564 11.

920 1798 983 1837 12.

1026 436 1155 482 Magni
1188 435 1296 473 favor
1327 436 1519 482 praeconii

1023 492 1194 529 Debetur
1224 493 1287 529 isti
1318 493 1489 541 martyri,

1025 548 1091 586 Cui
1125 549 1298 586 Christus
1330 554 1429 586 esset
1461 550 1599 598 vivere,

1023 605 1188 643 Lucrum
1219 606 1358 644 resolvi
1390 606 1607 645 maximum.

983 738 990 745 .
1023 707 1167 744 Mansit
1198 707 1292 744 fides
1323 708 1361 744 in
1393 712 1562 754 pectore,

1024 763 1118 810 Spes
1149 768 1274 801 mente
1306 763 1397 801 felix
1431 765 1588 813 integra,

1022 821 1094 857 His
1125 821 1245 858 maior
1275 821 1381 857 illum
1415 821 1555 858 caritas

1023 878 1142 924 Intus,
1176 875 1269 914 foris
1300 878 1539 924 possederat.

979 1007 988 1017 .
1020 979 1197 1016 Exsultet
1228 979 1348 1016 omnis
1380 979 1595 1026 supplicum

1021 1036 1158 1073 Coetus
1190 1046 1325 1073 sereno
1357 1036 1496 1084 gaudio

1021 1092 1143 1129 Huius
1174 1092 1295 1139 patris
1327 1092 1505 1140 suffragia

1020 1150 1156 1187 Pronis
1188 1149 1357 1196 rogando
1389 1149 1581 1189 cordibus

1023 1252 1089 1298 Te,
1108 1255 1263 1301 martyr,
1277 1262 1366 1299 ergo
1378 1262 1653 1303 quaesummus,

1021 1308 1219 1354 Mammes,
1253 1307 1339 1346 fave
1370 1309 1627 1359 poscentibus,

1022 1365 1138 1402 Sacro
1169 1369 1329 1412 precatu
1359 1371 1529 1413 protege,

1020 1423 1119 1468 Quos
1148 1422 1304 1459 instruis
1337 1423 1555 1460 certamine.

1019 1525 1202 1570 Impende
1236 1535 1362 1562 curam
1399 1525 1573 1572 dapsilis,

1015 1580 1139 1618 Aufer
1170 1582 1309 1618 malum
1343 1582 1556 1632 placabilis,

1016 1636 1158 1675 Confer
1188 1638 1275 1675 boni
1308 1639 1450 1676 solacia

1018 1695 1127 1732 Vitae
1157 1695 1329 1741 parando
1360 1696 1543 1741 praemia.

1019 1797 1076 1835 Sit
1106 1796 1282 1834 trinitati,
1300 1797 1432 1847 gloria,

1016 1854 1158 1903 Virtus,
1192 1854 1313 1891 honor
1339 1865 1409 1900 per
1439 1854 1603 1900 saecula,

1015 1911 1117 1955 Quae
1149 1921 1217 1947 nos
1250 1910 1373 1948 beatis
1405 1914 1616 1958 martyrum

1016 1966 1174 2014 Semper
1203 1968 1305 2007 iuvet
1335 1966 1536 2014 suffragiis.

171 2078 253 2111 Cod.
279 2078 439 2110 Vatican.
473 2080 556 2121 Reg.
581 2077 659 2111 469.
692 2077 790 2120 (olim
817 2078 1032 2122 Sangallen.)
1056 2090 1145 2111 saec.
1171 2077 1202 2111 9.
1235 2090 1286 2111 ex.
1313 2080 1353 2111 A.
1380 2097 1424 2100 -—
1450 2080 1531 2111 Cod.
1560 2080 1645 2111 San-

78 2124 205 2166 gallen.
237 2122 314 2156 869.
351 2135 442 2156 saec.
475 2123 506 2155 9.
542 2135 594 2155 ex.
629 2125 667 2156 B.
695 2142 738 2146 —
767 2123 797 2163 5,
825 2123 845 2156 2
870 2135 1034 2166 promans
1069 2125 1199 2167 korrig.
1230 2136 1390 2167 promens
1416 2126 1454 2157 B.
1481 2142 1523 2146 —
1552 2123 1602 2163 12,
1627 2123 1649 2157 4

78 2170 177 2202 iuvat
200 2170 239 2201 B.
265 2187 309 2192 —
335 2170 518 2211 „Hymnus
544 2171 580 2201 in
606 2170 724 2202 natale
749 2168 924 2202 eiusdem“
953 2171 992 2202 A.

372 2316 452 2352 125.
488 2316 545 2358 (5.)
581 2316 755 2360 Hymnus
782 2316 915 2352 sancti
940 2316 1121 2352 Ianuarii
1148 2315 1357 2360 Martyris.

367 2403 402 2448 1'.
435 2411 564 2455 Festa,
597 2420 692 2456 quae
723 2421 858 2457 magno
890 2411 1046 2448 colimus
1078 2421 1248 2457 novoque

437 2467 598 2516 Gaudio,
632 2472 778 2514 martyr
808 2468 1004 2505 Ianuarius
1037 2479 1123 2504 mox

433 2523 578 2561 Fautor
607 2523 739 2560 invisit
771 2524 1007 2571 Dominoque
1036 2525 1191 2561 laudum

621 2580 783 2617 Munera
813 2579 972 2627 perfert.

364 2685 400 2721 2.
433 2682 606 2720 Additur
638 2685 744 2719 tanto
775 2682 926 2728 penitus
958 2681 1080 2719 favori

435 2739 578 2777 Caesar
608 2738 767 2775 illustris
799 2739 1038 2785 cumulatque
1069 2743 1156 2775 vota.

432 2795 585 2833 Nemini
616 2795 716 2832 trino
745 2800 823 2840 tua⁵
856 2796 961 2842 pacis
991 2795 1153 2844 auctrix,

621 2853 776 2898 Pompa,
808 2851 978 2890 Lothari.
