2031 3289
958 189 1006 194 —
1070 168 1122 205 131)
1182 188 1236 192 -

314 280 484 319 BCDEF;
520 281 746 321 Dormireque
780 279 823 310 ad
859 277 1038 319 paululum
1070 278 1110 309 A.
1142 294 1184 298 —
1217 276 1255 315 7,
1287 275 1309 308 4
1341 286 1465 318 sapore
1486 277 1529 309 E.
1561 293 1606 298 --
1637 275 1677 314 ὃ,
1713 275 1728 308 l
1761 276 1871 308 honor

313 336 500 402 {nefingi-ius
518 325 557 357 A.
585 343 629 346 —-
647 323 677 363 8,
702 323 724 356 4
749 324 925 356 saeculum
943 322 983 353 A.
1008 339 1053 344 —-
1070 323 1163 355 Stati
1185 322 1246 354 der
1263 323 1388 365 obigen
1407 322 1600 364 Doxologie
1625 321 1739 353 haben
1757 321 1871 353 ausser

855 425 975 457 Gloria
1000 428 1140 456 aeterno
1167 425 1258 465 patri

857 470 904 501 Et
927 469 1075 509 Christo,
1101 480 1183 501 vero
1209 471 1291 511 regi,

856 515 1100 556 Paraclitoque
1125 519 1245 546 sancto

858 560 903 591 Et
928 570 1018 591 nunc
1045 564 1078 591 et
1107 561 1143 591 in
1170 563 1385 602 perpetuum.

800 737 858 773 31.
895 737 975 779 (10.)
1012 736 1188 773 sabbato
1216 736 1380 772 Sancto.

674 830 870 871 Hymnus
904 830 953 861 ad
984 831 1133 871 Ignem
1166 828 1523 861 benedicendum.

785 897 951 936 (Cathem.
978 898 1020 938 V,
1048 894 1171 936 1—323
1200 894 1399 933 149—164).

520 1014 555 1052 1.
616 1013 796 1049 Inventor
826 1011 941 1058 rutili,
975 1010 1048 1047 dux
1081 1010 1190 1056 bone⁷
1222 1009 1387 1056 luminis,

614 1069 683 1115 Qui
717 1068 830 1104 certis
861 1067 1006 1104 vicibus
1037 1071 1209 1113 tempora
1240 1066 1391 1115 dividis,

549 1162 553 1168 ,
613 1126 741 1162 Merso
773 1125 851 1160 sole
883 1123 996 1160 chaos
1028 1123 1169 1170 ingruit
1199 1123 1407 1169 horridum,

613 1182 751 1218 Lucem
784 1181 903 1217 redde
934 1180 1020 1223 tuis,
1054 1179 1215 1227 Christe,
1246 1179 1434 1216 fidelibus.

518 1296 555 1332 2.
614 1294 793 1341 Quamvis
823 1294 1018 1330 innumero
1050 1293 1176 1329 sidere
1203 1293 1344 1340 regiam

613 1350 830 1397 Lunarique
860 1350 987 1396 polum
1017 1349 1194 1395 lampade
1223 1349 1405 1396 pinxeris,

613 1408 770 1444 Incussu
801 1406 917 1443 silicis
949 1406 1090 1442 lumina
1121 1416 1188 1442 nos
1223 1410 1349 1443 tamen

613 1463 805 1500 Monstras
836 1463 1014 1509 saxigeno
1045 1462 1187 1499 semine
1217 1472 1412 1509 quaerere.

517 1579 555 1615 3.
617 1576 674 1612 Ne
704 1576 868 1612 nesciret
898 1576 1007 1612 homo
1039 1586 1141 1622 spem
1175 1575 1246 1612 sibi
1278 1576 1428 1612 luminis

613 1634 656 1670 In
687 1632 826 1670 Christi
857 1632 980 1669 solido
1011 1642 1169 1678 corpore
1200 1633 1402 1675 conditam,

612 1689 682 1736 Qui
715 1689 788 1725 dici
818 1688 991 1725 stabilem
1022 1699 1062 1725 se
1092 1688 1210 1726 voluit
1240 1694 1400 1737 petram,

614 1745 765 1783 Nostris
795 1745 970 1791 igniculis
1001 1745 1101 1782 unde
1132 1755 1248 1791 genus
1281 1745 1393 1782 venit.

518 1861 555 1897 4.
618 1858 771 1905 Pinguis
803 1869 895 1904 quos
926 1857 999 1894 olei
1031 1868 1115 1894 rore
1147 1858 1386 1894 madentibus

614 1915 781 1962 Lychnis
812 1918 877 1951 aut
909 1913 1054 1951 facibus
1085 1914 1273 1961 pascimus
1305 1915 1435 1961 aridis,

616 1972 712 2017 Quin
744 1976 781 2008 et
812 1970 875 2007 fila
907 1970 1004 2007 favis
1034 1971 1182 2017 scirpea
1213 1969 1338 2007 floreis

618 2029 752 2066 Presso
784 2028 895 2063 melle
926 2027 1030 2074 prius
1063 2027 1202 2065 conlita
1233 2028 1416 2074 tingimus

520 2145 557 2180 5.
621 2142 739 2178 Vivax
771 2140 920 2177 flamma
952 2141 1065 2187 viget,
1098 2152 1163 2177 seu
1192 2146 1286 2179 ‘cava
1319 2141 1457 2178 testula

619 2199 776 2236 Succum
809 2198 964 2233 linteolo
995 2197 1162 2244 suggerit
1193 2197 1309 2244 ebrio,

617 2255 690 2291 Seu
719 2255 828 2300 pinus
859 2255 1003 2300 piceam
1035 2253 1111 2290 fert
1142 2254 1370 2297 alimoniam,

618 2311 691 2348 Seu
723 2321 844 2347 ceram
878 2316 1034 2346 teretem
1067 2315 1206 2357 stuppa
1239 2310 1366 2347 calens
1399 2309 1505 2347 bibit.

520 2428 555 2461 ὕ.
619 2424 760 2461 Ϊῖθοῐειῑ
792 2425 837 2461 de
863 2424 1005 2470 liquido
1037 2424 1177 2460 vertice
1209 2422 1395 2459 fervidum

625 2480 808 2518 Guttatim
838 2480 1005 2517 lacrimis
1036 2480 1155 2516 stillat
1184 2479 1384 2526 olentibus,

621 2537 844 2574 Ambustum
877 2537 1050 2583 quoniam
1079 2537 1134 2572 vis
1166 2535 1255 2572 facit
1287 2536 1396 2581 ignea

616 2594 776 2631 Imbrem
811 2594 856 2629 de
888 2593 1041 2630 madido
1069 2591 1159 2629 flere
1191 2593 1394 2632 cacumine,

528 2707 565 2746 7.
626 2706 833 2753 Splendent
867 2717 954 2753 ergo
986 2706 1058 2742 tuis
1091 2706 1318 2754 muneribus,
1353 2711 1472 2751 pater,

619 2764 800 2800 Flammis
832 2763 1033 2799 mobilibus
1072 2763 1214 2798 scilicet
1247 2763 1355 2806 atria,

619 2819 900 2866 Absentemque
933 2819 1030 2855 diem
1063 2819 1127 2855 lux
1158 2819 1232 2865 agit
1265 2820 1423 2857 aemula.

620 2878 736 2921 Quam
771 2888 842 2912 nox
876 2887 957 2912 cum
990 2876 1115 2912 lacero
1146 2877 1246 2912 victa
1278 2875 1369 2921 fugit
1400 2876 1524 2922 peplo.
