1914 3223
129 477 159 513 1.
193 474 252 512 Ad
284 473 489 520 parandam
522 472 681 510 Domino

463 529 651 566 ·aemissus
683 535 752 570 est,
1001 529 1106 565 Stola
1136 529 1282 575 pollens
1313 528 1472 574 gemina.

126 758 148 794 [0

196 531 300 568 Viam
334 530 392 566 hic
424 542 461 576 pi

155 1059 157 1061 ·
211 1038 237 1069 U
263 1037 320 1068 fol.
351 1035 451 1069 loob.

436 1581 457 1616 (Q

436 2711 458 2747 6

738 164 1046 206 —213—

639 355 720 391 225.
755 355 859 397 (117.)
895 355 949 390 Ad
978 355 1145 390 Laudes.

931 474 967 508 3.
1003 472 1168 517 Virginis
1199 475 1236 508 et
1266 471 1444 518 martyris

196 587 316 631 Solus,
349 591 385 623 ut
417 590 453 622 et.
487 586 679 622 Dominum
1002 585 1114 632 Agni‚
1147 596 1253 631 quem
1284 585 1468 630 exhibuit,

195 643 423 690 numinum,
457 642 590 689 dignus
621 649 690 679 est.
1002 641 1147 679 Institit
1178 642 1351 689 vestigia.

155 785 164 793 .
196 756 316 794 Huius
347 755 558 792 testimonio
932 756 970 792 4.
1006 753 1082 790 Deo
1115 754 1215 800 patri
1247 754 1379 801 gloria,

195 813 342 850 veritas
372 812 517 857 enituit,
1004 811 1077 847 Par
1107 809 1153 846 sit
1187 810 1306 847 honor
1336 810 1425 855 tilio,

196 869 312 905 Huius
343 879 383 905 se
413 868 612 914 praeconio
1001 866 1091 904 Cum
1123 871 1231 913 patre
1262 867 1412 913 spiritui

194 925 453 961 Commendari
486 924 613 961 voluit.
1002 924 1165 970 Compar
1198 924 1402 962 veneratio.

529 1180 610 1214 22⁸.
645 1181 747 1217 ‹1182›
783 1181 838 1215 De
864 1180 1004 1215 sancto
1031 1180 1267 1216 Benedicto.

465 1328 472 1335 .
506 1297 701 1333 Victimam
734 1302 884 1334 nostrae
916 1297 996 1347 tibi,
1032 1297 1193 1346 Christe,
1227 1297 1351 1334 laudis

505 1353 693 1390 Sanctitas
725 1354 803 1390 eius
835 1352 950 1391 faciat.
981 1354 1206 1400 placentem,

508 1410 621 1448 Cuius
652 1410 748 1446 hanc
779 1409 898 1446 lucem
930 1409 1019 1448 facit
1054 1421 1136 1447 esse
1167 1411 1262 1447 lucis

563 1466 703 1503 Lucida
735 1466 823 1506 vita.

464 1608 472 1615 .
506 1580 591 1625 Ipse
622 1589 690 1625 pro
723 1579 829 1615 nobis
860 1579 929 1615 tibi
961 1580 1211 1626 supplicando

509 1636 686 1681 impetret
719 1636 826 1672 nobis
859 1637 1002 1673 veniam
1036 1642 1174 1684 reatus,

504 1692 616 1728 t'uius
647 1692 694 1729 ad
727 1692 874 1729 laudem
908 1694 1144 1730 modulamur
1175 1694 1351 1741 hymnum

562 1749 746 1785 t'arminis
779 1749 898 1786 huius.

465 1890 471 1896 .
507 1862 636 1898 Victor
666 1862 808 1908 antiqui
839 1863 1103 1900 memorandus
1135 1864 1252 1901 hostis

508 1918 583 1954 Nos
614 1919 672 1955 sui
703 1918 793 1955 fecit
821 1930 1004 1956 memores
1035 1921 1235 1969 merend03

507 1975 579 2011 l’er
609 1985 741 2022 preces
773 1975 850 2012 eius
879 1986 1020 2013 memor
1050 1982 1129 2013 esto
1161 1978 1293 2026 nostri,

561 2031 708 2068 Christe
739 2032 908 2080 benigne.

465 2175 470 2181 .
505 2144 604 2181 Voce
635 2156 819 2192 praesaga
848 2145 1077 2183 Benedictus
1108 2151 1208 2195 ante,

505 2202 744 2238 Postmodum
776 2214 908 2239 nomen
943 2203 1144 2240 cumulavit
1176 2214 1221 2240 ex
1252 2208 1301 2247 tc,

506 2257 673 2294 Gratiam
706 2259 858 2296 tandem
891 2260 1138 2307 meritumque
1168 2261 1325 2307 iungunt

561 2314 708 2351 Gaudia
740 2316 898 2362 palmae.

465 2458 472 2465 .
504 2428 631 2474 Qualis
662 2429 698 2465 in
731 2429 806 2466 vita
837 2429 949 2467 fuerit
983 2431 1041 2467 vir
1071 2431 1154 2478 iste,

500 2486 667 2530 Quantus
701 2486 738 2522 in
769 2486 898 2534 signis,
931 2487 1066 2534 quibus
1099 2495 1131 2524 et
1163 2499 1231 2534 per
1261 2489 1367 2525 illum

503 2541 623 2577 Terra
653 2542 835 2579 doctrinis
867 2544 1059 2590 repleatur
1089 2545 1223 2592 omnis,

561 2597 740 2636 Novimus
769 2609 909 2640 omnes,

464 2739 473 2747 .
505 2709 623 2747 Terra
655 2711 803 2748 delictis
834 2712 1036 2750 maledicta
1067 2713 1206 2750 nostris

506 2765 704 2803 I'roferens
736 2769 863 2814 spinas
894 2769 1127 2817 tribulosque
1158 2770 1266 2808 nobis

508 2822 651 2860 Uberes
683 2822 827 2861 fructus
858 2825 1059 2864 benedicta
1091 2827 1218 2864 reddit

566 2880 637 2916 Per
665 2881 924 2923 Benedictum.
