2031 3289
0 2603 10 2699 ,ff

0 2706 11 2814 ‚l

0 2823 10 2966 l

0 3089 7 3129 i

0 3166 4 3230 J!

994 162 1276 203 „54—

400 278 438 314 5.
471 276 688 322 Composuit
720 276 1009 323 chirographum

528 333 790 379 Protoplastus
822 332 1025 378 hominum,

468 389 575 434 Quod
607 389 780 426 Christus
810 396 895 434 post
926 388 963 424 in
995 387 1069 425 alia

526 444 647 482 Solvit
676 445 768 491 ligni
798 444 950 489 tabula;

469 502 571 548 Quae
587 501 730 547 primus
743 501 867 537 Adam
883 500 1099 550 scripserat,

525 557 719 595 Secundus
750 556 940 593 obliterat.

401 663 439 700 6.
474 660 564 697 Cum
597 665 728 695 auctor
759 657 858 693 vitae
887 657 1060 705 moritur,

530 715 641 753 Orbis
673 719 709 750 et
741 715 994 761 commoritur,

473 772 537 809 Sol
569 771 695 807 radios
726 770 888 818 operuit,

529 828 679 873 Lugens
709 830 811 863 terra
842 827 1006 874 tremuit,

470 883 617 930 Templi
648 883 772 919 velum
805 883 1002 929 dividitur,

528 941 596 976 Vis
627 950 802 976 saxorum
834 940 1031 979 scinditur.

404 1042 443 1080 7.
474 1041 588 1078 Brevi
619 1041 795 1087 sepulcro
826 1040 1028 1088 clauditur,

527 1097 597 1144 Qui
629 1097 732 1133 caelo
763 1108 837 1134 non
869 1097 1030 1145 capitur,

469 1155 618 1191 Praeda
648 1154 811 1190 vallatus
843 1153 960 1190 divite
1030 1200 1034 1203 .

526 1210 638 1247 Victo
668 1210 801 1246 mortis
831 1210 1004 1257 principe

472 1266 711 1312 Triumphaii
742 1266 911 1312 potentia

525 1323 652 1370 Surgit
684 1323 745 1360 die
775 1323 900 1360 tertia.

398 1426 436 1465 8.
468 1425 633 1463 Reddite
664 1425 869 1472 Christum,
904 1424 1035 1470 vigiles

524 1483 640 1528 Quem
672 1481 864 1526 servastis,
896 1481 1056 1518 milites!

466 1539 537 1575 Vel
567 1542 752 1574 mortuum
785 1538 985 1582 ostendite,

525 1595 599 1632 Vel
631 1595 670 1630 in
701 1594 828 1631 vivum
860 1594 1027 1630 credite!

470 1651 547 1689 Cur
577 1651 695 1698 gratis
727 1662 815 1687 vera
848 1651 986 1695 dicitis,

523 1707 655 1754 Empti
687 1706 783 1744 falsa
813 1706 984 1754 fingitis?

1216 277 1255 314 9.
1285 275 1378 313 Mox
1407 276 1553 315 intonat
1584 277 1774 324 angelicus

1342 331 1473 370 Sermo
1505 333 1736 378 mulieribus,

1282 388 1479 434 Apostolis
1508 393 1549 426 ut
1581 389 1706 426 dulcia

1341 444 1448 481 Haec
1479 445 1675 482 deferrent
1706 445 1862 482 nuntia:

1285 501 1330 538 In
1363 500 1586 538 Gallilaeam
1618 502 1776 550 pergite,

1341 557 1398 594 Ibi
1432 557 1622 595 Christum
1648 558 1809 595 cernite.

1193 658 1258 697 10.
1290 659 1370 696 Iam
1399 659 1498 705 regis
1528 658 1755 705 Aegyptiaci

1346 715 1535 752 Servitute
1565 715 1676 751 liberi

1288 771 1377 808 Post
1406 772 1521 808 maris
1552 771 1658 807 rubri
1688 770 1891 808 transitum

1344 827 1490 864 Novum
1522 827 1651 864 demus
1683 827 1882 871 canticum,

1285 884 1423 921 Mortis
1453 884 1565 920 soluti
1595 883 1741 930 legibus

1345 940 1495 977 Christo
1526 939 1840 978 consurreximus

1189 1042 1254 1080 11.
1285 1040 1418 1087 Colite,
1452 1042 1537 1078 novi
1569 1042 1713 1090 populi,

1341 1097 1428 1135 Rite
1453 1098 1594 1143 pascha
1623 1098 1788 1143 Domini,

1284 1154 1479 1191 Paschalis
1510 1154 1596 1200 agni
1627 1154 1807 1201 sanguine

1342 1210 1473 1247 Postes
1505 1210 1636 1246 domus
1667 1211 1814 1259 tingite,

1284 1265 1526 1303 Fermentum
1558 1271 1664 1303 vetus
1695 1267 1839 1314 pellite,

1343 1324 1487 1369 Azyma
1519 1323 1716 1360 comedite.

1190 1425 1255 1463 12.
1287 1424 1404 1473 Totis,
1440 1425 1602 1470 Christe,
1635 1424 1843 1461 visceribus

1341 1481 1427 1518 Tibi
1458 1481 1588 1518 laudes
1620 1481 1827 1529 reddimus,

1284 1537 1354 1583 Qui
1384 1548 1582 1584 resurgens
1614 1549 1635 1574 a
1665 1537 1822 1574 mortuis

1341 1594 1454 1631 Ultra
1483 1595 1556 1631 iarn
1589 1605 1662 1630 non
1694 1594 1877 1643 moreris;

1284 1650 1343 1688 Sit
1374 1651 1473 1696 patri
1504 1651 1584 1687 laus
1617 1657 1653 1686 et
1684 1650 1796 1696 parili

1341 1707 1462 1743 Decus
1493 1717 1601 1743 omne
1632 1706 1788 1745 flamini.

450 1809 558 1840 Liber
576 1808 768 1840 Pastoralis
796 1819 858 1839 ms.
878 1808 911 1839 S.
931 1807 1091 1849 Gregorii
1118 1817 1207 1838 saec.
1237 1805 1287 1838 11.
1323 1807 1405 1839 Cod.
1423 1808 1581 1838 Vatican.
1600 1807 1711 1838 Palat.
1738 1804 1813 1838 311.
1839 1806 1916 1838 add.

363 1863 451 1885 saec.
479 1852 530 1885 11.
555 1856 595 1885 Α.
621 1871 663 1875 -
689 1854 806 1895 Migne
834 1853 855 1884 l.
882 1864 909 1884 c.
935 1850 998 1884 931
1025 1863 1075 1894 sq.
1101 1854 1139 1884 B.

453 1897 480 1937 1,
505 1898 528 1930 4
552 1900 653 1930 Laeti
680 1899 719 1930 A.
746 1916 787 1920 —
813 1897 844 1936 2,
869 1897 892 1930 4
916 1899 1031 1940 plorat
1055 1899 1095 1929 A.
1121 1916 1164 1919 —
1189 1896 1227 1937 4,
1259 1896 1281 1929 4
1306 1899 1482 1939 amiquum
1508 1897 1547 1930 A.
1573 1917 1615 1920 —
1641 1896 1679 1935 7,
1714 1896 1729 1929 1
1756 1897 1802 1928 Et
1826 1908 1922 1930 nunc

363 1944 520 1986 sepulcro
546 1945 586 1976 A.
615 1962 659 1965 —
678 1943 709 1981 7,
735 1943 755 1976 5
781 1943 1018 1985 Triumphalis
1042 1945 1080 1975 Β.
1106 1960 1150 1964 —
1179 1941 1228 1983 ll,
1255 1940 1276 1975 3
1300 1943 1462 1974 Paschali
1489 1944 1526 1974 Β.

795 2099 850 2135 56.
886 2100 967 2142 (41.)
1001 2098 1042 2134 In
1067 2097 1329 2134 Purificatione
1355 2097 1480 2133 B.]1.V.

398 2207 435 2246 1.
469 2206 651 2243 Laetetur
680 2216 790 2244 omne
819 2206 1010 2242 saeculum

525 2262 706 2299 Veritatis
738 2263 912 2311 reditum,

467 2319 553 2356 Diei
584 2324 716 2366 penset
746 2321 920 2365 pretium.

522 2376 718 2413 Retractet
748 2376 980 2421 mysterium,

468 2432 626 2479 Templo
657 2432 760 2469 Deus
791 2443 861 2478 pro
893 2431 1041 2468 homine

525 2491 796 2527 Praesentatur
825 2488 951 2526 hodie.

397 2593 419 2628 10

428 2620 435 2628 .
468 2591 629 2637 Magnus
659 2595 746 2628 ante
777 2589 976 2627 luciferum

521 2647 569 2684 Et
602 2647 732 2684 mundi
763 2647 990 2693 principium

467 2703 529 2739 Fit
561 2715 713 2753 parvus,
746 2704 788 2740 fit
818 2702 1026 2741 infantulus

522 2760 653 2804 Ycrus,
685 2771 759 2797 non
791 2759 1062 2806 phantasticus,

468 2816 526 2853 Ex
558 2817 747 2853 custodita
778 2817 922 2864 virgine

526 2873 664 2909 Factus
697 2877 753 2910 est
784 2872 953 2910 mirifice.

1212 2207 1248 2243 3.
1282 2205 1397 2242 Dives
1429 2216 1495 2242 rex
1526 2205 1605 2242 sine
1636 2209 1807 2250 tempore

1340 2261 1404 2297 Fit
1434 2272 1579 2308 pauper
1609 2261 1648 2297 in
1678 2265 1860 2309 tempore,

1285 2318 1390 2357 Caeli
1420 2319 1554 2355 sedens
1585 2318 1727 2364 palatio

1340 2374 1520 2411 Nascitur
1550 2375 1587 2411 in
1621 2374 1783 2421 stabulo,

1285 2431 1412 2477 Virgo,
1445 2436 1566 2468 mater
1597 2435 1631 2467 et
1665 2430 1801 2475 baiula‚

1342 2487 1457 2524 Nulla
1487 2487 1540 2523 ibi
1572 2488 1704 2524 altera.

1213 2590 1250 2627 4.
1284 2588 1462 2625 Nutritur
1493 2594 1527 2625 et
1561 2588 1738 2634 vivificat,

1339 2646 1496 2688 Crescit,
1529 2646 1592 2692 qui
1627 2644 1854 2692 magnificat,

1281 2701 1391 2738 Datis
1422 2702 1575 2739 oboedit
1607 2702 1752 2748 legibus

1339 2758 1519 2796 Subditus
1550 2758 1783 2806 parentibuS,

1282 2814 1385 2852 Deus
1418 2820 1567 2852 creator
1596 2815 1758 2851 omnium

1339 2872 1447 2909 Iussa
1478 2872 1637 2918 complet
1671 2870 1874 2909 hominum.
