2031 3289
867 208 1173 249 —414—

256 318 305 352 35
331 321 442 359 Quem
466 331 536 352 non
561 322 656 363 capit
679 324 783 359 terra,
807 330 901 352 mare

331 366 465 407 Corpus
489 366 598 397 intrat
622 366 788 407 puellare.

331 411 427 442 Deus
451 411 598 453 loquens
623 413 660 442 in
685 411 883 451 prophetis:

332 456 362 487 O
387 459 555 497 pastores,
582 460 620 487 ut
645 455 786 494 videtis,

331 501 372 532 In
396 502 578 543 praesaepi
604 501 705 542 quasi
730 504 846 532 mutus

1076 318 1122 353 40
1146 321 1253 362 Vagit
1276 322 1402 362 pannis
1426 321 1616 353 involutus.

1146 367 1255 407 Virgo
1281 367 1393 397 virum
1419 367 1494 398 sine
1517 367 1595 398 viro

1145 411 1245 442 Parit
1268 412 1391 442 mirum
1417 414 1518 452 partu
1543 413 1650 450 mir03

1145 456 1253 487 Partu
1276 466 1379 493 novo,
1404 460 1506 497 partu
1531 466 1620 494 raro,

1145 502 1240 533 Deus
1265 500 1379 539 homo,
1403 502 1546 533 verbum
1573 511 1666 534 caro.

634 597 699 628 111.
738 597 794 628 De
826 596 957 628 laude
989 597 1199 638 Virginis
1230 598 1401 628 matris.

333 664 450 695 Solem
476 664 579 696 stella
604 665 786 702 matutina,

333 709 464 750 Regem
489 719 608 751 regum
633 712 682 748 tu,
707 709 839 750 regina,

337 754 453 786 Verbo
479 757 576 786 casta
601 755 806 795 concepisti,

333 800 442 841 Virgo
468 799 588 830 clausa
613 800 776 840 genuisti.

286 841 310 874 5
334 845 444 886 Virgo
469 848 581 876 mater
604 844 688 875 felix
712 845 827 883 nimia

334 889 419 921 Fide
445 889 601 930 pulchra,
626 889 882 930 spersublimis,

333 935 555 976 Desponsata
581 935 739 972 caritate,

333 979 532 1011 Fecundata
558 980 696 1017 deitate,

332 1025 416 1056 Sola
441 1028 551 1056 mater
576 1024 771 1066 impolluta,

263 1067 306 1101 10
331 1071 440 1112 Virgo
467 1073 604 1112 partum
632 1069 829 1101 consecuta.

332 1115 416 1147 Sola
439 1119 522 1147 nato
547 1115 654 1157 digna
678 1115 765 1152 Deo,

332 1161 440 1203 Virgo
466 1170 672 1202 permanens
698 1170 775 1191 cum
801 1170 854 1191 eo.

333 1206 441 1248 Virgo
467 1206 550 1237 flore
575 1206 762 1243 fructuosa,

333 1251 441 1293 Virgo
468 1251 565 1292 prole
589 1252 755 1292 gratiosa,

1083 661 1126 695 15
1149 665 1259 705 Virga
1283 664 1396 695 fructu
1421 665 1586 706 pretiosa,

1149 709 1257 750 Virgo
1287 713 1389 750 partu
1412 709 1576 750 gloriosa,

1149 754 1244 785 Inter
1266 758 1394 785 matres
1420 753 1640 790 nominanda,

1150 798 1262 839 Super
1286 802 1414 832 matres
1439 798 1653 838 honoranda,

1150 840 1260 875 Vultu
1285 846 1387 885 quasi
1411 844 1464 875 sol
1489 847 1523 875 et
1546 843 1629 875 luna

1081 886 1126 920 20
1149 889 1258 920 Partu
1281 890 1394 920 vincis
1419 899 1537 921 omnes
1561 899 1642 921 una.

1148 932 1263 972 Porta,
1287 935 1399 975 virgo,
1423 937 1559 975 partum
1583 937 1693 974 tuum,

1149 979 1216 1018 Qui
1243 983 1276 1010 te
1301 983 1417 1021 portat
1441 989 1528 1021 opus
1553 989 1664 1017 suum,

1150 1025 1259 1056 Pasce
1282 1034 1408 1066 panem
1434 1024 1647 1065 angelorum,

1149 1070 1260 1101 Laeta
1284 1080 1399 1112 regem
1422 1069 1650 1101 saeculorum.

1081 1111 1125 1145 25
1151 1114 1210 1146 Sic
1235 1114 1413 1146 deseendit
1436 1114 1504 1145 huc
1527 1115 1569 1146 de
1594 1115 1701 1146 caelis

1150 1160 1275 1191 Semen
1299 1159 1460 1192 Abrahae
1484 1158 1607 1197 fidelis,

1150 1204 1286 1242 Semen,
1313 1205 1404 1246 quod
1429 1207 1463 1236 in
1490 1215 1526 1236 se
1551 1205 1728 1237 credentes

1150 1250 1331 1282 Benedicit
1355 1260 1472 1282 omnes
1500 1254 1631 1291 gentes.
1686 1289 1689 1291 Α

602 1347 662 1378 lv.
697 1347 807 1378 Item
840 1346 891 1378 de
923 1346 1060 1378 Verbi
1094 1346 1431 1387 Incarknatioue.

336 1416 490 1447 Verbum
515 1415 607 1456 patri
632 1414 833 1456 coaequale,

335 1461 431 1492 Patri
458 1460 768 1497 consubstantiale,

337 1505 509 1546 Splendor
533 1507 642 1547 patris
669 1509 702 1536 et
726 1504 847 1546 figura,

337 1552 363 1582 F
366 1555 464 1583 actor
486 1551 598 1582 factus
624 1554 793 1587 creatura,

287 1595 310 1628 5
336 1598 484 1628 Carnem
508 1599 664 1627 nostram
691 1595 848 1633 induisti,

335 1642 483 1673 Causam
511 1644 664 1672 nostram
690 1640 886 1681 suscepisti,

331 1687 442 1718 Verus
468 1687 585 1725 homo,
606 1696 709 1718 verus
737 1687 842 1723 Deus,

329 1733 575 1773 Impermixtus
598 1731 702 1762 homo
729 1732 834 1762 Deus.

332 1778 440 1818 Virgo
466 1780 568 1818 partu
591 1776 760 1818 virginali

264 1819 308 1855 10
334 1822 381 1854 Et
404 1825 574 1863 conceptu
600 1821 751 1863 spiritali

331 1868 535 1899 Proereavit
558 1868 751 1898 increatum

333 1913 487 1944 Verbum
513 1913 622 1953 patris
648 1913 878 1943 incarnatum.

331 1959 411 1989 Non
435 1962 488 1989 est
511 1967 632 1989 versus
657 1956 714 1987 hic.
739 1958 774 1988 in
799 1966 937 1988 carnem

332 2003 404 2035 Nec
430 2004 582 2034 minutus
608 2006 749 2044 propter
773 2011 922 2041 carnem,

1083 1411 1124 1445 15
1153 1415 1221 1446 Hic
1245 1417 1444 1455 assumptus
1469 1417 1521 1445 est
1545 1414 1581 1444 in
1606 1413 1718 1444 Deum

1150 1460 1222 1491 Nec
1247 1462 1472 1500 consumptus
1497 1461 1637 1500 propter
1660 1458 1786 1490 Deum.

1151 1506 1247 1536 Patri
1273 1514 1414 1546 compar
1438 1504 1578 1541 deitate,

1149 1550 1266 1581 Minor
1290 1551 1405 1581 carnis
1430 1550 1589 1587 veritate,

1149 1595 1261 1626 Verus
1286 1595 1393 1633 Deus,
1417 1604 1520 1626 verus
1545 1593 1658 1631 homo,

1083 1637 1126 1671 20
1150 1641 1265 1671 Homo
1291 1640 1398 1678 Deus,
1422 1640 1518 1671 Deus
1542 1639 1656 1670 homo.

1147 1686 1187 1716 Iu
1212 1689 1282 1716 tam
1307 1695 1400 1717 nova
1423 1685 1575 1726 ligatura

1149 1731 1205 1762 Sic
1230 1734 1376 1772 utraque
1402 1733 1471 1761 stat
1497 1733 1633 1768 natura,

1148 1776 1197 1807 Ut
1221 1779 1414 1813 conservet,
1440 1775 1609 1816 quidquid
1635 1778 1718 1812 erat,

1149 1821 1256 1852 Facta
1280 1821 1456 1862 quiddam,
1481 1819 1574 1862 quod
1598 1830 1668 1851 non
1693 1823 1778 1852 erat.

1081 1863 1124 1897 25
1149 1865 1178 1897 Ο
1204 1865 1377 1897 humanae
1400 1866 1541 1907 linguae
1566 1865 1733 1906 plectrum

1149 1911 1272 1943 Lauda
1295 1912 1417 1942 mirum
1443 1910 1509 1942 hoc
1533 1910 1709 1947 electrum,

1145 1957 1221 1995 Quo
1246 1956 1367 1988 divina
1391 1959 1425 1988 et
1448 1956 1600 1987 humana

1145 2003 1323 2034 L'niuntur
1345 2001 1412 2033 fide
1437 2011 1532 2033 sana.

424 2094 465 2124 V.
502 2093 563 2124 De
587 2093 828 2129 Passione,
862 2093 1217 2124 Resurrectione
1249 2095 1291 2124 et
1323 2089 1614 2124 Asceusione.

334 2161 480 2199 Christe,
506 2163 624 2192 noster
649 2160 829 2197 mediator,

334 2207 484 2244 Christe,
510 2215 622 2237 novae
647 2205 737 2246 legis
761 2205 863 2243 lator,

335 2252 581 2288 CircumcisuS,
606 2251 818 2292 baptizatus,

335 2295 538 2334 Crucifixus,
564 2296 769 2333 tumulatus,

285 2341 309 2375 5
334 2341 556 2375 Obdormivit
579 2345 611 2373 et
636 2341 823 2380 descendit,

334 2387 536 2420 Resurrexit
560 2390 593 2417 et
616 2387 784 2425 ascendit,

335 2433 394 2465 Sic
418 2432 462 2464 ad
487 2432 603 2462 caelos
629 2431 785 2463 elevatus

337 2480 474 2520 Regnat
497 2486 557 2507 rex
582 2477 848 2509 inthronizatus.

336 2524 445 2556 Cuius
470 2521 570 2553 sedes
595 2525 647 2554 est
672 2532 693 2554 a
716 2522 847 2555 dextris

269 2568 311 2603 10
338 2569 470 2601 Summi
495 2567 599 2609 regis,
626 2568 691 2599 Dei
717 2569 838 2609 patris,

336 2615 400 2647 Cui
429 2615 619 2653 conregnat
644 2618 801 2655 sumptus
827 2613 929 2644 homo

334 2661 387 2692 De
417 2656 532 2690 David
558 2659 667 2697 regali
694 2658 808 2700 domo,

334 2705 383 2737 Ut
410 2704 455 2734 sit
481 2701 576 2733 salus
602 2703 680 2734 inde
707 2715 779 2744 res·¹

336 2749 435 2789 Quod
461 2753 651 2789 conregnat
676 2749 778 2780 homo
806 2750 890 2781 Deo.

267 2794 310 2828 15
337 2796 403 2827 Hic
430 2795 465 2825 in
490 2792 618 2826 throno
644 2795 786 2835 pietatis

335 2841 432 2871 Dans
457 2839 628 2871 virtutum
653 2839 744 2871 dona
769 2841 889 2881 gratis,

336 2886 419 2916 Post
444 2885 480 2914 in
505 2884 628 2917 throno
654 2886 842 2927 aequitatis

336 2929 495 2961 Reddens
522 2930 614 2961 iusta
640 2941 701 2971 pro
729 2931 885 2972 patratiS,

1149 2160 1302 2192 Tandem
1328 2159 1432 2192 iudex
1458 2159 1631 2191 revelatus

1081 2203 1126 2238 20
1149 2206 1324 2237 Iudicabit
1348 2205 1534 2236 iudicatus.

1149 2250 1238 2282 Prae
1264 2252 1497 2282 immensitate
1521 2250 1620 2281 cuius

1151 2295 1243 2328 Defit
1267 2296 1363 2327 locus
1389 2295 1507 2326 mundi
1532 2294 1648 2333 huius,

1151 2341 1435 2382 sempiternitate
1459 2341 1559 2372 cuius

1150 2386 1257 2418 Cedet
1281 2390 1416 2427 tempus
1441 2385 1560 2417 muudi
1585 2384 1698 2416 huius.

1081 2429 1125 2463 25
1153 2431 1372 2472 Specialitati
1397 2432 1495 2463 cuius

1151 2476 1257 2509 Cedet
1281 2477 1390 2508 forma
1414 2475 1533 2507 mundi
1557 2475 1674 2513 huius,

1150 2522 1362 2554 Praeteribit
1385 2531 1464 2552 nam
1490 2520 1601 2563 figura

1150 2567 1271 2599 Mundi
1297 2567 1411 2604 huius,
1437 2576 1507 2598 non
1532 2569 1668 2605 natura,

1150 2612 1297 2652 Quando
1323 2611 1417 2643 solus
1443 2611 1635 2653 apparebit,

1082 2655 1126 2691 30
1152 2658 1223 2690 Sub
1249 2668 1317 2699 quo
1342 2657 1490 2688 mimdus
1515 2655 1716 2698 disparebit,

1149 2704 1248 2735 Sicut
1271 2706 1460 2744 apparente
1484 2701 1557 2733 sole

1150 2749 1250 2780 Nunc
1275 2748 1454 2789 disparent
1480 2747 1572 2782 luna,
1598 2744 1731 2777 stellae.

1149 2794 1189 2825 Iu
1215 2793 1397 2835 splendore
1422 2793 1511 2823 tanti
1536 2791 1620 2822 solis

1148 2839 1282 2870 Lumen
1307 2838 1407 2870 dulce
1432 2837 1490 2869 fiet
1514 2835 1610 2874 solis,

1082 2881 1125 2916 35
1151 2884 1285 2923 Quibus
1311 2893 1398 2924 opus
1423 2882 1641 2914 tenebrarum

1150 2930 1190 2961 Iu
1216 2928 1281 2960 hac
1306 2930 1380 2960 vita
1405 2937 1473 2959 non
1497 2930 1551 2958 est
1575 2934 1704 2958 earum.
