1914 3223
126 803 196 839 32.

125 1006 196 1044 421.

124 1323 194 1360 5a.

124 1528 193 1564 tia.

127 1957 195 1995 72.

124 2216 193 2254 Sa.

124 2591 195 2630 9a.

755 214 1062 254 -343—

440 368 522 404 266.
557 368 616 411 (3.)
650 369 695 404 111
721 369 999 414 Assumptione
1025 370 1168 405 beatae
1196 370 1362 405 Mariae.

582 453 617 492 1.
664 451 837 501 Exsulta,
872 452 1038 489 exaltata

671 518 784 555 super
815 513 943 545 creata
975 513 1121 554 cuncta,

237 598 429 636 Creatoris
460 599 624 636 omnium

237 655 410 702 genetrix
443 655 526 703 Dei,

239 722 344 758 vlrgo
376 722 573 761 wrgmum,

234 801 303 840 Cui
335 801 470 838 chorus
503 802 622 839 omnis
654 802 784 839 obviat

236 857 275 894 in
306 858 466 895 excelsis

238 913 432 952 beatorum
465 915 681 965 spirituum,

235 1005 354 1051 Quam
387 1005 559 1044 Christus
601 1016 670 1052 per
705 1006 870 1052 seipsum
942 1004 1016 1043 4b.

237 1061 299 1098 hic
331 1061 471 1109 visitat,

238 1117 286 1155 de
316 1118 439 1155 carnis
471 1118 661 1165 ergastulo

237 1175 448 1221 suscipiens

235 1231 369 1268 matris
401 1232 576 1280 animam,

232 1321 308 1359 Sed
339 1302 423 1359 cum
454 1322 502 1359 sit
533 1322 721 1369 sepultum

236 1389 374 1425 corpus
403 1382 507 1416 tuum

241 1435 373 1472 mortis
405 1435 546 1482 debito,

232 1525 351 1572 Quam
381 1525 561 1563 solidavit

235 1582 333 1631 ignis
364 1582 521 1629 spiritus
552 1583 687 1631 sancti,

236 1643 371 1676 testam
401 1639 457 1676 tui

237 1695 408 1743 corporis
438 1695 609 1743 virginei,

236 1752 274 1789 in
304 1763 378 1799 qua
407 1753 528 1799 patris

237 1809 418 1855 splendor
447 1809 568 1846 voluit

235 1865 487 1913 incorporari,

232 1956 262 1994 Ο
294 1959 434 2003 quanta
465 1957 524 1994 vel
555 1957 676 2003 qualis

236 2012 356 2060 gloria
386 2016 450 2050 tuo
481 2012 624 2051 sufficit

237 2069 388 2115 corpori
418 2069 504 2116 plus

235 2137 346 2173 quam
377 2125 547 2173 virgineo

231 2216 301 2262 Qui
332 2216 388 2253 sic
418 2227 524 2254 suam

235 2273 273 2310 in
303 2277 340 2309 te
373 2273 545 2312 devinxit

234 2329 558 2376 omnipotentiam,

234 2386 333 2433 quod
367 2386 461 2423 nulli
491 2387 572 2424 sine
603 2391 640 2424 te

234 2453 339 2479 suam
370 2443 596 2480 monstrabit

233 2500 502 2546 praesentiam.

235 2589 310 2627 Sed
342 2600 411 2627 nec
441 2591 661 2637 patriarcha

232 2656 303 2683 nec
334 2646 523 2693 propheta

235 2713 305 2739 nec
333 2703 420 2749 plus
451 2714 562 2750 quam
596 2704 787 2751 propheta

235 2765 322 2796 ante
352 2763 390 2796 te
420 2758 599 2806 pervenit

235 2815 285 2852 ad
315 2815 519 2854 Dominum

235 2871 360 2909 adhuc
388 2873 514 2910 clauso

236 2928 331 2965 caeli
363 2939 488 2977 regno,

945 599 1015 638 2b.

945 802 1019 842 3b.

942 1322 1014 1361 5b.

939 1525 1013 1566 6b.

942 1956 1014 1996 7b.

942 2216 1014 2255 8b.

945 2595 967 2626 §l
983 2590 1019 2630 b,

1061 599 1180 635 Stella
1211 598 1336 644 maris,
1368 598 1505 643 Maria,

1057 655 1152 691 caeli
1183 655 1326 701 regina,

1055 711 1185 749 mundi
1219 712 1380 748 domina.

1062 802 1230 839 Iubilans
1263 802 1386 848 dignis
1418 800 1593 838 laudibus

1058 859 1209 895 exeunti

1059 915 1157 961 hinc,
1189 915 1357 961 Aegypti
1391 914 1437 951 de
1465 913 1615 951 finibus.

1053 1005 1245 1042 Honorem
1278 1004 1346 1041 tibi
1378 1004 1577 1053 praebens,

1055 1072 1163 1108 quem
1196 1061 1279 1098 fieri

1055 1117 1243 1165 praecipit
1275 1117 1497 1164 parentibus

1056 1175 1103 1212 de
1134 1174 1221 1211 filiis

1054 1242 1077 1268 a
1106 1242 1146 1268 se
1176 1231 1326 1278 genitis.

1050 1322 1188 1359 Adhuc
1219 1332 1265 1358 ne
1295 1321 1485 1367 sepultum

1058 1379 1119 1425 sit,
1153 1382 1210 1415 est
1240 1383 1303 1414 tuo

1059 1435 1212 1482 dignum
1243 1433 1334 1474 fi1i0.

1051 1527 1161 1563 Hanc
1190 1535 1261 1562 nec
1292 1523 1483 1570 corrumpi

1052 1592 1122 1619 nec
1152 1581 1354 1628 putredine
1384 1580 1479 1618 solvi

1052 1642 1160 1686 optat
1190 1638 1262 1675 tibi

1053 1695 1162 1742 plebs
1191 1693 1315 1732 fidelis
1346 1693 1499 1731 Domini

1054 1756 1092 1788 et
1122 1762 1262 1788 corona

1054 1808 1331 1855 resurgentium

1052 1876 1152 1902 nunc
1182 1868 1220 1900 te
1250 1864 1401 1902 laetari.

1050 1956 1162 2000 Hinc,
1205 1955 1306 2002 quod
1347 1953 1686 2002 comprehenderat

1052 2011 1474 2060 incomprehensibilem

1054 2069 1174 2106 Deum
1203 2072 1337 2106 cuncta

1054 2125 1436 2172 comprehendentem
1451 2123 1469 2161 ἶ)

1052 2216 1151 2253 Nam
1181 2220 1219 2252 te
1249 2216 1330 2252 sine

1053 2273 1151 2310 sicut
1181 2272 1284 2309 Deus
1315 2282 1387 2309 non

1054 2330 1157 2366 venit
1186 2329 1235 2366 ad
1266 2328 1464 2377 hominem,

1054 2386 1109 2422 sic
1138 2386 1248 2422 homo
1278 2385 1359 2421 sine
1390 2390 1427 2420 te

1053 2443 1101 2480 ad
1133 2442 1254 2479 Deum
1285 2451 1475 2488 nunquam

1053 2499 1261 2546 perveniet.

1056 2590 1334 2636 Exspectantes
1365 2588 1419 2625 tui

1058 2645 1202 2682 ventris
1233 2644 1409 2691 fructum,

1057 2703 1119 2749 qui
1151 2706 1207 2738 est
1238 2711 1324 2747 spes
1356 2705 1582 2745 sanctorum,

1055 2769 1125 2805 per
1155 2769 1263 2804 quam
1297 2761 1535 2804 exspectatus

1056 2814 1223 2851 fidelium

1055 2871 1148 2908 caeli
1180 2871 1346 2908 claustra

1055 2927 1250 2965 reseravit.
