1914 3223
675 207 729 212 --
788 184 871 225 433
929 207 984 212 —

515 339 595 376 404.
632 340 713 384 (16.)
747 340 803 376 Ad
830 340 1145 386 completorium

691 410 846 442 eiusdem
873 412 960 442 festi.

93 513 130 554 1.
160 513 234 561 En,
266 513 440 550 miranda
471 514 657 562 prodigia,

161 570 344 616 Concepit
375 581 460 607 nam
494 570 726 618 virguncula,

910 515 947 552 3.
982 514 1053 550 Hic
1085 515 1181 560 perit
1214 515 1333 551 omnis
1365 515 1496 562 regula

980 570 1221 618 Naturacque
1253 572 1455 620 molimina,

978 627 1051 663 Hic.
1083 632 1204 664 cessat
1236 628 1355 664 omnis
1387 628 1482 665 ratio

161 626 226 663 Fit
255 627 341 664 Iesu
373 627 513 664 Christi
544 627 674 673 gerula

158 682 283 720 Maria
314 683 582 720 sacratissima.

91 797 128 835 2.
160 797 266 834 Anus
297 799 421 833 aetate
451 796 621 833 marcida

158 852 284 890 Prolis
316 857 438 900 gestat
468 853 622 899 solacia,

979 684 1126 721 Cedens
1158 684 1229 721 Dei
1263 685 1456 722 miraculo.

934 825 942 834 .
976 796 1122 834 Salutat
1153 801 1273 833 mater
1303 797 1455 834 Domini

974 854 1138 890 Matrem
1170 853 1267 890 vatis
1299 853 1461 900 mirifici,

975 911 1026 947 Et
1057 915 1161 947 vates
1194 921 1275 946 cum
1308 911 1510 956 praeconio

975 967 1119 1004 Reddit
1149 967 1289 1003 salutes
1322 967 1496 1006 Domino.

159 909 322 946 Tument
351 909 399 946 ad
431 914 581 956 partum
613 909 738 956 gelida

159 965 410 1004 Grandaevae
441 967 573 1004 matris
605 967 762 1004 viscera.

497 1082 534 1118 5.
568 1079 783 1116 Laudemus
815 1083 852 1116 et
882 1090 950 1116 nos
982 1079 1199 1128 Dominum,

568 1136 719 1173 Patrem
751 1141 788 1172 et
818 1136 939 1183 patris
971 1135 1101 1185 filium,

565 1192 744 1230 Sanctum
775 1204 921 1240 quoque
952 1194 1178 1240 paraclitum

567 1249 677 1286 Nunc
707 1253 744 1286 et
774 1260 844 1297 per
874 1261 982 1286 omne
1013 1250 1217 1289 saeculum.

135 1361 209 1393 Fol.
238 1358 340 1393 153a.
369 1363 550 1403 „Hymnus
576 1361 619 1393 ad
645 1360 942 1404 completorium.“

376 1517 457 1554 405.
493 1518 574 1561 (17.)
608 1518 655 1553 In
679 1518 787 1554 festo
816 1518 857 1555 S.
884 1518 1039 1554 Mariae
1065 1518 1115 1553 ad
1140 1518 1272 1554 Nives.

695 1589 748 1621 Ad
773 1590 956 1631 Vesperas.

903 1693 942 1732 4.
975 1692 1091 1731 Cuius
1122 1693 1194 1730 rite
1224 1692 1383 1740 imperio

975 1750 1120 1788 Cuncta
1150 1749 1364 1787 subduntur
1395 1750 1510 1800 entia,

974 1807 1018 1843 In
1049 1807 1162 1843 terris
1193 1807 1264 1843 sibi
1296 1806 1449 1843 subdito

975 1864 1113 1901 Plastis
1144 1863 1437 1911 magnificentia.

89 1691 127 1731 1.
159 1691 236 1730 Cur
266 1691 500 1739 obstupescit
531 1692 676 1730 animus

158 1748 201 1785 In
231 1752 318 1786 actu
348 1750 577 1799 admirabili,

157 1805 226 1852 Qui
256 1805 400 1853 geritur
431 1807 612 1843 divinitus

159 1861 235 1899 Pro
265 1867 385 1900 matre
416 1863 654 1901 venerabili?

90 1975 127 2014 2.
159 1975 257 2015 Solis
288 1980 414 2014 aestus
445 1977 508 2024 qui
540 1976 709 2014 fervidos
902 1979 937 2015 5.
969 1977 1040 2023 Qui
1070 1977 1202 2013 matris
1233 1977 1282 2014 ad
1313 1976 1532 2014 instantiam

156 2032 294 2070 Miscet
323 2034 442 2080 algori
474 2033 628 2083 frigido,
973 2034 1038 2073 Uti
1072 2044 1151 2070 eam
1185 2032 1354 2070 efficiens

156 2089 350 2127 Adversas
380 2091 492 2128 simul
523 2092 681 2140 species,
972 2090 1149 2128 Convivis
1181 2090 1308 2127 reddit
1340 2090 1512 2141 gratiam,

161 2145 311 2194 Cauma,
342 2147 448 2184 nives
480 2153 517 2184 et
547 2148 700 2195 glacies.
969 2147 1029 2184 Ex
1061 2158 1158 2194 aqua
1188 2147 1315 2184 vinum
1346 2145 1503 2186 faciens.

89 2258 127 2299 3.
158 2258 344 2297 Nimirum
375 2261 446 2298 hoc
477 2260 630 2298 efficere
902 2261 937 2298 6.
971 2260 1182 2297 Theotocos
1213 2260 1392 2307 propitia,

158 2316 287 2353 Potest
317 2318 451 2354 summi
481 2317 629 2364 opificis
971 2317 1129 2354 Naturis
1160 2328 1255 2364 quae
1286 2318 1340 2354 sic
1370 2317 1549 2365 imperas,

157 2371 306 2412 Intacta
333 2378 454 2412 mater
483 2374 628 2421 gratiae
973 2403 1551 2414 .........

159 2429 344 2476 Operibus
375 2430 556 2476 mirificis,
975 2460 1550 2471 .........

497 2547 532 2584 7.
566 2545 739 2583 Genitori
770 2548 807 2583 et
837 2545 963 2593 genito

564 2603 621 2640 Ac
650 2602 846 2649 utriusque
876 2600 1019 2639 flamini

562 2659 695 2696 Honor
726 2663 761 2695 et
795 2658 1022 2704 benedictio,

560 2716 632 2763 Qui
662 2715 901 2753 obumbravit
932 2714 1081 2762 virgini.

138 2823 209 2855 Fol.
237 2823 339 2859 153a.
366 2827 473 2868 „Item
497 2828 619 2870 hymni
636 2828 678 2860 de
695 2829 781 2860 festo
800 2828 949 2860 Sanctae
965 2827 1100 2858 Mariae
1118 2827 1231 2857 Nivis.
1272 2824 1323 2856 Ad
1342 2822 1539 2866 vesperas.“
1560 2842 1601 2848 —-

47 2861 85 2905 2,
108 2864 130 2900 3
153 2869 335 2903 Adversae.
362 2890 404 2895 --
430 2871 470 2912 3,
494 2871 515 2905 2
539 2874 660 2905 Potest
683 2884 783 2905 suum
809 2872 954 2915 opificis.
980 2889 1024 2893 —-
1049 2870 1079 2910 6,
1104 2869 1124 2903 3
1150 2870 1220 2902 und
1243 2867 1265 2901 4
1290 2870 1367 2901 sind
1394 2870 1501 2902 leider
1525 2870 1603 2902 dem

48 2909 228 2946 schreiber
260 2917 295 2947 in
327 2917 387 2949 der
410 2919 520 2951 Feder
551 2919 736 2962 geblieben
761 2919 831 2950 und
855 2917 962 2950 daher
987 2917 1078 2949 wohl
1104 2918 1161 2948 ein
1185 2917 1239 2947 fiir
1263 2916 1404 2947 allemal
1429 2916 1599 2948 verloren.

115 2970 276 3007 Dreves,
303 2975 551 3013 Hymnographi
570 2977 690 3004 Latini.
727 2979 751 3004 1.
1353 2970 1397 3003 28
