2031 3289
291 313 357 349 3a.

290 694 362 731 4a.

289 1077 359 1113 5a.

288 1687 357 1723 6a.

290 2236 360 2275 72.

291 2453 364 2490 8a.

916 197 1228 238 —314—

393 310 460 356 Te,
492 311 643 357 plenam
676 309 750 347 fide

402 367 547 413 virgam
576 367 698 404 almae
727 366 858 414 stirpis
888 368 1004 417 Iesse,

402 423 632 460 nascituram

401 479 550 525 priores

404 535 721 572 desideraverant

403 595 532 638 patres
564 596 601 628 et
631 591 857 640 prophetae.

400 692 457 729 Tu
488 703 624 738 agnum
656 702 794 740 regem,

402 752 529 784 terrae
562 749 847 794 dominatorem,

401 804 600 841 Moabitici

403 860 450 898 de
478 866 590 907 petra
621 860 761 897 deserti

401 918 450 954 ad
481 921 646 954 montem
669 916 772 953 filiae
800 916 890 954 Sion

405 973 670 1012 transduxisti.

395 1074 496 1112 Hinc
526 1074 692 1122 gentium

398 1142 467 1168 nos
497 1131 680 1178 reliquiae

400 1193 487 1224 tuae
516 1187 585 1224 sub
618 1188 721 1224 cultu
751 1187 966 1232 memoriae,

398 1244 533 1281 mirum
564 1244 603 1281 in
635 1243 784 1280 modum

399 1311 506 1347 quem
539 1311 578 1337 es
609 1301 732 1347 enixa,

399 1357 681 1405 propitiationis
713 1367 863 1404 agnum,

402 1418 622 1461 regnantem
654 1413 758 1451 caelo

400 1470 657 1516 aeternaliter,

402 1527 627 1563 devocamus
658 1526 706 1563 ad
739 1537 842 1563 aram

403 1583 645 1620 mactandum
676 1583 959 1630 mysterialiter.

393 1685 472 1722 Fac
502 1683 643 1722 fontem
677 1685 836 1734 dulcem,

399 1752 508 1787 quem
535 1742 574 1778 in
607 1742 757 1778 deserto

399 1801 509 1844 petra
538 1798 868 1847 praemonstravit,

399 1854 600 1901 degustare

397 1920 480 1947 cum
510 1911 658 1948 sincera
688 1910 764 1948 fide

396 1977 580 2014 renesque
612 1967 817 2014 constringi

399 2024 497 2060 lotos
527 2025 566 2060 in
598 2025 704 2071 mari,

396 2091 554 2127 anguem
586 2091 743 2117 aeneum
774 2081 812 2117 in
845 2091 956 2117 cruce

397 2137 600 2183 speculari.

392 2237 496 2274 Audi
526 2248 608 2282 nos,

393 2305 480 2331 nam
510 2298 548 2330 te
578 2293 678 2330 filius

394 2350 490 2387 nihil
520 2361 661 2397 negans
692 2351 865 2390 honorat.

397 2451 457 2489 Da
489 2450 630 2489 fontem
662 2452 751 2489 boni
782 2453 917 2499 visere,

401 2509 448 2545 da
480 2520 598 2555 purae
628 2510 765 2546 mentis
795 2509 922 2546 oculos

399 2565 435 2601 in
468 2571 505 2602 te
537 2564 714 2613 defigere,

1104 309 1177 351 310.

1106 692 1177 731 4b.

1104 1074 1178 1114 5b.

1100 1685 1174 1724 6b.

1111 2237 1181 2277 7b.

1110 2452 1178 2490 8b.

1214 311 1280 360 Te,
1313 310 1455 358 lignum
1485 311 1597 360 vitae,

1217 372 1347 404 sancto
1378 373 1531 405 rorante
1561 372 1765 414 pneumate

1216 423 1426 470 parituram

1221 479 1340 517 divini
1447 522 1456 529 ,

1218 534 1322 572 floris
1353 535 1593 583 amygdalum

1219 592 1383 638 signavit
1413 591 1584 629 Gabriel.

1215 692 1346 739 Tuque
1376 691 1563 730 furentem

1218 748 1428 785 Leviathan
1461 752 1674 795 serpentem

1217 810 1500 851 tortuosumque

1219 865 1255 898 et
1287 866 1430 898 vectem
1463 861 1646 898 collidens

1221 918 1401 955 damnoso
1433 918 1590 955 crimine
1619 917 1799 955 mundum

1221 974 1406 1014 exemisti.

1217 1075 1320 1112 Hinc
1349 1086 1486 1112 manna
1516 1085 1645 1113 verum

1216 1131 1399 1168 Israelitis

1213 1188 1325 1236 veris,
1359 1188 1438 1225 veri
1469 1187 1650 1226 Abrahae
1677 1187 1778 1238 filiis,

1214 1244 1506 1289 admirantibus,

1214 1301 1404 1348 quondam
1435 1300 1560 1348 Moysi

1215 1358 1314 1404 quod
1328 1362 1441 1406 typus
1451 1356 1652 1405 figurabat,
1665 1358 1738 1395 iam
1745 1368 1845 1395 nunc

1215 1414 1380 1451 abducto
1411 1414 1494 1451 velo

1219 1471 1331 1508 datur
1361 1470 1553 1519 perspici3

1215 1538 1294 1575 ora,
1327 1527 1445 1573 virgo,
1478 1537 1545 1563 nos
1578 1526 1643 1564 illo

1216 1594 1313 1630 pane
1345 1584 1442 1620 caeli
1473 1583 1607 1630 dignos
1640 1581 1755 1621 effici.

1211 1685 1290 1722 Fac
1321 1685 1398 1731 igni
1429 1689 1559 1722 sancto

1212 1742 1406 1788 patrisque
1437 1741 1566 1786 verbo,

1212 1798 1310 1844 quod
1344 1798 1459 1835 rubus
1489 1803 1531 1835 ut
1561 1797 1712 1836 flamma

1212 1858 1253 1891 tu
1282 1855 1457 1904 portasti,

1214 1911 1319 1958 virgo
1349 1915 1471 1948 mater
1501 1909 1615 1956 facta,

1214 1968 1363 2014 pecuali
1394 1967 1495 2015 pelle

1215 2024 1419 2061 discinctos
1451 2025 1549 2070 pede

1211 2081 1361 2118 mundis
1391 2081 1502 2117 labiis
1533 2080 1723 2127 cordeque

1211 2138 1482 2184 propinquare.

1216 2238 1327 2275 Salva
1358 2249 1437 2288 nos,

1214 2295 1311 2340 Iesu,
1343 2306 1412 2343 pro
1443 2295 1579 2342 quibus

1212 2356 1332 2388 mater
1362 2351 1468 2400 virgo
1498 2356 1536 2389 te
1566 2355 1662 2390 orat.

1212 2454 1291 2500 Quo
1321 2454 1454 2490 haustu
1485 2453 1696 2501 sapientiae

1213 2521 1386 2556 saporem
1420 2510 1518 2547 vitae
1551 2510 1677 2547 valeat

1212 2577 1317 2603 mens
1348 2567 1582 2613 intellegere,

761 2679 800 2721 9.
834 2678 1113 2716 Christianismi
1145 2678 1259 2716 fidem

838 2734 1016 2781 operibus
1049 2735 1227 2772 redimire

838 2791 1023 2839 beatoque
1053 2791 1127 2829 fine

832 2859 877 2885 ex
909 2848 1019 2884 huius
1049 2848 1215 2886 incolatu
1245 2849 1395 2896 saeculi,

835 2909 979 2954 auctor,
1012 2904 1060 2941 ad
1092 2909 1130 2942 te
1160 2905 1335 2945 transire.
