2031 3289
0 1167 6 1257 l

0 1259 5 1366 ξ

983 206 1290 270 —aasft

376 318 442 355 34.
476 312 525 356 In
546 314 748 370 spiritum
766 317 960 357 sanctum
976 319 1101 369 credo,

369 1087 434 1125 35.

367 1862 434 1899 36.

368 2630 435 2668 37.

475 373 582 410 Licet
615 373 702 410 faex
732 374 800 409 sim
832 381 870 410 et
900 375 1061 420 putredo

527 429 577 466 Et
612 430 696 465 vilis
728 440 813 467 esca
843 431 1038 478 vermium,

473 486 559 531 Ipse
592 485 712 531 patris
744 491 801 522 est
833 486 993 524 dulcedo

469 541 633 588 Filiique
663 552 708 578 ac
736 542 908 579 mulcedo

530 597 579 634 Et
612 598 826 635 consolator
857 599 1039 648 cordium,

471 653 608 690 Dicere
638 659 783 700 potest:
817 656 980 692 omnium

475 709 626 747 Artifex
658 721 740 746 sum
771 721 840 757 per
870 712 1078 760 proprium,

527 767 639 803 Patre
670 771 830 813 natoque
861 769 1038 813 procedo,

469 822 619 868 Digitus
651 834 731 859 sum
764 824 983 873 errantium,

469 877 599 915 Tertia
629 890 791 924 persona
821 880 946 928 trium⁷

524 935 738 971 Procedens
749 947 936 982 nunquam
948 938 1098 975 recedo.

470 1083 671 1126 Sanctam
702 1084 929 1128 eeclesiam
962 1089 1034 1125 Dei

469 1143 595 1181 Credo
627 1154 708 1180 esse
737 1150 897 1181 matrem
929 1146 1000 1182 mei

525 1199 826 1247 Cunctorumque
855 1201 1047 1250 fidelium3

469 1256 540 1301 Qui
573 1258 853 1294 contrariantur
883 1259 928 1300 ei„

469 1311 576 1349 Facti
609 1318 697 1349 sunt
726 1314 875 1351 omnino
907 1315 974 1360 rei,

522 1369 606 1406 Erit
638 1370 690 1406 eis
722 1371 990 1416 opprobrium3

467 1426 541 1462 Pro
572 1426 643 1462 hac
663 1427 852 1472 quondam
874 1427 1097 1474 martyrium

467 1482 576 1520 Passi
606 1489 691 1518 sunt
723 1489 759 1519 et
791 1485 1019 1530 supplicium

523 1538 618 1575 Boni
649 1540 815 1576 athletae
846 1540 955 1590 fidei3

468 1594 711 1632 Cruentatum
742 1597 942 1645 vestigium

465 1651 515 1688 Et
546 1651 677 1699 Roma,
711 1657 825 1699 caput
855 1654 1034 1702 gentium.

523 1707 654 1744 Testes
688 1708 779 1746 fiunt
811 1710 919 1747 liuius
950 1711 1019 1748 rei.

468 1857 733 1900 Catholieam
766 1862 862 1898 hanc
893 1863 1043 1901 clamito

467 1917 517 1954 Et
549 1917 727 1954 refertam
761 1920 926 1965 recogito

524 1973 674 2019 Septem
707 1976 995 2013 medicinalibus

466 2030 667 2067 Distinctis
698 2033 805 2077 quasi
838 2033 954 2079 digito

466 2087 530 2124 Ad
562 2089 854 2124 succurrendum
886 2090 1038 2135 perdito

524 2144 567 2180 In
611 2144 800 2180 distinctis
831 2145 1097 2196 languoribus3

473 2201 637 2237 Primum
669 2201 914 2246 originalibus

469 2257 661 2294 Medelam
693 2257 839 2294 confert
870 2260 1052 2309 omnibus,

522 2313 620 2356 Alia,
653 2324 747 2360 quae
779 2325 851 2350 non
883 2315 1039 2361 haesito,

466 2370 568 2407 Dant
601 2370 761 2406 diversis
793 2372 1029 2417 respectibus

467 2426 603 2464 Curam
635 2426 920 2464 infirmitatibus

524 2484 682 2520 Servate
713 2485 823 2520 modo
856 2485 996 2525 debito.

469 2626 722 2669 Sanctorum
759 2628 1095 2671 communionem

467 2686 515 2722 Et
548 2686 858 2732 glorificationem

524 2741 566 2778 In
598 2743 752 2779 caelesti
783 2743 943 2780 ecclesia

468 2799 592 2836 Credo
624 2810 693 2845 per
723 2801 969 2836 assertionem

468 2854 517 2891 Et
549 2866 617 2901 per
647 2855 936 2893 affirmationem

524 2912 659 2949 Omnes
690 2913 853 2949 adorans
885 2913 1000 2961 dulia,

1185 749 1251 786 38.

1181 1521 1247 1561 39.

1183 2296 1248 2333 40.

1284 322 1444 368 Aliquos
1474 321 1703 368 hyperdulia

1288 377 1489 423 Solumque
1523 378 1640 415 Deum
1671 380 1785 418 latria¹

1344 434 1522 470 Ponendo
1554 434 1844 484 distinctionem,

1287 490 1387 528 Satis
1419 500 1575 536 sperans
1609 492 1655 527 de
1687 494 1808 538 venia,

1285 545 1325 584 Si
1358 557 1426 582 sua
1455 547 1668 592 patrocinia

1339 603 1412 639 Pro
1422 612 1480 638 me
1491 607 1682 648 praestent
1693 605 1915 646 cautionem.

1284 743 1592 788 Remissionem
1626 747 1706 785 fieri

1284 805 1542 852 Peccatorum,
1575 810 1614 841 ut
1646 806 1815 855 repperi,

1341 860 1464 898 Credo
1494 871 1563 907 per
1594 863 1876 913 paenitentiam,

1285 917 1358 953 Per
1388 917 1558 954 Naaman
1591 918 1661 954 hoc
1691 919 1840 966 suggeri

1282 974 1326 1010 In
1357 984 1448 1019 agro
1479 984 1604 1020 regum
1639 975 1758 1011 veteri

1339 1029 1434 1066 Dico
1465 1030 1513 1066 ad
1545 1031 1786 1080 evidentiam,

1281 1086 1378 1123 Nam
1411 1085 1507 1122 sicut
1538 1086 1600 1122 hic
1630 1088 1855 1125 munditiam

1283 1143 1325 1179 In
1359 1143 1465 1188 aquis
1497 1147 1533 1178 et
1565 1143 1770 1181 carentiam

1339 1199 1487 1247 Leprae
1517 1204 1556 1235 ut
1588 1209 1675 1237 caro
1705 1201 1813 1246 pueri

1281 1255 1452 1301 Recepit,
1485 1255 1539 1291 sic
1573 1266 1641 1301 per
1670 1257 1830 1303 gratiam

1279 1312 1480 1350 Paenitens
1511 1314 1783 1350 revertentiam

1336 1368 1462 1405 Habet
1492 1379 1513 1404 a
1544 1373 1654 1414 porta
1685 1368 1816 1408 inferi.

1280 1517 1562 1561 Peccator-um
1594 1523 1648 1558 sic
1679 1523 1844 1560 maculas

1278 1578 1330 1615 Et
1360 1578 1551 1624 spiritales
1582 1579 1755 1625 pustulas

1336 1635 1476 1671 Assero
1508 1635 1712 1681 purificari,

1279 1690 1405 1728 Aliter
1436 1691 1503 1727 has
1533 1697 1571 1727 ut
1604 1692 1765 1738 stipulas

1279 1748 1340 1784 Ad
1373 1746 1577 1784 infernales
1609 1747 1753 1785 faculas

1338 1804 1474 1841 Omnes
1507 1804 1591 1840 dico
1625 1805 1821 1851 destinari,

1281 1861 1504 1896 Perenniter
1536 1861 1602 1897 has
1634 1862 1778 1898 versari

1281 1918 1322 1954 In
1355 1917 1523 1962 gehenna
1556 1922 1592 1953 et
1624 1918 1783 1954 cremari

1338 1974 1391 2012 Ut
1421 1973 1613 2019 spinarum
1645 1974 1867 2022 sarcinulas,

1282 2029 1342 2066 Ex
1375 2030 1467 2076 ipsis
1499 2041 1644 2077 quoque
1676 2031 1802 2076 parari

1283 2086 1407 2132 HostL
1440 2087 1503 2132 qui
1525 2097 1711 2133 nunquam
1735 2086 1912 2133 praedari

1340 2142 1435 2178 Sinit
1467 2143 1778 2182 sorbiciuncula-S.

1282 2291 1432 2334 Carnis
1463 2293 1834 2335 resurrectionem

1280 2352 1406 2397 Atque
1439 2353 1779 2389 reconiunctionem

1339 2408 1602 2445 luncturarum
1634 2414 1669 2445 et
1701 2409 1839 2446 ossium

1283 2462 1372 2500 Post
1406 2464 1504 2501 vitae
1525 2466 1752 2502 ·reunionem

1281 2521 1342 2558 Ad
1376 2521 1609 2558 reddendam
1641 2522 1824 2558 rationem

1339 2577 1479 2613 Fateor
1509 2578 1558 2615 ad
1589 2578 1780 2623 indit-imm

1280 2634 1342 2670 Ad
1374 2636 1675 2681 consequendum
1703 2634 1912 2682 praemium

1282 2691 1356 2727 l'er
1386 2697 1508 2726 actum
1541 2691 1772 2727 meritorium

1339 2749 1463 2793 Atque
1495 2748 1780 2786 retributionem

1281 2802 1506 2840 Habendum
1541 2804 1599 2841 vel
1629 2803 1856 2850 supplicium

1283 2860 1356 2897 Per
1387 2861 1622 2897 commissum
1656 2859 1885 2897 contrarium

1338 2917 1463 2962 Atque
1496 2917 1855 2954 condemnationem.
