<?xml version="1.0" encoding="UTF-8"?>
<!DOCTYPE html PUBLIC "-//W3C//DTD XHTML 1.0 Transitional//EN"
    "http://www.w3.org/TR/xhtml1/DTD/xhtml1-transitional.dtd">
<html xmlns="http://www.w3.org/1999/xhtml" xml:lang="en" lang="en">
 <head>
  <title>
</title>
<meta http-equiv="Content-Type" content="text/html;charset=utf-8" />
  <meta name='ocr-system' content='tesseract 3.04.00' />
  <meta name='ocr-capabilities' content='ocr_page ocr_carea ocr_par ocr_line ocrx_word'/>
</head>
<body>
  <div class='ocr_page' id='page_1' title='image "./hymnographilatin01drevuoft_0783.png"; bbox 0 0 1914 3223; ppageno 0'>
   <div class='ocr_carea' id='block_1_1' title="bbox 148 791 184 830">
    <p class='ocr_par' dir='ltr' id='par_1_1' title="bbox 148 791 184 830">
     <span class='ocr_line' id='line_1_1' title="bbox 148 791 184 830; textangle 90"><span class='ocrx_word' id='word_1_1' title='bbox 148 791 184 830; x_wconf 47' lang='lat' dir='ltr'>‘m</span> 
     </span>
    </p>
   </div>
   <div class='ocr_carea' id='block_1_2' title="bbox 846 132 927 173">
    <p class='ocr_par' dir='ltr' id='par_1_2' title="bbox 846 132 927 173">
     <span class='ocr_line' id='line_1_2' title="bbox 846 132 927 173; baseline 0.012 -1"><span class='ocrx_word' id='word_1_2' title='bbox 846 132 927 173; x_wconf 79' lang='lat'>225</span> 
     </span>
    </p>
   </div>
   <div class='ocr_carea' id='block_1_3' title="bbox 410 274 1357 321">
    <p class='ocr_par' dir='ltr' id='par_1_3' title="bbox 410 274 1357 321">
     <span class='ocr_line' id='line_1_3' title="bbox 410 274 1357 321; baseline 0.002 -11"><span class='ocrx_word' id='word_1_3' title='bbox 410 276 490 312; x_wconf 66' lang='lat'>120.</span> <span class='ocrx_word' id='word_1_4' title='bbox 525 277 583 317; x_wconf 83' lang='lat'>(5.)</span> <span class='ocrx_word' id='word_1_5' title='bbox 619 277 768 313; x_wconf 80' lang='lat' dir='ltr'>Versus</span> <span class='ocrx_word' id='word_1_6' title='bbox 793 277 840 312; x_wconf 88' lang='lat' dir='ltr'>de</span> <span class='ocrx_word' id='word_1_7' title='bbox 866 277 1037 312; x_wconf 72' lang='lat' dir='ltr'>Ploratu</span> <span class='ocrx_word' id='word_1_8' title='bbox 1065 274 1357 321; x_wconf 79' lang='lat' dir='ltr'>paenitentiae.</span> 
     </span>
    </p>
   </div>
   <div class='ocr_carea' id='block_1_4' title="bbox 217 359 815 745">
    <p class='ocr_par' dir='ltr' id='par_1_4' title="bbox 217 359 815 745">
     <span class='ocr_line' id='line_1_4' title="bbox 218 359 556 403; baseline -0.006 -6"><span class='ocrx_word' id='word_1_9' title='bbox 218 359 248 397; x_wconf 92' lang='grc' dir='ltr'><strong>Ο</strong></span> <span class='ocrx_word' id='word_1_10' title='bbox 280 359 397 403; x_wconf 85' lang='lat' dir='ltr'>Deus,</span> <span class='ocrx_word' id='word_1_11' title='bbox 429 359 556 395; x_wconf 84' lang='lat' dir='ltr'>miseri</span> 
     </span>
     <span class='ocr_line' id='line_1_5' title="bbox 275 416 599 454; baseline 0.003 -2"><span class='ocrx_word' id='word_1_12' title='bbox 275 416 454 452; x_wconf 87' lang='lat' dir='ltr'>miserere</span> <span class='ocrx_word' id='word_1_13' title='bbox 486 416 599 454; x_wconf 88' lang='lat' dir='ltr'>servi.</span> 
     </span>
     <span class='ocr_line' id='line_1_6' title="bbox 218 472 774 518; baseline -0.004 -8"><span class='ocrx_word' id='word_1_14' title='bbox 218 472 277 510; x_wconf 88' lang='lat' dir='ltr'>Ex</span> <span class='ocrx_word' id='word_1_15' title='bbox 309 482 382 518; x_wconf 92' lang='lat' dir='ltr'>quo</span> <span class='ocrx_word' id='word_1_16' title='bbox 414 472 512 509; x_wconf 88' lang='lat' dir='ltr'>enim</span> <span class='ocrx_word' id='word_1_17' title='bbox 544 483 602 509; x_wconf 90' lang='lat' dir='ltr'>me</span> <span class='ocrx_word' id='word_1_18' title='bbox 631 472 774 509; x_wconf 89' lang='lat' dir='ltr'>iussisti</span> 
     </span>
     <span class='ocr_line' id='line_1_7' title="bbox 275 529 815 577; baseline 0 -11"><span class='ocrx_word' id='word_1_19' title='bbox 275 529 387 566; x_wconf 88' lang='lat' dir='ltr'>Hunc</span> <span class='ocrx_word' id='word_1_20' title='bbox 417 529 454 565; x_wconf 90' lang='lat' dir='ltr'>in</span> <span class='ocrx_word' id='word_1_21' title='bbox 487 529 666 566; x_wconf 91' lang='lat' dir='ltr'>mundum</span> <span class='ocrx_word' id='word_1_22' title='bbox 698 529 815 577; x_wconf 85' lang='lat' dir='ltr'>nasci,</span> 
     </span>
     <span class='ocr_line' id='line_1_8' title="bbox 217 585 746 632; baseline 0 -9"><span class='ocrx_word' id='word_1_23' title='bbox 217 586 315 624; x_wconf 85' lang='lat' dir='ltr'>Prae</span> <span class='ocrx_word' id='word_1_24' title='bbox 346 585 492 622; x_wconf 88' lang='lat' dir='ltr'>cunctis</span> <span class='ocrx_word' id='word_1_25' title='bbox 525 595 592 632; x_wconf 87' lang='lat' dir='ltr'>ego</span> <span class='ocrx_word' id='word_1_26' title='bbox 623 586 746 623; x_wconf 84' lang='lat' dir='ltr'>amavi</span> 
     </span>
     <span class='ocr_line' id='line_1_9' title="bbox 247 642 571 688; baseline 0 -9"><span class='ocrx_word' id='word_1_27' title='bbox 247 642 424 679; x_wconf 83' lang='lat' dir='ltr'>Vanitate</span> <span class='ocrx_word' id='word_1_28' title='bbox 453 642 571 688; x_wconf 82' lang='lat' dir='ltr'>pasci.</span> 
     </span>
     <span class='ocr_line' id='line_1_10' title="bbox 217 698 742 745; baseline 0.002 -10"><span class='ocrx_word' id='word_1_29' title='bbox 217 698 315 743; x_wconf 85' lang='lat' dir='ltr'>Heu,</span> <span class='ocrx_word' id='word_1_30' title='bbox 349 698 440 745; x_wconf 88' lang='lat' dir='ltr'>quid</span> <span class='ocrx_word' id='word_1_31' title='bbox 472 698 598 735; x_wconf 88' lang='lat' dir='ltr'>evenit</span> <span class='ocrx_word' id='word_1_32' title='bbox 630 699 742 736; x_wconf 77' lang='lat' dir='ltr'>milii!</span> 
     </span>
    </p>
   </div>
   <div class='ocr_carea' id='block_1_5' title="bbox 217 789 754 1179">
    <p class='ocr_par' dir='ltr' id='par_1_5' title="bbox 219 789 597 885">
     <span class='ocr_line' id='line_1_11' title="bbox 219 789 556 828; baseline -0.009 -1"><span class='ocrx_word' id='word_1_33' title='bbox 219 789 248 827; x_wconf 94' lang='grc' dir='ltr'>Ο</span> <span class='ocrx_word' id='word_1_34' title='bbox 278 789 393 828; x_wconf 83' lang='lat' dir='ltr'>Deus.</span> <span class='ocrx_word' id='word_1_35' title='bbox 428 789 556 825; x_wconf 86' lang='lat' dir='ltr'>miseri</span> 
     </span>
     <span class='ocr_line' id='line_1_12' title="bbox 274 845 597 885; baseline 0.006 -4"><span class='ocrx_word' id='word_1_36' title='bbox 274 846 455 882; x_wconf 87' lang='lat' dir='ltr'>miserere</span> <span class='ocrx_word' id='word_1_37' title='bbox 484 845 597 885; x_wconf 87' lang='lat' dir='ltr'>servi.</span> 
     </span>
    </p>

    <p class='ocr_par' dir='ltr' id='par_1_6' title="bbox 217 900 754 1004">
     <span class='ocr_line' id='line_1_13' title="bbox 217 900 754 951; baseline -0.004 -11"><span class='ocrx_word' id='word_1_38' title='bbox 217 903 275 940; x_wconf 93' lang='lat' dir='ltr'>Tu</span> <span class='ocrx_word' id='word_1_39' title='bbox 306 913 378 951; x_wconf 84' lang='lat' dir='ltr'>me,</span> <span class='ocrx_word' id='word_1_40' title='bbox 411 902 584 948; x_wconf 78' lang='lat' dir='ltr'>Domine,</span> <span class='ocrx_word' id='word_1_41' title='bbox 618 900 754 951; x_wconf 81' lang='lat' dir='ltr'>fecisti,</span> 
     </span>
     <span class='ocr_line' id='line_1_14' title="bbox 273 958 664 1004; baseline -0.003 -7"><span class='ocrx_word' id='word_1_42' title='bbox 273 958 325 997; x_wconf 92' lang='lat' dir='ltr'>Ut</span> <span class='ocrx_word' id='word_1_43' title='bbox 357 959 540 996; x_wconf 88' lang='lat' dir='ltr'>servirem</span> <span class='ocrx_word' id='word_1_44' title='bbox 570 959 664 1004; x_wconf 81' lang='lat' dir='ltr'>tibi;</span> 
     </span>
    </p>

    <p class='ocr_par' dir='ltr' id='par_1_7' title="bbox 219 1015 675 1119">
     <span class='ocr_line' id='line_1_15' title="bbox 219 1015 675 1062; baseline 0 -9"><span class='ocrx_word' id='word_1_45' title='bbox 219 1015 301 1062; x_wconf 86' lang='lat' dir='ltr'>Ego</span> <span class='ocrx_word' id='word_1_46' title='bbox 332 1016 448 1052; x_wconf 88' lang='lat' dir='ltr'>miser</span> <span class='ocrx_word' id='word_1_47' title='bbox 478 1020 515 1052; x_wconf 89' lang='lat' dir='ltr'>te</span> <span class='ocrx_word' id='word_1_48' title='bbox 549 1015 675 1053; x_wconf 87' lang='lat' dir='ltr'>dimisi</span> 
     </span>
     <span class='ocr_line' id='line_1_16' title="bbox 274 1072 613 1119; baseline 0.003 -11"><span class='ocrx_word' id='word_1_49' title='bbox 274 1072 326 1109; x_wconf 87' lang='lat' dir='ltr'>Et</span> <span class='ocrx_word' id='word_1_50' title='bbox 357 1072 467 1119; x_wconf 87' lang='lat' dir='ltr'>longe</span> <span class='ocrx_word' id='word_1_51' title='bbox 498 1072 613 1113; x_wconf 85' lang='lat' dir='ltr'>abivi.</span> 
     </span>
    </p>

    <p class='ocr_par' dir='ltr' id='par_1_8' title="bbox 218 1129 738 1179">
     <span class='ocr_line' id='line_1_17' title="bbox 218 1129 738 1179; baseline -0.002 -13"><span class='ocrx_word' id='word_1_52' title='bbox 218 1129 313 1179; x_wconf 89' lang='lat' dir='ltr'>Heu,</span> <span class='ocrx_word' id='word_1_53' title='bbox 346 1129 438 1175; x_wconf 89' lang='lat' dir='ltr'>quid</span> <span class='ocrx_word' id='word_1_54' title='bbox 468 1129 593 1166; x_wconf 90' lang='lat' dir='ltr'>evenit</span> <span class='ocrx_word' id='word_1_55' title='bbox 625 1129 738 1167; x_wconf 83' lang='lat' dir='ltr'>mihi!</span> 
     </span>
    </p>
   </div>
   <div class='ocr_carea' id='block_1_6' title="bbox 176 1219 555 1267">
    <p class='ocr_par' dir='ltr' id='par_1_9' title="bbox 176 1219 555 1267">
     <span class='ocr_line' id='line_1_18' title="bbox 176 1219 555 1267; baseline -0.005 -9"><span class='ocrx_word' id='word_1_56' title='bbox 176 1250 184 1258; x_wconf 95' lang='lat'>.</span> <span class='ocrx_word' id='word_1_57' title='bbox 217 1220 247 1257; x_wconf 95' lang='grc' dir='ltr'><strong>Ο</strong></span> <span class='ocrx_word' id='word_1_58' title='bbox 280 1219 395 1267; x_wconf 79' lang='lat' dir='ltr'>Deus,</span> <span class='ocrx_word' id='word_1_59' title='bbox 427 1220 555 1257; x_wconf 87' lang='lat' dir='ltr'>miseri</span> 
     </span>
    </p>
   </div>
   <div class='ocr_carea' id='block_1_7' title="bbox 214 1277 768 1606">
    <p class='ocr_par' dir='ltr' id='par_1_10' title="bbox 273 1277 598 1315">
     <span class='ocr_line' id='line_1_19' title="bbox 273 1277 598 1315; baseline 0.006 -3"><span class='ocrx_word' id='word_1_60' title='bbox 273 1277 454 1313; x_wconf 83' lang='lat' dir='ltr'>miserere</span> <span class='ocrx_word' id='word_1_61' title='bbox 485 1277 598 1315; x_wconf 85' lang='lat' dir='ltr'>servi.</span> 
     </span>
    </p>

    <p class='ocr_par' dir='ltr' id='par_1_11' title="bbox 215 1333 768 1437">
     <span class='ocr_line' id='line_1_20' title="bbox 215 1333 768 1380; baseline 0 -10"><span class='ocrx_word' id='word_1_62' title='bbox 215 1333 272 1370; x_wconf 92' lang='lat' dir='ltr'>Tu</span> <span class='ocrx_word' id='word_1_63' title='bbox 303 1343 362 1369; x_wconf 89' lang='lat' dir='ltr'>me</span> <span class='ocrx_word' id='word_1_64' title='bbox 393 1344 541 1380; x_wconf 88' lang='lat' dir='ltr'>quoque</span> <span class='ocrx_word' id='word_1_65' title='bbox 572 1333 768 1370; x_wconf 83' lang='lat' dir='ltr'>redemisti</span> 
     </span>
     <span class='ocr_line' id='line_1_21' title="bbox 272 1389 621 1437; baseline -0.003 -10"><span class='ocrx_word' id='word_1_66' title='bbox 272 1389 330 1427; x_wconf 85' lang='lat' dir='ltr'>De</span> <span class='ocrx_word' id='word_1_67' title='bbox 361 1390 447 1437; x_wconf 90' lang='lat' dir='ltr'>iugo</span> <span class='ocrx_word' id='word_1_68' title='bbox 478 1390 621 1434; x_wconf 88' lang='lat' dir='ltr'>servili,</span> 
     </span>
    </p>

    <p class='ocr_par' dir='ltr' id='par_1_12' title="bbox 214 1447 708 1542">
     <span class='ocr_line' id='line_1_22' title="bbox 214 1447 708 1494; baseline 0 -10"><span class='ocrx_word' id='word_1_69' title='bbox 214 1447 265 1484; x_wconf 89' lang='lat' dir='ltr'>Et</span> <span class='ocrx_word' id='word_1_70' title='bbox 299 1457 368 1494; x_wconf 87' lang='lat' dir='ltr'>ego</span> <span class='ocrx_word' id='word_1_71' title='bbox 399 1452 437 1483; x_wconf 88' lang='lat' dir='ltr'>te</span> <span class='ocrx_word' id='word_1_72' title='bbox 465 1458 540 1484; x_wconf 93' lang='lat' dir='ltr'>non</span> <span class='ocrx_word' id='word_1_73' title='bbox 571 1447 708 1494; x_wconf 84' lang='lat' dir='ltr'>agnovi</span> 
     </span>
     <span class='ocr_line' id='line_1_23' title="bbox 277 1503 676 1542; baseline 0.005 -2"><span class='ocrx_word' id='word_1_74' title='bbox 277 1503 359 1540; x_wconf 85' lang='lat' dir='ltr'>Nec</span> <span class='ocrx_word' id='word_1_75' title='bbox 390 1504 440 1540; x_wconf 84' lang='lat' dir='ltr'>ad</span> <span class='ocrx_word' id='word_1_76' title='bbox 472 1509 510 1541; x_wconf 90' lang='lat' dir='ltr'>te</span> <span class='ocrx_word' id='word_1_77' title='bbox 541 1504 676 1542; x_wconf 90' lang='lat' dir='ltr'>redivi.</span> 
     </span>
    </p>

    <p class='ocr_par' dir='ltr' id='par_1_13' title="bbox 214 1558 737 1606">
     <span class='ocr_line' id='line_1_24' title="bbox 214 1558 737 1606; baseline 0.002 -10"><span class='ocrx_word' id='word_1_78' title='bbox 214 1560 311 1606; x_wconf 89' lang='lat' dir='ltr'>Heu,</span> <span class='ocrx_word' id='word_1_79' title='bbox 343 1560 435 1606; x_wconf 90' lang='lat' dir='ltr'>quid</span> <span class='ocrx_word' id='word_1_80' title='bbox 466 1561 591 1597; x_wconf 83' lang='lat' dir='ltr'>evenit</span> <span class='ocrx_word' id='word_1_81' title='bbox 621 1558 737 1601; x_wconf 83' lang='lat' dir='ltr'>mihi!</span> 
     </span>
    </p>
   </div>
   <div class='ocr_carea' id='block_1_8' title="bbox 174 1650 694 1699">
    <p class='ocr_par' dir='ltr' id='par_1_14' title="bbox 174 1650 694 1699">
     <span class='ocr_line' id='line_1_25' title="bbox 174 1650 694 1699; baseline 0 -10"><span class='ocrx_word' id='word_1_82' title='bbox 174 1680 182 1688; x_wconf 94' lang='lat'>.</span> <span class='ocrx_word' id='word_1_83' title='bbox 216 1651 245 1689; x_wconf 95' lang='grc' dir='ltr'><strong>Ο</strong></span> <span class='ocrx_word' id='word_1_84' title='bbox 278 1650 393 1699; x_wconf 89' lang='lat' dir='ltr'>Deus,</span> <span class='ocrx_word' id='word_1_85' title='bbox 426 1651 555 1688; x_wconf 88' lang='lat' dir='ltr'>miseri</span> <span class='ocrx_word' id='word_1_86' title='bbox 674 1675 694 1689; x_wconf 48' lang='lat'>2</span> 
     </span>
    </p>
   </div>
   <div class='ocr_carea' id='block_1_9' title="bbox 212 1707 813 2038">
    <p class='ocr_par' dir='ltr' id='par_1_15' title="bbox 212 1707 813 2038">
     <span class='ocr_line' id='line_1_26' title="bbox 272 1707 594 1746; baseline 0.006 -3"><span class='ocrx_word' id='word_1_87' title='bbox 272 1708 452 1744; x_wconf 84' lang='lat' dir='ltr'>miserere</span> <span class='ocrx_word' id='word_1_88' title='bbox 481 1707 594 1746; x_wconf 89' lang='lat' dir='ltr'>servi.</span> 
     </span>
     <span class='ocr_line' id='line_1_27' title="bbox 212 1764 813 1815; baseline 0.003 -15"><span class='ocrx_word' id='word_1_89' title='bbox 212 1764 410 1810; x_wconf 77' lang='lat' dir='ltr'>Mandata,</span> <span class='ocrx_word' id='word_1_90' title='bbox 443 1775 539 1811; x_wconf 84' lang='lat' dir='ltr'>quae</span> <span class='ocrx_word' id='word_1_91' title='bbox 570 1765 813 1815; x_wconf 79' lang='lat' dir='ltr'>praecepisti,</span> 
     </span>
     <span class='ocr_line' id='line_1_28' title="bbox 276 1821 711 1872; baseline 0 -15"><span class='ocrx_word' id='word_1_92' title='bbox 276 1821 378 1858; x_wconf 86' lang='lat' dir='ltr'>Proh</span> <span class='ocrx_word' id='word_1_93' title='bbox 412 1821 532 1868; x_wconf 80' lang='lat' dir='ltr'>dolor,</span> <span class='ocrx_word' id='word_1_94' title='bbox 564 1821 711 1872; x_wconf 77' lang='lat' dir='ltr'>reliqui,</span> 
     </span>
     <span class='ocr_line' id='line_1_29' title="bbox 215 1878 674 1927; baseline 0 -13"><span class='ocrx_word' id='word_1_95' title='bbox 215 1878 358 1915; x_wconf 85' lang='lat' dir='ltr'>Fateor</span> <span class='ocrx_word' id='word_1_96' title='bbox 389 1887 480 1914; x_wconf 89' lang='lat' dir='ltr'>voce</span> <span class='ocrx_word' id='word_1_97' title='bbox 511 1878 674 1927; x_wconf 85' lang='lat' dir='ltr'>lugubri,</span> 
     </span>
     <span class='ocr_line' id='line_1_30' title="bbox 272 1934 628 1980; baseline 0.003 -9"><span class='ocrx_word' id='word_1_98' title='bbox 272 1934 440 1971; x_wconf 90' lang='lat' dir='ltr'>Nimium</span> <span class='ocrx_word' id='word_1_99' title='bbox 473 1934 628 1980; x_wconf 90' lang='lat' dir='ltr'>deliqui.</span> 
     </span>
     <span class='ocr_line' id='line_1_31' title="bbox 214 1991 740 2038; baseline 0.004 -11"><span class='ocrx_word' id='word_1_100' title='bbox 214 1991 312 2037; x_wconf 86' lang='lat' dir='ltr'>Heu,</span> <span class='ocrx_word' id='word_1_101' title='bbox 346 1991 438 2038; x_wconf 89' lang='lat' dir='ltr'>quid</span> <span class='ocrx_word' id='word_1_102' title='bbox 471 1991 597 2028; x_wconf 79' lang='lat' dir='ltr'>evenit</span> <span class='ocrx_word' id='word_1_103' title='bbox 627 1991 740 2029; x_wconf 76' lang='lat' dir='ltr'>mihi!</span> 
     </span>
    </p>
   </div>
   <div class='ocr_carea' id='block_1_10' title="bbox 213 2081 844 2469">
    <p class='ocr_par' dir='ltr' id='par_1_16' title="bbox 214 2081 595 2177">
     <span class='ocr_line' id='line_1_32' title="bbox 214 2081 554 2130; baseline -0.003 -11"><span class='ocrx_word' id='word_1_104' title='bbox 214 2081 244 2119; x_wconf 92' lang='grc' dir='ltr'>Ο</span> <span class='ocrx_word' id='word_1_105' title='bbox 275 2081 392 2130; x_wconf 90' lang='lat' dir='ltr'>Deus,</span> <span class='ocrx_word' id='word_1_106' title='bbox 423 2082 554 2118; x_wconf 88' lang='lat' dir='ltr'>miseri</span> 
     </span>
     <span class='ocr_line' id='line_1_33' title="bbox 270 2138 595 2177; baseline 0.006 -3"><span class='ocrx_word' id='word_1_107' title='bbox 270 2138 451 2175; x_wconf 88' lang='lat' dir='ltr'>miserere</span> <span class='ocrx_word' id='word_1_108' title='bbox 482 2138 595 2177; x_wconf 89' lang='lat' dir='ltr'>servi.</span> 
     </span>
    </p>

    <p class='ocr_par' dir='ltr' id='par_1_17' title="bbox 214 2195 844 2298">
     <span class='ocr_line' id='line_1_34' title="bbox 214 2195 844 2245; baseline 0.002 -14"><span class='ocrx_word' id='word_1_109' title='bbox 214 2195 364 2232; x_wconf 89' lang='lat' dir='ltr'>Almam</span> <span class='ocrx_word' id='word_1_110' title='bbox 387 2195 524 2243; x_wconf 85' lang='lat' dir='ltr'>legem,</span> <span class='ocrx_word' id='word_1_111' title='bbox 557 2206 668 2242; x_wconf 90' lang='lat' dir='ltr'>quam</span> <span class='ocrx_word' id='word_1_112' title='bbox 690 2195 844 2245; x_wconf 86' lang='lat' dir='ltr'>dedisti,</span> 
     </span>
     <span class='ocr_line' id='line_1_35' title="bbox 272 2251 625 2298; baseline -0.003 -9"><span class='ocrx_word' id='word_1_113' title='bbox 272 2251 445 2298; x_wconf 88' lang='lat' dir='ltr'>Denique</span> <span class='ocrx_word' id='word_1_114' title='bbox 475 2252 625 2298; x_wconf 86' lang='lat' dir='ltr'>neglexi</span> 
     </span>
    </p>

    <p class='ocr_par' dir='ltr' id='par_1_18' title="bbox 214 2308 696 2403">
     <span class='ocr_line' id='line_1_36' title="bbox 214 2308 696 2357; baseline 0 -12"><span class='ocrx_word' id='word_1_115' title='bbox 214 2308 265 2345; x_wconf 83' lang='lat' dir='ltr'>Et</span> <span class='ocrx_word' id='word_1_116' title='bbox 295 2308 376 2353; x_wconf 89' lang='lat' dir='ltr'>illa,</span> <span class='ocrx_word' id='word_1_117' title='bbox 408 2319 503 2355; x_wconf 90' lang='lat' dir='ltr'>quae</span> <span class='ocrx_word' id='word_1_118' title='bbox 531 2309 696 2357; x_wconf 88' lang='lat' dir='ltr'>vetuisti,</span> 
     </span>
     <span class='ocr_line' id='line_1_37' title="bbox 269 2365 557 2403; baseline 0.007 -2"><span class='ocrx_word' id='word_1_119' title='bbox 269 2365 397 2403; x_wconf 74' lang='lat' dir='ltr'>Avide,</span> <span class='ocrx_word' id='word_1_120' title='bbox 428 2365 557 2403; x_wconf 86' lang='lat' dir='ltr'>dilexi.</span> 
     </span>
    </p>

    <p class='ocr_par' dir='ltr' id='par_1_19' title="bbox 213 2420 729 2469">
     <span class='ocr_line' id='line_1_38' title="bbox 213 2420 729 2469; baseline -0.002 -11"><span class='ocrx_word' id='word_1_121' title='bbox 213 2421 311 2469; x_wconf 90' lang='lat' dir='ltr'>Heu,</span> <span class='ocrx_word' id='word_1_122' title='bbox 343 2421 435 2468; x_wconf 90' lang='lat' dir='ltr'>quid</span> <span class='ocrx_word' id='word_1_123' title='bbox 463 2422 588 2458; x_wconf 88' lang='lat' dir='ltr'>evenit</span> <span class='ocrx_word' id='word_1_124' title='bbox 617 2420 729 2457; x_wconf 92' lang='lat' dir='ltr'>mihi!</span> 
     </span>
    </p>
   </div>
   <div class='ocr_carea' id='block_1_11' title="bbox 214 2512 739 2898">
    <p class='ocr_par' dir='ltr' id='par_1_20' title="bbox 215 2512 593 2606">
     <span class='ocr_line' id='line_1_39' title="bbox 215 2512 553 2558; baseline -0.006 -8"><span class='ocrx_word' id='word_1_125' title='bbox 215 2512 245 2550; x_wconf 94' lang='grc' dir='ltr'>Ο</span> <span class='ocrx_word' id='word_1_126' title='bbox 276 2512 392 2558; x_wconf 90' lang='lat' dir='ltr'>Deus,</span> <span class='ocrx_word' id='word_1_127' title='bbox 425 2513 553 2548; x_wconf 92' lang='lat' dir='ltr'>miseri</span> 
     </span>
     <span class='ocr_line' id='line_1_40' title="bbox 270 2568 593 2606; baseline 0.003 -1"><span class='ocrx_word' id='word_1_128' title='bbox 270 2569 450 2605; x_wconf 88' lang='lat' dir='ltr'>miserere</span> <span class='ocrx_word' id='word_1_129' title='bbox 481 2568 593 2606; x_wconf 89' lang='lat' dir='ltr'>servi.</span> 
     </span>
    </p>

    <p class='ocr_par' dir='ltr' id='par_1_21' title="bbox 216 2624 728 2720">
     <span class='ocr_line' id='line_1_41' title="bbox 216 2624 728 2673; baseline -0.004 -10"><span class='ocrx_word' id='word_1_130' title='bbox 216 2626 361 2664; x_wconf 87' lang='lat' dir='ltr'>Cuncta</span> <span class='ocrx_word' id='word_1_131' title='bbox 391 2625 490 2662; x_wconf 86' lang='lat' dir='ltr'>bona</span> <span class='ocrx_word' id='word_1_132' title='bbox 521 2624 728 2673; x_wconf 85' lang='lat' dir='ltr'>praeterivi</span> 
     </span>
     <span class='ocr_line' id='line_1_42' title="bbox 268 2681 572 2720; baseline -0.007 -1"><span class='ocrx_word' id='word_1_133' title='bbox 268 2683 408 2720; x_wconf 91' lang='lat' dir='ltr'>Animo</span> <span class='ocrx_word' id='word_1_134' title='bbox 440 2681 572 2718; x_wconf 87' lang='lat' dir='ltr'>libenti</span> 
     </span>
    </p>

    <p class='ocr_par' dir='ltr' id='par_1_22' title="bbox 214 2737 709 2833">
     <span class='ocr_line' id='line_1_43' title="bbox 214 2737 709 2785; baseline -0.004 -10"><span class='ocrx_word' id='word_1_135' title='bbox 214 2739 341 2785; x_wconf 88' lang='lat' dir='ltr'>Atque</span> <span class='ocrx_word' id='word_1_136' title='bbox 373 2738 492 2774; x_wconf 86' lang='lat' dir='ltr'>multa</span> <span class='ocrx_word' id='word_1_137' title='bbox 524 2738 623 2775; x_wconf 88' lang='lat' dir='ltr'>mala</span> <span class='ocrx_word' id='word_1_138' title='bbox 651 2737 709 2784; x_wconf 86' lang='lat' dir='ltr'>egi</span> 
     </span>
     <span class='ocr_line' id='line_1_44' title="bbox 272 2793 640 2833; baseline 0.003 -1"><span class='ocrx_word' id='word_1_139' title='bbox 272 2796 432 2832; x_wconf 88' lang='lat' dir='ltr'>Pectore</span> <span class='ocrx_word' id='word_1_140' title='bbox 465 2793 640 2833; x_wconf 88' lang='lat' dir='ltr'>ferventi.</span> 
     </span>
    </p>

    <p class='ocr_par' dir='ltr' id='par_1_23' title="bbox 215 2850 739 2898">
     <span class='ocr_line' id='line_1_45' title="bbox 215 2850 739 2898; baseline -0.004 -10"><span class='ocrx_word' id='word_1_141' title='bbox 215 2851 312 2892; x_wconf 80' lang='lat' dir='ltr'>Heu.</span> <span class='ocrx_word' id='word_1_142' title='bbox 347 2851 436 2898; x_wconf 89' lang='lat' dir='ltr'>quid</span> <span class='ocrx_word' id='word_1_143' title='bbox 469 2851 593 2888; x_wconf 87' lang='lat' dir='ltr'>evenit</span> <span class='ocrx_word' id='word_1_144' title='bbox 626 2850 739 2886; x_wconf 81' lang='lat' dir='ltr'>mihi!</span> 
     </span>
    </p>
   </div>
   <div class='ocr_carea' id='block_1_12' title="bbox 171 2919 881 2953">
    <p class='ocr_par' dir='ltr' id='par_1_24' title="bbox 171 2919 881 2953">
     <span class='ocr_line' id='line_1_46' title="bbox 171 2919 881 2953; baseline 0 -8"><span class='ocrx_word' id='word_1_145' title='bbox 171 2919 243 2946; x_wconf 81' lang='lat' dir='ltr'>Dre</span> <span class='ocrx_word' id='word_1_146' title='bbox 252 2927 296 2945; x_wconf 78' lang='lat' dir='ltr'>ve</span> <span class='ocrx_word' id='word_1_147' title='bbox 305 2928 319 2945; x_wconf 83' lang='lat' dir='ltr'>s</span> <span class='ocrx_word' id='word_1_148' title='bbox 329 2941 335 2946; x_wconf 95' lang='lat'>.</span> <span class='ocrx_word' id='word_1_149' title='bbox 362 2919 570 2946; x_wconf 76' lang='lat' dir='ltr'>Lateinische</span> <span class='ocrx_word' id='word_1_150' title='bbox 590 2919 881 2953; x_wconf 76' lang='lat' dir='ltr'>Hymnendiehter.</span> 
     </span>
    </p>
   </div>
   <div class='ocr_carea' id='block_1_13' title="bbox 919 352 1003 398">
    <p class='ocr_par' dir='ltr' id='par_1_25' title="bbox 919 352 1003 398">
     <span class='ocr_line' id='line_1_47' title="bbox 919 352 1003 398; baseline 0 0"><span class='ocrx_word' id='word_1_151' title='bbox 919 352 1003 398; x_wconf 81' lang='lat'>&#39;7.</span> 
     </span>
    </p>
   </div>
   <div class='ocr_carea' id='block_1_14' title="bbox 935 1651 1000 1688">
    <p class='ocr_par' dir='ltr' id='par_1_26' title="bbox 935 1651 1000 1688">
     <span class='ocr_line' id='line_1_48' title="bbox 935 1651 1000 1688; baseline 0 0"><span class='ocrx_word' id='word_1_152' title='bbox 935 1651 1000 1688; x_wconf 90' lang='lat'>10.</span> 
     </span>
    </p>
   </div>
   <div class='ocr_carea' id='block_1_15' title="bbox 935 2082 1000 2121">
    <p class='ocr_par' dir='ltr' id='par_1_27' title="bbox 935 2082 1000 2121">
     <span class='ocr_line' id='line_1_49' title="bbox 935 2082 1000 2121; baseline -0.015 0"><span class='ocrx_word' id='word_1_153' title='bbox 935 2082 1000 2121; x_wconf 88' lang='lat'>11.</span> 
     </span>
    </p>
   </div>
   <div class='ocr_carea' id='block_1_16' title="bbox 936 2513 1001 2551">
    <p class='ocr_par' dir='ltr' id='par_1_28' title="bbox 936 2513 1001 2551">
     <span class='ocr_line' id='line_1_50' title="bbox 936 2513 1001 2551; baseline -0.046 0"><span class='ocrx_word' id='word_1_154' title='bbox 936 2513 1001 2551; x_wconf 90' lang='grc'>12.</span> 
     </span>
    </p>
   </div>
   <div class='ocr_carea' id='block_1_17' title="bbox 911 2918 953 2945">
    <p class='ocr_par' dir='ltr' id='par_1_29' title="bbox 911 2918 953 2945">
     <span class='ocr_line' id='line_1_51' title="bbox 911 2918 953 2945; baseline 0.024 -1"><span class='ocrx_word' id='word_1_155' title='bbox 911 2918 953 2945; x_wconf 95' lang='lat'>11.</span> 
     </span>
    </p>
   </div>
   <div class='ocr_carea' id='block_1_18' title="bbox 1035 359 1551 745">
    <p class='ocr_par' dir='ltr' id='par_1_30' title="bbox 1035 359 1551 745">
     <span class='ocr_line' id='line_1_52' title="bbox 1037 359 1374 405; baseline -0.006 -8"><span class='ocrx_word' id='word_1_156' title='bbox 1037 360 1066 397; x_wconf 91' lang='grc' dir='ltr'>Ο</span> <span class='ocrx_word' id='word_1_157' title='bbox 1098 360 1213 405; x_wconf 85' lang='lat' dir='ltr'>Deus,</span> <span class='ocrx_word' id='word_1_158' title='bbox 1246 359 1374 396; x_wconf 90' lang='lat' dir='ltr'>miseri</span> 
     </span>
     <span class='ocr_line' id='line_1_53' title="bbox 1094 415 1416 454; baseline 0.006 -2"><span class='ocrx_word' id='word_1_159' title='bbox 1094 416 1272 453; x_wconf 86' lang='lat' dir='ltr'>miserere</span> <span class='ocrx_word' id='word_1_160' title='bbox 1303 415 1416 454; x_wconf 86' lang='lat' dir='ltr'>servi.</span> 
     </span>
     <span class='ocr_line' id='line_1_54' title="bbox 1037 472 1538 519; baseline -0.004 -9"><span class='ocrx_word' id='word_1_161' title='bbox 1037 473 1260 519; x_wconf 75' lang='lat' dir='ltr'>Voluptates</span> <span class='ocrx_word' id='word_1_162' title='bbox 1293 484 1365 509; x_wconf 88' lang='lat' dir='ltr'>non</span> <span class='ocrx_word' id='word_1_163' title='bbox 1399 472 1538 517; x_wconf 82' lang='lat' dir='ltr'>dimisi,</span> 
     </span>
     <span class='ocr_line' id='line_1_55' title="bbox 1093 528 1510 566; baseline -0.005 0"><span class='ocrx_word' id='word_1_164' title='bbox 1093 529 1167 566; x_wconf 87' lang='lat' dir='ltr'>Sed</span> <span class='ocrx_word' id='word_1_165' title='bbox 1201 529 1258 565; x_wconf 83' lang='lat' dir='ltr'>liis</span> <span class='ocrx_word' id='word_1_166' title='bbox 1291 540 1348 565; x_wconf 89' lang='lat' dir='ltr'>mc</span> <span class='ocrx_word' id='word_1_167' title='bbox 1379 528 1510 566; x_wconf 86' lang='lat' dir='ltr'>addixi</span> 
     </span>
     <span class='ocr_line' id='line_1_56' title="bbox 1035 585 1499 632; baseline -0.004 -9"><span class='ocrx_word' id='word_1_168' title='bbox 1035 586 1086 623; x_wconf 82' lang='lat' dir='ltr'>Et</span> <span class='ocrx_word' id='word_1_169' title='bbox 1118 586 1231 622; x_wconf 86' lang='lat' dir='ltr'>totius</span> <span class='ocrx_word' id='word_1_170' title='bbox 1265 596 1321 622; x_wconf 90' lang='lat' dir='ltr'>me</span> <span class='ocrx_word' id='word_1_171' title='bbox 1353 585 1499 632; x_wconf 86' lang='lat' dir='ltr'>peccati</span> 
     </span>
     <span class='ocr_line' id='line_1_57' title="bbox 1095 642 1464 681; baseline 0.008 -3"><span class='ocrx_word' id='word_1_172' title='bbox 1095 643 1262 678; x_wconf 85' lang='lat' dir='ltr'>Vinculis</span> <span class='ocrx_word' id='word_1_173' title='bbox 1296 642 1464 681; x_wconf 84' lang='lat' dir='ltr'>devinxi.</span> 
     </span>
     <span class='ocr_line' id='line_1_58' title="bbox 1035 698 1551 745; baseline -0.002 -10"><span class='ocrx_word' id='word_1_174' title='bbox 1035 700 1131 744; x_wconf 89' lang='lat' dir='ltr'>Heu,</span> <span class='ocrx_word' id='word_1_175' title='bbox 1163 699 1254 745; x_wconf 88' lang='lat' dir='ltr'>quid</span> <span class='ocrx_word' id='word_1_176' title='bbox 1287 699 1411 735; x_wconf 80' lang='lat' dir='ltr'>evenit</span> <span class='ocrx_word' id='word_1_177' title='bbox 1440 698 1551 734; x_wconf 79' lang='lat' dir='ltr'>mihi!</span> 
     </span>
    </p>
   </div>
   <div class='ocr_carea' id='block_1_19' title="bbox 1033 789 1554 1175">
    <p class='ocr_par' dir='ltr' id='par_1_31' title="bbox 1036 789 1416 882">
     <span class='ocr_line' id='line_1_59' title="bbox 1036 789 1374 834; baseline -0.006 -7"><span class='ocrx_word' id='word_1_178' title='bbox 1036 789 1065 827; x_wconf 97' lang='grc' dir='ltr'><strong>Ο</strong></span> <span class='ocrx_word' id='word_1_179' title='bbox 1098 789 1213 834; x_wconf 78' lang='lat' dir='ltr'>Deus,</span> <span class='ocrx_word' id='word_1_180' title='bbox 1248 789 1374 825; x_wconf 84' lang='lat' dir='ltr'>miseri</span> 
     </span>
     <span class='ocr_line' id='line_1_60' title="bbox 1092 845 1416 882; baseline 0 -1"><span class='ocrx_word' id='word_1_181' title='bbox 1092 846 1271 882; x_wconf 80' lang='lat' dir='ltr'>miserere</span> <span class='ocrx_word' id='word_1_182' title='bbox 1302 845 1416 882; x_wconf 90' lang='lat' dir='ltr'>servi.</span> 
     </span>
    </p>

    <p class='ocr_par' dir='ltr' id='par_1_32' title="bbox 1038 902 1506 1005">
     <span class='ocr_line' id='line_1_61' title="bbox 1038 902 1506 948; baseline -0.002 -9"><span class='ocrx_word' id='word_1_183' title='bbox 1038 903 1137 939; x_wconf 81' lang='lat' dir='ltr'>Iram</span> <span class='ocrx_word' id='word_1_184' title='bbox 1169 907 1268 939; x_wconf 86' lang='lat' dir='ltr'>tuam</span> <span class='ocrx_word' id='word_1_185' title='bbox 1302 902 1506 948; x_wconf 84' lang='lat' dir='ltr'>provocavi</span> 
     </span>
     <span class='ocr_line' id='line_1_62' title="bbox 1092 957 1479 1005; baseline -0.005 -8"><span class='ocrx_word' id='word_1_186' title='bbox 1092 959 1259 997; x_wconf 85' lang='lat' dir='ltr'>Crimine</span> <span class='ocrx_word' id='word_1_187' title='bbox 1291 957 1479 1005; x_wconf 86' lang='lat' dir='ltr'>frequenti</span> 
     </span>
    </p>

    <p class='ocr_par' dir='ltr' id='par_1_33' title="bbox 1035 1015 1440 1118">
     <span class='ocr_line' id='line_1_63' title="bbox 1035 1015 1440 1062; baseline -0.002 -10"><span class='ocrx_word' id='word_1_188' title='bbox 1035 1016 1201 1062; x_wconf 76' lang='lat' dir='ltr'>ideoque</span> <span class='ocrx_word' id='word_1_189' title='bbox 1232 1019 1269 1051; x_wconf 79' lang='lat' dir='ltr'>te</span> <span class='ocrx_word' id='word_1_190' title='bbox 1301 1015 1440 1051; x_wconf 85' lang='lat' dir='ltr'>offendi</span> 
     </span>
     <span class='ocr_line' id='line_1_64' title="bbox 1092 1071 1430 1118; baseline 0.003 -9"><span class='ocrx_word' id='word_1_191' title='bbox 1092 1072 1241 1109; x_wconf 79' lang='lat' dir='ltr'>Offensa</span> <span class='ocrx_word' id='word_1_192' title='bbox 1272 1071 1430 1118; x_wconf 82' lang='lat' dir='ltr'>ingenti.</span> 
     </span>
    </p>

    <p class='ocr_par' dir='ltr' id='par_1_34' title="bbox 1033 1128 1554 1175">
     <span class='ocr_line' id='line_1_65' title="bbox 1033 1128 1554 1175; baseline -0.002 -10"><span class='ocrx_word' id='word_1_193' title='bbox 1033 1129 1130 1172; x_wconf 89' lang='lat' dir='ltr'>Heu,</span> <span class='ocrx_word' id='word_1_194' title='bbox 1164 1129 1253 1175; x_wconf 91' lang='lat' dir='ltr'>quid</span> <span class='ocrx_word' id='word_1_195' title='bbox 1287 1129 1411 1165; x_wconf 88' lang='lat' dir='ltr'>evenit</span> <span class='ocrx_word' id='word_1_196' title='bbox 1443 1128 1554 1165; x_wconf 86' lang='lat' dir='ltr'>mihi!</span> 
     </span>
    </p>
   </div>
   <div class='ocr_carea' id='block_1_20' title="bbox 996 1219 1378 1268">
    <p class='ocr_par' dir='ltr' id='par_1_35' title="bbox 996 1219 1378 1268">
     <span class='ocr_line' id='line_1_66' title="bbox 996 1219 1378 1268; baseline -0.008 -11"><span class='ocrx_word' id='word_1_197' title='bbox 996 1249 1004 1257; x_wconf 95' lang='lat'>.</span> <span class='ocrx_word' id='word_1_198' title='bbox 1037 1220 1067 1257; x_wconf 92' lang='grc' dir='ltr'>Ο</span> <span class='ocrx_word' id='word_1_199' title='bbox 1101 1219 1214 1268; x_wconf 89' lang='lat' dir='ltr'>Deus,</span> <span class='ocrx_word' id='word_1_200' title='bbox 1251 1219 1378 1255; x_wconf 81' lang='lat' dir='ltr'>miseri</span> 
     </span>
    </p>
   </div>
   <div class='ocr_carea' id='block_1_21' title="bbox 1033 1275 1664 1606">
    <p class='ocr_par' dir='ltr' id='par_1_36' title="bbox 1091 1275 1414 1315">
     <span class='ocr_line' id='line_1_67' title="bbox 1091 1275 1414 1315; baseline -0.003 -3"><span class='ocrx_word' id='word_1_201' title='bbox 1091 1277 1272 1313; x_wconf 86' lang='lat' dir='ltr'>miserere</span> <span class='ocrx_word' id='word_1_202' title='bbox 1301 1275 1414 1315; x_wconf 80' lang='lat' dir='ltr'>servi.</span> 
     </span>
    </p>

    <p class='ocr_par' dir='ltr' id='par_1_37' title="bbox 1033 1331 1642 1436">
     <span class='ocr_line' id='line_1_68' title="bbox 1033 1331 1642 1380; baseline -0.003 -10"><span class='ocrx_word' id='word_1_203' title='bbox 1033 1332 1109 1370; x_wconf 87' lang='lat' dir='ltr'>Sed</span> <span class='ocrx_word' id='word_1_204' title='bbox 1141 1332 1231 1379; x_wconf 90' lang='lat' dir='ltr'>quid</span> <span class='ocrx_word' id='word_1_205' title='bbox 1262 1332 1373 1378; x_wconf 84' lang='lat' dir='ltr'>plura</span> <span class='ocrx_word' id='word_1_206' title='bbox 1406 1331 1528 1368; x_wconf 84' lang='lat' dir='ltr'>dicam</span> <span class='ocrx_word' id='word_1_207' title='bbox 1560 1331 1642 1380; x_wconf 91' lang='lat' dir='ltr'>tibi,</span> 
     </span>
     <span class='ocr_line' id='line_1_69' title="bbox 1091 1387 1487 1436; baseline -0.008 -9"><span class='ocrx_word' id='word_1_208' title='bbox 1091 1390 1120 1427; x_wconf 95' lang='grc' dir='ltr'>Ο</span> <span class='ocrx_word' id='word_1_209' title='bbox 1151 1390 1214 1436; x_wconf 77' lang='lat' dir='ltr'>pia</span> <span class='ocrx_word' id='word_1_210' title='bbox 1245 1389 1309 1425; x_wconf 88' lang='lat' dir='ltr'>lux</span> <span class='ocrx_word' id='word_1_211' title='bbox 1341 1387 1487 1425; x_wconf 80' lang='lat' dir='ltr'>saecli?</span> 
     </span>
    </p>

    <p class='ocr_par' dir='ltr' id='par_1_38' title="bbox 1034 1445 1664 1541">
     <span class='ocr_line' id='line_1_70' title="bbox 1034 1445 1664 1494; baseline -0.002 -11"><span class='ocrx_word' id='word_1_212' title='bbox 1034 1446 1137 1483; x_wconf 80' lang='lat' dir='ltr'>Mala</span> <span class='ocrx_word' id='word_1_213' title='bbox 1169 1455 1329 1493; x_wconf 86' lang='lat' dir='ltr'>quoque,</span> <span class='ocrx_word' id='word_1_214' title='bbox 1372 1455 1467 1491; x_wconf 84' lang='lat' dir='ltr'>quae</span> <span class='ocrx_word' id='word_1_215' title='bbox 1498 1445 1664 1494; x_wconf 88' lang='lat' dir='ltr'>permisi,</span> 
     </span>
     <span class='ocr_line' id='line_1_71' title="bbox 1093 1500 1500 1541; baseline 0.002 -1"><span class='ocrx_word' id='word_1_216' title='bbox 1093 1503 1237 1540; x_wconf 71' lang='lat' dir='ltr'>Cuncta</span> <span class='ocrx_word' id='word_1_217' title='bbox 1268 1503 1383 1539; x_wconf 90' lang='lat' dir='ltr'>miser</span> <span class='ocrx_word' id='word_1_218' title='bbox 1414 1500 1500 1541; x_wconf 88' lang='lat' dir='ltr'>feci.</span> 
     </span>
    </p>

    <p class='ocr_par' dir='ltr' id='par_1_39' title="bbox 1034 1558 1556 1606">
     <span class='ocr_line' id='line_1_72' title="bbox 1034 1558 1556 1606; baseline -0.004 -10"><span class='ocrx_word' id='word_1_219' title='bbox 1034 1559 1131 1605; x_wconf 88' lang='lat' dir='ltr'>Heu,</span> <span class='ocrx_word' id='word_1_220' title='bbox 1165 1558 1256 1606; x_wconf 89' lang='lat' dir='ltr'>quid</span> <span class='ocrx_word' id='word_1_221' title='bbox 1288 1559 1412 1596; x_wconf 89' lang='lat' dir='ltr'>evenit</span> <span class='ocrx_word' id='word_1_222' title='bbox 1442 1558 1556 1595; x_wconf 85' lang='lat' dir='ltr'>mihi!</span> 
     </span>
    </p>
   </div>
   <div class='ocr_carea' id='block_1_22' title="bbox 1031 1649 1600 2041">
    <p class='ocr_par' dir='ltr' id='par_1_40' title="bbox 1031 1649 1413 1748">
     <span class='ocr_line' id='line_1_73' title="bbox 1031 1649 1370 1694; baseline -0.009 -6"><span class='ocrx_word' id='word_1_223' title='bbox 1031 1650 1060 1688; x_wconf 95' lang='grc' dir='ltr'>Ο</span> <span class='ocrx_word' id='word_1_224' title='bbox 1094 1650 1209 1694; x_wconf 87' lang='lat' dir='ltr'>Deus,</span> <span class='ocrx_word' id='word_1_225' title='bbox 1241 1649 1370 1686; x_wconf 90' lang='lat' dir='ltr'>miseri</span> 
     </span>
     <span class='ocr_line' id='line_1_74' title="bbox 1065 1706 1413 1748; baseline -0.003 -5"><span class='ocrx_word' id='word_1_226' title='bbox 1065 1744 1069 1748; x_wconf 74' lang='grc'>,</span> <span class='ocrx_word' id='word_1_227' title='bbox 1090 1707 1270 1743; x_wconf 86' lang='lat' dir='ltr'>miserere</span> <span class='ocrx_word' id='word_1_228' title='bbox 1301 1706 1413 1746; x_wconf 81' lang='lat' dir='ltr'>servi,</span> 
     </span>
    </p>

    <p class='ocr_par' dir='ltr' id='par_1_41' title="bbox 1032 1761 1600 1866">
     <span class='ocr_line' id='line_1_75' title="bbox 1032 1761 1600 1811; baseline 0 -12"><span class='ocrx_word' id='word_1_229' title='bbox 1032 1763 1136 1810; x_wconf 87' lang='lat' dir='ltr'>Ergo</span> <span class='ocrx_word' id='word_1_230' title='bbox 1166 1764 1240 1800; x_wconf 88' lang='lat' dir='ltr'>iam</span> <span class='ocrx_word' id='word_1_231' title='bbox 1272 1773 1451 1800; x_wconf 86' lang='lat' dir='ltr'>succurre</span> <span class='ocrx_word' id='word_1_232' title='bbox 1481 1761 1600 1811; x_wconf 88' lang='lat' dir='ltr'>flenti,</span> 
     </span>
     <span class='ocr_line' id='line_1_76' title="bbox 1090 1818 1440 1866; baseline -0.006 -9"><span class='ocrx_word' id='word_1_233' title='bbox 1090 1820 1265 1863; x_wconf 87' lang='lat' dir='ltr'>Domine,</span> <span class='ocrx_word' id='word_1_234' title='bbox 1280 1818 1286 1826; x_wconf 92' lang='lat'><em>&#39;</em></span> <span class='ocrx_word' id='word_1_235' title='bbox 1299 1819 1440 1866; x_wconf 85' lang='lat' dir='ltr'>clienti,</span> 
     </span>
    </p>

    <p class='ocr_par' dir='ltr' id='par_1_42' title="bbox 1034 1875 1468 1981">
     <span class='ocr_line' id='line_1_77' title="bbox 1034 1875 1468 1922; baseline -0.002 -9"><span class='ocrx_word' id='word_1_236' title='bbox 1034 1876 1188 1914; x_wconf 88' lang='lat' dir='ltr'>Scelera</span> <span class='ocrx_word' id='word_1_237' title='bbox 1218 1876 1288 1913; x_wconf 90' lang='lat' dir='ltr'>tibi</span> <span class='ocrx_word' id='word_1_238' title='bbox 1320 1875 1468 1922; x_wconf 84' lang='lat' dir='ltr'>fatenti,</span> 
     </span>
     <span class='ocr_line' id='line_1_78' title="bbox 1095 1933 1442 1981; baseline 0 -11"><span class='ocrx_word' id='word_1_239' title='bbox 1095 1934 1252 1970; x_wconf 83' lang='lat' dir='ltr'>Veniam</span> <span class='ocrx_word' id='word_1_240' title='bbox 1285 1933 1442 1981; x_wconf 89' lang='lat' dir='ltr'>petenti.</span> 
     </span>
    </p>

    <p class='ocr_par' dir='ltr' id='par_1_43' title="bbox 1032 1989 1553 2041">
     <span class='ocr_line' id='line_1_79' title="bbox 1032 1989 1553 2041; baseline -0.006 -13"><span class='ocrx_word' id='word_1_241' title='bbox 1032 1991 1128 2041; x_wconf 88' lang='lat' dir='ltr'>Heu,</span> <span class='ocrx_word' id='word_1_242' title='bbox 1162 1990 1253 2037; x_wconf 83' lang='lat' dir='ltr'>quid</span> <span class='ocrx_word' id='word_1_243' title='bbox 1285 1990 1410 2026; x_wconf 87' lang='lat' dir='ltr'>evenit</span> <span class='ocrx_word' id='word_1_244' title='bbox 1442 1989 1553 2026; x_wconf 83' lang='lat' dir='ltr'>mihi!</span> 
     </span>
    </p>
   </div>
   <div class='ocr_carea' id='block_1_23' title="bbox 1030 2079 1554 2468">
    <p class='ocr_par' dir='ltr' id='par_1_44' title="bbox 1033 2079 1412 2176">
     <span class='ocr_line' id='line_1_80' title="bbox 1033 2079 1372 2129; baseline -0.009 -10"><span class='ocrx_word' id='word_1_245' title='bbox 1033 2082 1063 2119; x_wconf 93' lang='grc' dir='ltr'>Ο</span> <span class='ocrx_word' id='word_1_246' title='bbox 1094 2081 1209 2129; x_wconf 87' lang='lat' dir='ltr'>Deus,</span> <span class='ocrx_word' id='word_1_247' title='bbox 1243 2079 1372 2117; x_wconf 89' lang='lat' dir='ltr'>miseri</span> 
     </span>
     <span class='ocr_line' id='line_1_81' title="bbox 1089 2136 1412 2176; baseline 0.006 -2"><span class='ocrx_word' id='word_1_248' title='bbox 1089 2138 1270 2174; x_wconf 86' lang='lat' dir='ltr'>miserere</span> <span class='ocrx_word' id='word_1_249' title='bbox 1300 2136 1412 2176; x_wconf 88' lang='lat' dir='ltr'>servi.</span> 
     </span>
    </p>

    <p class='ocr_par' dir='ltr' id='par_1_45' title="bbox 1032 2193 1517 2289">
     <span class='ocr_line' id='line_1_82' title="bbox 1032 2193 1492 2240; baseline -0.007 -8"><span class='ocrx_word' id='word_1_250' title='bbox 1032 2194 1137 2232; x_wconf 82' lang='lat' dir='ltr'>Affer</span> <span class='ocrx_word' id='word_1_251' title='bbox 1167 2204 1275 2240; x_wconf 91' lang='lat' dir='ltr'>opem</span> <span class='ocrx_word' id='word_1_252' title='bbox 1307 2193 1492 2240; x_wconf 81' lang='lat' dir='ltr'>indigenti</span> 
     </span>
     <span class='ocr_line' id='line_1_83' title="bbox 1088 2250 1517 2289; baseline -0.007 0"><span class='ocrx_word' id='word_1_253' title='bbox 1088 2253 1168 2289; x_wconf 88' lang='lat' dir='ltr'>Iam</span> <span class='ocrx_word' id='word_1_254' title='bbox 1201 2261 1311 2287; x_wconf 90' lang='lat' dir='ltr'>manu</span> <span class='ocrx_word' id='word_1_255' title='bbox 1343 2250 1517 2286; x_wconf 89' lang='lat' dir='ltr'>clementi</span> 
     </span>
    </p>

    <p class='ocr_par' dir='ltr' id='par_1_46' title="bbox 1032 2307 1494 2409">
     <span class='ocr_line' id='line_1_84' title="bbox 1032 2307 1494 2354; baseline -0.006 -9"><span class='ocrx_word' id='word_1_256' title='bbox 1032 2308 1271 2354; x_wconf 85' lang='lat' dir='ltr'>Vulneraque</span> <span class='ocrx_word' id='word_1_257' title='bbox 1303 2307 1494 2353; x_wconf 86' lang='lat' dir='ltr'>detegenti</span> 
     </span>
     <span class='ocr_line' id='line_1_85' title="bbox 1089 2363 1484 2409; baseline 0 -8"><span class='ocrx_word' id='word_1_258' title='bbox 1089 2364 1247 2402; x_wconf 88' lang='lat' dir='ltr'>Medere</span> <span class='ocrx_word' id='word_1_259' title='bbox 1278 2363 1484 2409; x_wconf 84' lang='lat' dir='ltr'>languenti.</span> 
     </span>
    </p>

    <p class='ocr_par' dir='ltr' id='par_1_47' title="bbox 1030 2419 1554 2468">
     <span class='ocr_line' id='line_1_86' title="bbox 1030 2419 1554 2468; baseline -0.004 -9"><span class='ocrx_word' id='word_1_260' title='bbox 1030 2421 1129 2468; x_wconf 88' lang='lat' dir='ltr'>Heu,</span> <span class='ocrx_word' id='word_1_261' title='bbox 1161 2421 1252 2467; x_wconf 86' lang='lat' dir='ltr'>quid</span> <span class='ocrx_word' id='word_1_262' title='bbox 1284 2420 1409 2456; x_wconf 74' lang='lat' dir='ltr'>evenit</span> <span class='ocrx_word' id='word_1_263' title='bbox 1440 2419 1554 2458; x_wconf 88' lang='lat' dir='ltr'>mihi!</span> 
     </span>
    </p>
   </div>
   <div class='ocr_carea' id='block_1_24' title="bbox 1031 2511 1661 2948">
    <p class='ocr_par' dir='ltr' id='par_1_48' title="bbox 1031 2511 1661 2948">
     <span class='ocr_line' id='line_1_87' title="bbox 1035 2511 1374 2557; baseline -0.009 -8"><span class='ocrx_word' id='word_1_264' title='bbox 1035 2512 1065 2549; x_wconf 90' lang='grc' dir='ltr'>Ο</span> <span class='ocrx_word' id='word_1_265' title='bbox 1096 2511 1212 2557; x_wconf 89' lang='lat' dir='ltr'>Deus,</span> <span class='ocrx_word' id='word_1_266' title='bbox 1248 2511 1374 2547; x_wconf 86' lang='lat' dir='ltr'>miseri</span> 
     </span>
     <span class='ocr_line' id='line_1_88' title="bbox 1087 2567 1410 2606; baseline 0.003 -2"><span class='ocrx_word' id='word_1_267' title='bbox 1087 2568 1267 2604; x_wconf 84' lang='lat' dir='ltr'>miserere</span> <span class='ocrx_word' id='word_1_268' title='bbox 1298 2567 1410 2606; x_wconf 89' lang='lat' dir='ltr'>servi.</span> 
     </span>
     <span class='ocr_line' id='line_1_89' title="bbox 1031 2623 1486 2662; baseline -0.004 0"><span class='ocrx_word' id='word_1_269' title='bbox 1031 2624 1196 2662; x_wconf 90' lang='lat' dir='ltr'>Subveni</span> <span class='ocrx_word' id='word_1_270' title='bbox 1227 2628 1265 2660; x_wconf 87' lang='lat' dir='ltr'>tc</span> <span class='ocrx_word' id='word_1_271' title='bbox 1294 2623 1486 2660; x_wconf 80' lang='lat' dir='ltr'>invocanti</span> 
     </span>
     <span class='ocr_line' id='line_1_90' title="bbox 1089 2680 1488 2727; baseline -0.005 -9"><span class='ocrx_word' id='word_1_272' title='bbox 1089 2681 1137 2718; x_wconf 86' lang='lat' dir='ltr'>Et</span> <span class='ocrx_word' id='word_1_273' title='bbox 1170 2681 1207 2717; x_wconf 88' lang='lat' dir='ltr'>in</span> <span class='ocrx_word' id='word_1_274' title='bbox 1239 2685 1275 2716; x_wconf 85' lang='lat' dir='ltr'>te</span> <span class='ocrx_word' id='word_1_275' title='bbox 1306 2680 1488 2727; x_wconf 87' lang='lat' dir='ltr'>speranti,</span> 
     </span>
     <span class='ocr_line' id='line_1_91' title="bbox 1031 2736 1661 2785; baseline -0.002 -11"><span class='ocrx_word' id='word_1_276' title='bbox 1031 2738 1214 2774; x_wconf 76' lang='lat' dir='ltr'>Dextram</span> <span class='ocrx_word' id='word_1_277' title='bbox 1243 2737 1302 2778; x_wconf 81' lang='lat' dir='ltr'>da,</span> <span class='ocrx_word' id='word_1_278' title='bbox 1326 2747 1435 2783; x_wconf 84' lang='lat' dir='ltr'>quein</span> <span class='ocrx_word' id='word_1_279' title='bbox 1454 2736 1661 2785; x_wconf 77' lang='lat' dir='ltr'>redemisti,</span> 
     </span>
     <span class='ocr_line' id='line_1_92' title="bbox 1090 2793 1447 2839; baseline 0.003 -9"><span class='ocrx_word' id='word_1_280' title='bbox 1090 2794 1169 2830; x_wconf 91' lang='lat' dir='ltr'>Iam</span> <span class='ocrx_word' id='word_1_281' title='bbox 1203 2793 1447 2839; x_wconf 81' lang='lat' dir='ltr'>periclitanti.</span> 
     </span>
     <span class='ocr_line' id='line_1_93' title="bbox 1031 2850 1551 2898; baseline 0 -12"><span class='ocrx_word' id='word_1_282' title='bbox 1031 2850 1126 2898; x_wconf 81' lang='lat' dir='ltr'>IIeu,</span> <span class='ocrx_word' id='word_1_283' title='bbox 1160 2850 1248 2896; x_wconf 90' lang='lat' dir='ltr'>quid</span> <span class='ocrx_word' id='word_1_284' title='bbox 1283 2850 1405 2887; x_wconf 86' lang='lat' dir='ltr'>evcnit</span> <span class='ocrx_word' id='word_1_285' title='bbox 1438 2850 1551 2887; x_wconf 86' lang='lat' dir='ltr'>mihi!</span> 
     </span>
     <span class='ocr_line' id='line_1_94' title="bbox 1420 2915 1460 2948; baseline 0 0"><span class='ocrx_word' id='word_1_286' title='bbox 1420 2915 1460 2948; x_wconf 81' lang='lat'>15</span> 
     </span>
    </p>
   </div>
  </div>
 </body>
</html>
