1914 3223
523 266 698 303 Dubitari

523 322 607 360 Non
639 323 824 370 permittit

580 379 673 418 Eius
705 390 848 416 summa
880 379 1048 427 bonitas;

636 437 709 474 Per
738 447 846 483 quem
878 441 976 483 sunt,

689 493 778 529 iusti
809 493 1020 540 quicunque
1051 498 1150 542 sunt,

635 551 706 587 Per
736 560 843 596 quem
875 553 972 594 sunt,

690 605 790 643 beati
821 607 958 653 quique
989 610 1087 644 sunt.

203 686 231 716 B
257 686 312 716 fol.
338 682 420 715 9521.
446 702 487 706 —
513 687 539 716 C
565 684 622 721 fol,
651 682 756 716 1781).
786 702 828 706 --
858 682 884 721 1,
918 682 938 715 8
963 683 1147 715 crucifixus
1175 685 1210 715 B.
1238 700 1279 705 -
1305 681 1336 722 2,
1361 682 1383 716 4
1409 684 1531 716 habuit
1555 684 1672 716 adfuit

118 731 151 762 Β.
180 747 222 752 --
247 729 277 764 2,
304 729 322 761 7
348 729 467 761 Palam
493 731 530 761 B.

120 870 151 905 1.

633 796 714 831 223.
750 796 853 838 (113.)
888 796 943 831 Ad
970 795 1137 831 Laudes.

185 868 370 904 Iustorum
401 868 600 914 exsequiae
924 870 960 906 2.
993 868 1054 904 Ad
1087 872 1123 904 te
1155 878 1236 904 cuin
1268 867 1485 914 pervenerit

240 924 371 960 laudes
399 924 564 974 exigunt,
1051 922 1143 960 felix
1173 925 1309 974 anima,

187 980 390 1026 lmpiorum
422 979 554 1018 funera
995 981 1086 1026 Quis
1116 991 1272 1017 narrare
1303 979 1445 1018 sufficit

241 1037 360 1074 luctus
391 1037 577 1084 ingerunt,
1050 1037 1128 1074 eius
1159 1037 1297 1085 gaudia
1309 1036 1326 1073 ἱ*

297 1094 375 1130 Hos
406 1094 454 1131 ad
487 1094 600 1131 vitam
1109 1094 1212 1140 Quae
1244 1094 1420 1131 maiestas

352 1161 451 1187 mors
491 1154 682 1187 aeternam
715 1149 851 1195 evehit,
1161 1150 1228 1187 illa
1249 1151 1311 1198 sit,
1333 1162 1444 1198 quam
1467 1151 1668 1199 conspicit,

299 1207 388 1244 lllos
421 1207 559 1253 duplex
1104 1209 1206 1255 Quae
1237 1207 1486 1245 circumstans

352 1274 452 1300 mors
479 1264 516 1300 in
539 1267 658 1300 morte
679 1263 852 1301 conterit.
1164 1265 1280 1313 curia,
1314 1264 1396 1311 quis
1429 1263 1601 1302 dixerit?

185 1319 320 1357 Gravis
349 1320 422 1370 ista
993 1320 1112 1357 Nemo
1143 1321 1258 1358 miser

183 1377 330 1414 Sanctis
361 1377 438 1414 vita
993 1377 1102 1415 Illam
1134 1380 1261 1424 potest

240 1434 377 1470 Carcer
407 1438 463 1470 est
494 1439 530 1470 et
561 1433 722 1479 vincula,
1049 1433 1218 1472 Gloriam
1251 1434 1486 1481 conspicere,

184 1490 252 1526 His
284 1490 454 1526 contritis
990 1492 1070 1538 Qua
1099 1491 1252 1528 laetaris

183 1546 243 1583 Ad
274 1550 310 1582 te
342 1545 434 1593 fugit
594 1586 604 1597 ⁶
993 1548 1082 1584 Cum
1115 1548 1257 1595 electis,

243 1603 385 1649 Erepto
416 1603 502 1640 hinc
533 1604 676 1646 anima3
1047 1604 1108 1641 Ad
1140 1615 1248 1651 quam
1281 1607 1318 1641 et
1347 1614 1415 1641 nos
1446 1604 1647 1650 pertrahe3

296 1660 364 1696 Per
396 1671 502 1706 quem
535 1664 632 1705 sunt,
1107 1661 1182 1698 Per
1212 1671 1320 1708 quem
1353 1664 1452 1706 sunt,

350 1716 436 1753 iusti
467 1718 677 1763 quicunque
707 1720 805 1763 suntffl
1161 1718 1251 1754 iusti
1282 1718 1493 1765 quicunque
1524 1721 1622 1765 sunt,

296 1774 366 1811 Per
395 1783 503 1819 quem
535 1778 632 1816 sunt,
1105 1775 1180 1811 Per
1210 1785 1319 1822 quem
1351 1779 1448 1820 sunt,

346 1828 446 1866 beati
479 1830 615 1877 quique
645 1833 743 1867 sunt.
1161 1831 1262 1868 beati
1295 1832 1432 1879 quique
1463 1835 1580 1870 sunt.-

448 1911 484 1947 3.
519 1910 561 1946 In
593 1909 732 1946 sanetis
763 1909 929 1946 mirabili

571 1965 652 2003 Deo
681 1965 817 2016 gloria,

515 2022 573 2059 Ex
605 2033 688 2069 quo,
720 2032 789 2068 per
819 2032 940 2071 quem,
971 2023 1009 2060 in
1040 2034 1112 2070 quo
1143 2028 1241 2067 sunt,

573 2089 667 2126 quae
698 2082 796 2127 sunt,
828 2079 964 2130 omnia,

629 2135 742 2173 Cuius
773 2136 862 2183 agit,

685 2192 868 2239 quidquid
900 2193 992 2242 vult,
1026 2193 1208 2240 potentia,

626 2249 849 2296 Optimeque

682 2305 849 2353 disponit
877 2306 1094 2354 prudentia.

516 2364 630 2409 Quem
664 2367 701 2399 et
731 2362 828 2400 velle

513 2418 605 2456 Geri
635 2418 730 2456 bene

569 2475 803 2523 Disponique
832 2476 992 2526 singula,

513 2532 689 2570 Dubitari

514 2589 597 2626 Non
628 2589 814 2636 permittit

569 2645 661 2682 Eius
692 2657 835 2683 summa
865 2646 1037 2687 bonitas:

625 2702 698 2739 Per
728 2713 836 2750 quem
867 2708 965 2752 sunt,

680 2759 768 2796 iusti
799 2760 1011 2807 quicunque
1043 2766 1140 2810 sunt,

627 2814 700 2853 Per
730 2826 838 2863 quem
869 2821 967 2864 sunt,

682 2873 782 2910 beati
813 2874 950 2921 quique
980 2878 1079 2920 sunt,

1377 2940 1450 2974 14*
