2031 3289
935 192 1245 236 —214-

626 307 662 348 7.
694 308 757 345 Ad
789 309 887 355 quod
922 313 959 345 et
988 310 1174 356 quendam
1206 311 1312 358 quasi
1339 312 1550 358 spiritalem

695 365 890 402 Sarculum
922 366 1018 403 mira
1052 365 1255 404 fabricavit
1285 373 1378 416 arte,

693 422 876 470 Regulam
908 422 1008 459 vitae
1038 424 1306 470 speculumque
1335 435 1449 462 verae

750 478 1028 525 Philosophiae.

630 613 669 650 8.
702 612 870 650 Gloriam
903 624 1045 650 summo
1077 625 1192 661 super
1221 615 1278 651 his
1309 616 1470 664 parenti,

695 668 864 706 Gloriam
896 670 1013 707 verbo
1044 681 1157 717 super
1188 671 1245 708 his
1276 677 1447 721 paterno,

694 725 864 763 Gloriam
893 731 1063 763 sanctum
1094 727 1163 764 tibi
1194 739 1327 765 neuma
1361 729 1485 765 cuncti

750 782 851 819 Dent
882 793 997 829 super
1026 784 1122 823 istis,

398 918 424 949 C
449 917 507 949 fol.
538 915 600 948 145
611 927 641 948 a.
670 934 708 937 --
735 916 765 955 5,
792 915 812 948 ‘2
838 919 995 957 Quantus
1021 919 1191 959 insignus.

769 1187 848 1223 ⁶2:29.
887 1188 991 1231 (119.)
1025 1188 1082 1223 De
1109 1189 1251 1223 sancto
1278 1188 1410 1225 Gilda.

323 1329 358 1365 1.
392 1327 567 1363 Lucerna
598 1327 721 1373 posita
1140 1330 1174 1366 3.
1209 1329 1283 1365 Hic
1312 1327 1533 1366 indeficiens

450 1394 564 1429 super
594 1384 863 1420 candelabrum
1266 1390 1321 1422 est
1352 1389 1543 1432 tamquam
1574 1386 1768 1432 Hesperus

397 1440 534 1478 Gildae
564 1440 767 1486 prudentia
1209 1442 1402 1480 Extremis
1432 1442 1630 1479 imminens

449 1497 622 1543 vitaeque
657 1498 847 1543 speculum
1266 1503 1451 1536 terrarum
1484 1499 1665 1546 partibus,

395 1553 529 1590 verbis
561 1565 628 1590 nos
659 1554 860 1601 instruunt,
1212 1555 1285 1593 Ubi
1318 1556 1551 1592 Britanniam

450 1610 631 1656 exemplis
662 1615 882 1657 provocant,
1265 1613 1418 1658 cingens
1450 1613 1621 1650 Oceanus

396 1667 578 1703 Errantes
609 1667 814 1714 corrigunt⁷
1208 1669 1404 1705 Immensis
1435 1669 1581 1706 aridam

449 1728 644 1769 torpentes
676 1725 855 1762 excitant.
1266 1725 1460 1762 contundit
1492 1724 1678 1763 fluctibus.

318 1861 354 1897 2.
391 1859 600 1897 Lucernam
632 1859 738 1896 nobis
770 1860 867 1896 hanc
1134 1863 1170 1898 4.
1203 1861 1283 1897 Has
1315 1865 1443 1908 partes
1474 1861 1642 1898 incolens

445 1916 507 1952 lux
543 1927 631 1953 vcra
663 1917 832 1965 contulit,
1260 1928 1349 1965 gens
1382 1918 1496 1954 armis
1528 1924 1694 1962 strenua,

388 1974 505 2018 Quam
537 1984 609 2010 non
642 1973 710 2010 sub
742 1974 867 2012 modio
1204 1974 1294 2011 Cum
1325 1975 1382 2011 his
1413 1975 1644 2012 imminerint

447 2030 619 2066 concludi
652 2030 820 2076 pertulit,
1260 2031 1351 2068 belli
1384 2031 1615 2080 discrimina,

389 2086 546 2123 Stellam
578 2086 675 2123 hanc
705 2086 897 2134 naufragis
1205 2088 1277 2124 Pro
1308 2089 1414 2134 signo
1446 2088 1582 2125 bellico

444 2144 499 2180 sol
532 2153 640 2180 verus
673 2144 810 2190 posuit,
1261 2144 1398 2182 Gildae
1430 2145 1629 2183 clementia

388 2200 462 2237 Per
491 2211 602 2246 quam
634 2201 682 2237 ad
714 2201 877 2246 patriam
1202 2201 1299 2238 Tuta
1330 2211 1399 2248 per
1429 2202 1576 2250 gladios

445 2257 620 2294 ducatum
652 2257 841 2304 praebuit.
1258 2258 1469 2304 procedunt
1500 2259 1659 2305 agmina.

791 2396 826 2433 5.
860 2393 972 2431 Cuius
1005 2397 1061 2430 est
1095 2390 1226 2444 [Ruia]

915 2461 982 2486 usa
1013 2450 1214 2497 suffragiis,

860 2506 976 2543 Fides
1006 2507 1198 2553 intrepida

917 2566 991 2599 stat
1023 2568 1059 2599 et
1089 2565 1127 2600 in
1159 2564 1328 2610 proeliis.

860 2619 980 2666 Super
1012 2619 1068 2656 his
1100 2620 1220 2667 gloria

916 2677 1024 2713 simul
1058 2681 1093 2713 et
1125 2677 1211 2714 aliis

861 2733 1021 2770 Divinae
1052 2735 1197 2780 gratiae

917 2789 966 2826 sit
997 2789 1201 2826 beneficiis.

395 2927 420 2955 (3
448 2924 504 2955 sol.
536 2922 637 2955 1:27³.
666 2942 705 2945 -—
737 2924 763 2962 l,
789 2923 805 2955 4
835 2926 985 2966 vitaque.
1011 2942 1055 2946 —
1078 2924 1109 2962 4,
1136 2924 1156 2953 2',
1182 2927 1373 2957 viniuerint.
1402 2943 1442 2947 —
1469 2924 1499 2961 4,
1527 2924 1546 2955 (ἶ
1572 2925 1720 2957 Gildam.
