2031 3289
924 171 1231 213 ——328—

321 286 385 327 34.
419 282 503 327 Sed
535 298 649 324 unum
679 287 804 324 adhue
835 292 964 333 petere
1133 288 1197 325 36.
1231 283 1267 325 A
1301 283 1412 326 malo
1444 285 1515 322 hoc
1545 289 1582 322 et
1612 285 1697 323 aliis

416 344 596 382 Volumus
627 348 661 380 et
695 343 900 390 requirere,
1231 342 1334 388 Tuis⁷
1366 342 1482 387 Deus7
1514 343 1693 379 subsidiis

474 401 526 438 Ut
558 400 625 436 illo
657 399 765 437 hoste
797 401 947 437 domato
1286 400 1479 437 Conserva
1509 410 1577 436 nos
1608 403 1644 435 et
1677 397 1839 436 defende

415 456 580 503 Spiritus
612 467 652 493 se
683 457 865 493 extollere
1230 455 1281 492 Et
1311 455 1419 492 trahe
1450 466 1517 492 uos
1550 456 1596 492 de
1628 455 1729 492 vitiis

414 513 585 560 Nequeat
618 513 676 550 vel
708 513 863 561 erigere,
1230 512 1418 549 Revelans
1452 511 1498 548 de
1529 512 1691 548 miseriis
1735 516 1741 521 “

472 570 585 615 Quasi
616 581 639 606 a
669 580 709 606 se
739 569 961 617 subiugato;
1260 568 1337 604 ¹Et.
1370 568 1567 615 benignum
1600 574 1636 604 te
1667 569 1845 618 ostende3

415 625 509 662 Nam
543 626 723 663 habemus
755 637 824 672 pro
855 625 1028 672 probato,
1231 625 1373 671 Cuique
1394 630 1562 661 nostrum
1581 626 1662 663 dic:
1686 625 1861 671 ascende,

415 682 522 729 Quia,
555 682 739 729 quidquid
773 682 875 719 dieat
904 683 1024 731 Plato,
1232 682 1326 718 Veni
1361 692 1504 717 mecum
1534 692 1603 727 pro
1634 681 1837 719 habendae

472 739 535 775 Nil
566 751 589 776 a
619 749 659 775 se
689 743 814 786 potest
845 737 984 785 facere,
1290 738 1396 774 Vitae
1427 742 1603 774 aeternae
1635 739 1802 787 gaudiis;

415 796 532 832 Immo
563 806 586 832 a
616 800 653 832 te
683 796 853 832 increato
1233 795 1345 832 Tales
1387 799 1473 831 tuae
1509 799 1596 831 sunt
1625 795 1865 840 praebendae

413 852 464 889 Et
494 864 516 889 a
547 851 697 889 flamine
729 857 766 888 et
795 856 884 888 nato
1234 851 1461 887 Nullatenus
1493 851 1759 889 concedendae

473 909 608 946 Totum
640 909 754 945 habet
784 909 1006 955 procedere.
1291 907 1373 947 Nisi
1404 908 1478 944 tuis
1511 906 1678 952 familiis,

317 1058 383 1093 35.
417 1052 575 1095 Libera
606 1065 683 1096 nos
715 1066 816 1102 ergo.
848 1055 962 1104 DeuS,
1137 1057 1201 1093 37.
1235 1052 1384 1106 Amen,
1417 1059 1537 1103 pater,
1571 1054 1840 1100 concludimus,

416 1112 472 1149 Tu
503 1116 540 1148 et
571 1118 657 1150 tuus
690 1113 882 1149 Nazareus
1234 1112 1326 1158 Quia
1355 1110 1467 1148 finem
1499 1115 1536 1147 te
1566 1111 1737 1148 novimus

474 1169 565 1206 Cum
598 1169 754 1217 proprio
785 1169 990 1215 spiramine
1290 1168 1347 1205 De
1379 1168 1440 1205 via
1469 1168 1753 1216 revertentium,

417 1226 540 1264 Unum
573 1226 685 1272 estis3
718 1226 785 1263 sed
817 1226 977 1262 Iudaeus
1234 1226 1387 1274 Locum,
1406 1225 1453 1261 ad
1473 1235 1581 1271 quem
1598 1224 1865 1261 nostendimus

419 1283 503 1320 Non
535 1282 679 1327 credit,
712 1283 810 1329 quod
844 1282 1051 1319 Gallilaeus
1234 1282 1281 1319 Et
1314 1281 1351 1317 in
1385 1293 1456 1327 quo
1489 1281 1758 1328 requiescimus

477 1339 689 1386 Conceptus
720 1339 800 1375 sine
831 1339 972 1376 semine
1295 1340 1383 1376 Post
1413 1338 1554 1375 laboris
1587 1337 1848 1384 dispendium;

419 1396 476 1433 Sit
507 1396 566 1433 vel
599 1400 708 1432 natus
741 1396 787 1432 de
818 1396 974 1442 virgine⁷
1236 1395 1293 1431 Tu
1323 1394 1431 1431 nobis
1462 1395 1512 1431 sis
1544 1395 1723 1431 solacium

419 1452 507 1489 Sive
538 1463 671 1499 passus
703 1463 772 1499 pro
803 1452 964 1497 homine,
1236 1452 1284 1489 Et
1316 1462 1452 1488 corona
1483 1456 1520 1487 et
1550 1451 1770 1500 praemium,

474 1509 524 1546 Et
556 1510 592 1546 in
626 1510 695 1545 hoc
727 1509 767 1545 fit
797 1510 879 1556 ipse
909 1520 1008 1552 reus,
1292 1508 1385 1553 Quia
1416 1508 1453 1544 in
1485 1513 1521 1544 tc
1553 1508 1798 1554 speravimus,

420 1566 509 1603 Plus
541 1567 665 1603 credit
695 1566 732 1602 in
764 1566 950 1603 velamine
1237 1564 1472 1602 Confirmans
1505 1564 1721 1601 vaticinium

420 1623 583 1670 Literae‚
631 1633 740 1669 quam
773 1623 810 1659 in
842 1623 992 1672 lumine,
1239 1621 1363 1658 David
1394 1632 1462 1667 per
1493 1621 1754 1669 privilegium:

478 1678 617 1716 Factus
650 1680 743 1716 civis
774 1684 977 1718 tartareus,
1292 1679 1334 1715 In
1368 1678 1516 1714 domum
1549 1683 1649 1715 tuam
1682 1678 1830 1718 ibimus,

274 1845 279 1848 -
396 1826 491 1858 Orat.
531 1835 590 1856 niS.
618 1825 894 1857 Caelestinorum
921 1826 960 1856 B.
986 1825 1120 1856 Mariae
1145 1824 1186 1855 de
1213 1824 1369 1855 Parisius
1395 1834 1484 1855 saec.
1514 1821 1562 1854 15.
1590 1823 1672 1855 Cod.
1698 1823 1867 1855 Mazariu.

304 1870 391 1903 :3597
415 1870 517 1911 (605).
543 1888 586 1890 —
616 1869 666 1909 19,
691 1869 713 1901 4
738 1871 827 1902 Nam
855 1877 1060 1902 maceratus.
1087 1887 1127 1891 —
1154 1867 1207 1907 27,
1233 1867 1253 1900 5
1278 1871 1444 1911 ascenpit.
1471 1887 1515 1890 —
1539 1867 1592 1906 31,
1622 1866 1661 1900 12
1688 1868 1868 1911 paxillum.

779 2074 861 2110 349.
899 2076 956 2117 (4.)
992 2074 1119 2119 Super
1145 2075 1222 2109 Ave
1248 2072 1393 2108 Maria.

352 2219 386 2255 l.
419 2214 521 2268 Ave,
553 2227 576 2253 a
609 2226 677 2253 vae
709 2218 925 2261 exemptata
1167 2216 1204 2252 2.
1237 2209 1385 2262 Maria,
1418 2217 1457 2248 tu
1489 2212 1716 2259 nuncuparis

422 2275 472 2311 Et
503 2277 631 2310 sancta
663 2273 880 2319 priusquam
910 2276 1010 2315 nata,
1237 2269 1320 2306 Non
1353 2270 1539 2306 incassum
1570 2270 1681 2306 stella
1713 2269 1839 2317 maris,

478 2331 556 2367 Vae
595 2330 732 2366 tollens
762 2329 868 2365 Evae
900 2327 1051 2376 veteris,
1294 2326 1548 2362 lllunnnatrix
1581 2325 1734 2369 saeculi,

422 2388 494 2424 Pro
526 2387 646 2423 salute
677 2385 806 2422 mundi
839 2385 938 2433 data,
1238 2383 1328 2420 Alto
1360 2383 1447 2429 polo
1475 2392 1570 2428 quae
1604 2382 1752 2428 locaris,

424 2443 563 2480 Veniae
596 2443 740 2479 vectrix
771 2445 901 2490 optata
1238 2439 1289 2477 Ut
1320 2439 1366 2475 ab
1399 2439 1476 2475 illis
1507 2439 1686 2486 videaris,

478 2501 530 2538 Et
560 2499 770 2536 vehiculum
804 2496 981 2543 foederis,
1292 2497 1456 2543 Quarum
1489 2495 1569 2531 sani
1600 2503 1685 2532 sunt
1718 2494 1829 2540 oculi,

421 2560 505 2595 Ave
535 2557 565 2592 si
597 2555 856 2602 acceptaveris
1237 2554 1339 2599 Quae
1370 2552 1474 2598 quasi
1509 2557 1676 2588 centrum
1708 2551 1839 2588 circuli

421 2614 468 2651 Et
500 2624 661 2659 unquam
694 2611 763 2648 tibi
794 2611 972 2658 pauperis
1239 2611 1280 2646 ln
1313 2609 1437 2645 medio
1468 2619 1507 2645 es
1537 2609 1667 2654 populi

477 2670 533 2707 Sit
562 2669 738 2706 salutatio
770 2673 890 2716 grata,
1296 2666 1448 2703 Cunctis
1479 2665 1820 2711 perpendicularis,

422 2727 516 2764 Nam
549 2725 734 2772 condigne
766 2736 837 2761 non
871 2724 1012 2762 videris
1240 2724 1291 2761 Ut
1322 2733 1361 2758 se
1395 2722 1556 2768 dirigant
1589 2721 1726 2768 singuli

420 2783 584 2820 Salutari
615 2794 637 2819 a
669 2782 814 2818 miseris
1237 2777 1486 2825 Temporibus
1519 2778 1677 2824 periculi

476 2839 536 2877 Ab
568 2839 700 2885 angelo
732 2838 907 2876 salutata.
1294 2837 1366 2873 Pm-
1397 2839 1445 2881 te,
1483 2845 1578 2881 quae
1610 2840 1766 2881 propter
1798 2834 1869 2871 hoc

1599 2891 1712 2929 daris
