1914 3223
107 277 174 314 43.

205 273 382 321 Magnum
414 273 648 318 miraculum,

132 371 135 374 ,
207 332 384 378 Magnum
415 330 670 377 spectaculum

112 666 180 704 44.

118 1047 182 1093 45.

114 1442 179 1478 46.

112 1824 177 1863 47.

112 2207 178 2245 48.

113 2590 178 2629 49.

263 387 368 424 'l'unc
399 387 504 423 vobis
535 385 707 434 praebuit

207 444 319 491 Deus,
353 454 434 480 cum
466 443 628 489 tegmine

206 500 337 538 Carnis
369 511 438 547 pro
469 500 617 536 homine

261 557 396 594 Tectus
427 557 615 604 apparuit.

210 664 320 702 Hunc
349 675 484 702 novum
515 663 696 713 ordinem,

212 721 425 760 Praelatum
458 720 642 758 hominem

266 777 426 816 Summis
456 777 651 826 spiritibus

210 834 330 882 Digne
361 834 544 871 miramini

211 891 290 928 Nec
321 890 573 937 dedignamini

267 947 443 995 Benignis
474 946 672 984 mentibus

215 1054 312 1091 Huic
343 1058 465 1092 tamen
499 1054 644 1101 canitis,

213 1111 310 1148 Huic
340 1121 435 1158 genu
466 1110 616 1147 flectitis

269 1167 341 1204 Vos
370 1168 407 1204 in
440 1167 674 1217 caelestibus,

208 1224 278 1271 Qui
310 1234 457 1261 carnem
490 1224 626 1261 luteam

211 1280 259 1318 Ut
293 1285 431 1317 vestem
464 1280 631 1318 trabeam

267 1337 356 1374 Fert
390 1337 436 1374 de
467 1337 721 1374 terrestribus.

212 1439 310 1476 Hinc
346 1439 634 1486 requirentibus.

214 1496 288 1532 Fur
318 1495 443 1532 tinctis
475 1496 640 1532 vestibus

270 1552 327 1589 De
357 1552 475 1589 Bosra
508 1553 666 1596 venerit,

212 1610 341 1647 Sermo
368 1608 622 1656 propheticus,

210 1665 366 1712 Semper
396 1665 595 1711 veridicus,

268 1721 418 1762 Narrat.
450 1722 538 1768 quid
571 1722 720 1762 dixerit.

210 1823 295 1861 Uva
325 1823 411 1860 dum
442 1824 635 1871 premitur,

212 1879 344 1916 Vinum
377 1880 525 1917 elicitur

266 1936 342 1973 Sub
373 1937 468 1982 preli
500 1937 678 1983 pondere,

211 1992 306 2029 Caro
337 1993 421 2029 dum
453 1993 607 2040 patitur.

211 2048 368 2096 Sanguis
399 2049 602 2086 effunditur

268 2104 343 2143 Sub
375 2106 495 2142 crucis
525 2116 650 2144 onere.

211 2207 399 2245 Calcantis
430 2207 586 2254 tingitur

209 2263 347 2309 Vestis,
381 2264 466 2300 dum
498 2264 663 2311 tangitur

265 2320 350 2358 Vini
381 2320 573 2370 rubedine,

207 2378 286 2423 Quo
317 2377 421 2414 Deus
452 2377 601 2426 tegitur,

210 2433 353 2479 Corpus
384 2432 548 2470 inficitur

266 2489 393 2526 Effuso
423 2490 612 2537 sanguine.

212 2590 285 2627 Hic
316 2590 430 2628 rubor
461 2592 616 2629 vestium

211 2646 340 2694 Signat
371 2648 607 2695 supplicium,

264 2704 370 2750 Quod
401 2709 534 2750 sponte
565 2705 733 2751 pertulit,

209 2760 315 2805 Quod
347 2765 470 2798 tamen
501 2761 656 2808 gloriam

210 2818 334 2863 Atque
366 2817 556 2854 victoriam

269 2873 478 2911 Devincens
510 2874 651 2914 retulit.

826 154 906 198 247
970 178 1022 185 —

919 272 986 310 50.

921 663 986 701 51.

926 1055 989 1092 52.

1018 270 1115 316 Quid
1146 269 1246 307 ultra
1277 267 1468 306 referam?

1018 327 1145 364 Patris
1175 326 1239 371 ad,
1257 326 1450 363 dexteram

1075 385 1153 422 Iam
1186 383 1358 421 Christus
1389 381 1543 429 residet,

1016 440 1128 479 Unde
1159 439 1360 487 caeligenis

1017 498 1142 544 Atque
1173 496 1374 544 terrigenis

1077 555 1127 593 Ut
1159 554 1263 590 Deus
1295 553 1511 600 praesidet:

1019 661 1115 707 Quid
1148 661 1195 698 de
1227 661 1450 707 discipulis?

1017 719 1214 756 Assistunt
1244 718 1363 754 oculis

1075 775 1167 812 Alta
1198 774 1422 811 rimantibus

1017 832 1068 870 Et
1098 831 1146 868 ad
1178 831 1368 869 insolitum

1018 888 1180 936 Stupent
1210 888 1384 926 intuitum

1075 944 1274 992 Suspensis
1305 944 1505 982 mentibus.

1023 1052 1218 1090 Sublatum
1251 1051 1405 1098 visibus,

1019 1109 1241 1156 Susceptum
1274 1108 1435 1146 nubibus

1076 1166 1223 1203 Ducunt
1255 1165 1450 1203 affectibus

1020 1222 1288 1270 Spiritualibus

1019 1279 1117 1325 Ipsis
1148 1278 1369 1326 corporibus

1075 1336 1174 1373 Pene
1205 1335 1460 1382 sequentibus.

926 1442 940 1458 Γ
981 1471 989 1479 .
1017 1439 1123 1475 Tunc
1153 1439 1224 1476 viri
1254 1437 1446 1484 splendidi

920 1824 986 1863 54.

919 2212 940 2247 CJ!

947 2212 968 2247 0⁷(

922 2596 987 2633 56.

1021 1496 1208 1542 Vesteque
1241 1494 1395 1532 candidi

1074 1552 1183 1589 Missi
1215 1551 1261 1588 ab
1293 1551 1446 1588 aethere

1019 1609 1123 1645 Haec
1154 1607 1497 1654 contemplantibus

1018 1665 1066 1702 Et
1103 1665 1379 1702 admirantibus

1075 1722 1289 1768 Coeperunt
1320 1721 1469 1759 dicere:

1019 1822 1052 1862 O
1084 1824 1173 1870 quid
1205 1823 1426 1870 suspicitis?

1018 1881 1107 1929 Iste,
1141 1891 1249 1927 quem
1277 1880 1431 1917 cernitis

1074 1937 1206 1974 Caelos
1236 1937 1542 1983 transscendere,

1017 1994 1230 2031 Descendet
1261 1994 1396 2030 iterum

1018 2050 1244 2088 Cunctorum
1277 2061 1433 2097 operum

1074 2108 1215 2146 Causas
1248 2107 1477 2147 discernere.

975 2239 984 2247 .
1015 2209 1120 2247 Sicut
1150 2210 1320 2246 ascensio

1016 2266 1101 2303 Fiet
1132 2267 1332 2313 regressio,

1073 2323 1230 2368 Quando
1264 2322 1444 2360 iudicium

1017 2380 1222 2417 Commotis
1252 2379 1424 2418 omuibus

1018 2436 1120 2474 Caeli
1143 2437 1346 2474 virtutibus

1073 2493 1158 2530 Erit
1190 2493 1416 2531 mortalium.

1020 2595 1144 2642 Illum,
1177 2606 1259 2632 cum
1290 2595 1428 2641 veniet,

1016 2651 1145 2688 Nubes
1176 2652 1367 2699 suscipiet,

1073 2708 1176 2745 Sicut
1212 2713 1444 2755 susceperat,

1017 2764 1173 2810 Quando
1203 2765 1418 2802 videntibus

1018 2821 1067 2858 Et
1098 2821 1387 2870 obstupentibus

1077 2878 1191 2916 Vobis
1221 2879 1457 2918 ascenderat.
