1914 3223
746 175 791 179 u
858 150 936 191 143
994 174 1048 179 —

125 268 217 306 haec
261 268 309 305 sit
348 266 567 307 translatio,
614 277 723 312 quam
764 271 892 302 nostra
933 270 966 302 et
1009 265 1206 302 Gallicana
1246 263 1455 311 frequentat
1501 264 1674 302 ecclesia.

126 326 242 372 Quam
271 324 301 360 si
333 333 377 360 ex
399 333 525 359 eorum
551 323 661 359 dictis
686 322 893 360 diiudicare
916 322 1084 362 velimus,
1117 321 1178 368 qui
1203 321 1488 373 translationum
1512 321 1671 358 diversi-

125 373 221 419 'tates
248 380 354 417 nobis
381 384 621 426 aperuerunt.
652 379 760 425 longe
790 378 837 415 ab
870 379 1053 415 universis
1078 378 1451 424 interpretationibus
1474 377 1674 414 dissidebit

125 442 162 473 et
183 436 334 481 nullam,
366 441 403 473 ut
426 435 600 482 arbitror,
625 435 860 473 auctoritatis
878 435 1098 482 dignitatem
1121 434 1318 472 obtinebit.
1367 434 1408 471 In
1431 445 1501 480 qua
1525 435 1674 480 quidem

126 493 219 531 adeo
249 493 451 540 longaevae
482 492 762 528 consuetudinis
795 502 881 527 usus
914 492 986 529 iam
1019 491 1243 538 praevaluit,
1276 495 1328 535 ut,
1363 502 1444 527 cum
1475 491 1512 527 in
1537 490 1674 527 ceteris

125 554 291 587 correcta
332 549 431 586 beati
465 548 681 595 Hieronymi
724 553 914 584 teneamus
955 547 1208 594 exemplaria,
1251 548 1286 584 in
1331 547 1533 594 psalterio,
1575 547 1673 595 quod

125 607 283 644 maxime
315 604 606 652 frequentamus,
640 615 841 651 sequamur
871 604 1102 651 apocrypha.

236 662 466 709 Hymnorum
499 672 599 705 vero,
633 661 767 708 quibus
798 671 896 697 nunc
923 661 1074 704 utimur,
1108 665 1213 697 tanta
1234 665 1291 696 est
1312 659 1492 704 confusio,
1525 665 1577 707 ut,
1610 661 1672 707 qui

126 730 278 766 quorum
319 719 413 765 sint,
458 718 560 755 nulla
592 711 650 755 vel
680 729 767 754 rara
797 718 989 754 titulorum
1022 717 1273 764 praescriptio
1306 718 1531 764 distinguat,
1574 721 1609 754 et
1641 717 1673 754 si

125 776 239 823 aliqui
280 780 400 812 certos
440 779 612 812 auctores
651 775 788 811 habere
831 774 1051 817 videantur,
1093 785 1247 820 quorum
1290 774 1401 820 primi
1433 774 1600 811 Hilarius
1637 778 1671 810 et

124 832 345 870 Ambrosius
388 831 576 868 exstitisse
618 831 843 876 creduntur,
887 831 1024 868 deinde
1057 831 1283 867 Prudentius
1333 835 1360 866 it
1393 831 1563 877 plerique
1594 831 1672 878 alii,

125 892 228 926 tanta
254 894 310 925 est
339 887 554 935 frequenter
584 888 830 934 inaequalitas
862 887 1104 935 syllabarum,
1138 891 1179 923 ut
1211 887 1271 923 vix
1304 888 1439 924 cantici
1469 887 1671 924 melodiam

125 945 318 992 recipiant.
347 945 426 981 sine
447 955 519 991 qua
541 945 751 981 nullatenus
774 944 931 991 hymnus
954 944 1159 980 consistere
1181 949 1315 992 potest,
1341 945 1443 980 cuius
1467 944 1672 990 descriptio

124 1006 178 1038 est
220 1002 300 1038 laus
331 1001 401 1038 Dei
443 1012 523 1037 cum
567 1001 724 1040 cantico,
787 1000 980 1047 Plerisque
1020 1000 1132 1037 etiam
1170 1000 1470 1037 solemnitatibus
1502 1001 1671 1038 addebas

124 1050 254 1094 deesse
295 1057 465 1104 proprios
508 1058 686 1105 hymnos,
728 1062 856 1104 utpote
889 1058 1130 1094 innocentum
1173 1061 1209 1093 et
1237 1057 1565 1104 Evangelistarum
1607 1068 1672 1094 seu

122 1114 270 1151 illarum
302 1119 526 1162 sanctarum,
561 1125 655 1162 quae
688 1114 850 1161 virgines
881 1114 939 1150 vel
972 1118 1157 1161 martyres
1187 1113 1338 1150 minime
1371 1115 1608 1151 exstiterunt.

236 1171 443 1207 Nonnulles
486 1171 646 1217 denique
687 1170 882 1208 asserebas
917 1181 1020 1219 esse,
1063 1170 1100 1206 in
1132 1170 1266 1216 quibus
1297 1182 1562 1217 nonnunquam
1594 1171 1672 1215 hos,

121 1238 141 1263 a
171 1227 304 1273 quibus
337 1227 597 1269 decantantur,
630 1227 779 1264 mentiri
810 1237 962 1264 necesse
993 1228 1054 1270 sit,
1088 1232 1164 1263 tum
1197 1227 1371 1263 videlicet
1401 1238 1469 1273 pro
1492 1228 1672 1274 temporis

122 1283 365 1331 necessitate,
408 1289 483 1320 tum
525 1295 593 1329 pro
635 1282 810 1320 falsitatis
850 1283 1066 1321 insertione.
1129 1284 1225 1320 Casu
1267 1284 1405 1330 quippe
1446 1284 1571 1330 aliquo
1615 1284 1672 1321 vel

122 1339 484 1385 dispensationem
524 1340 634 1376 modo
670 1340 819 1386 saepius
851 1340 1065 1387 praepediti
1099 1340 1229 1376 fideles
1261 1339 1465 1376 constituta
1496 1340 1671 1377 horarum

121 1401 287 1442 tempora
321 1396 377 1432 vel
410 1396 655 1442 praeveniunt
689 1396 746 1432 vel
776 1396 823 1433 ab
850 1396 942 1442 ipsis
965 1397 1267 1443 praevenientur,
1301 1402 1341 1432 ut
1366 1396 1411 1433 de
1433 1397 1516 1443 ipso
1540 1397 1671 1434 saltem

119 1456 288 1498 tempore
329 1452 477 1488 mentiri
519 1452 814 1499 compellantur,
860 1453 946 1489 dum
981 1453 1159 1490 videlicet
1188 1458 1251 1489 aut
1282 1457 1484 1490 nocturnos
1519 1453 1579 1489 die
1609 1460 1672 1491 aut

119 1508 272 1545 diurnos
302 1513 411 1545 nocte
443 1508 597 1554 hymnos
631 1509 844 1546 decantant.
892 1511 1073 1546 Constant
1095 1509 1245 1558 quippe,
1280 1509 1485 1546 secundum
1508 1511 1670 1558 prophe-

119 1565 228 1600 ticam
270 1565 531 1602 auctoritatem
573 1570 607 1601 et
649 1565 942 1602 eeclesiasticam
986 1566 1258 1602 institutionem
1302 1577 1370 1602 nec
1407 1567 1571 1604 alaude
1602 1567 1671 1604 Dei

118 1626 262 1657 noctem
294 1620 413 1667 ipsam
447 1631 600 1670 vacare,
635 1622 731 1658 sicut
761 1622 943 1669 scriptum
974 1627 1051 1660 est:
1097 1623 1250 1659 Memor
1278 1623 1334 1669 fui
1365 1626 1472 1660 nocte
1502 1624 1673 1662 nominis

115 1677 185 1724 tui,
216 1677 395 1726 Domine,
430 1683 467 1714 et
496 1679 652 1716 iterum:
691 1678 825 1715 Media
857 1680 963 1716 nocte
992 1680 1192 1726 sumebam
1224 1679 1276 1716 ad
1305 1679 1559 1727 confitendum
1593 1681 1671 1730 tibi,

116 1733 185 1770 hoc
216 1740 271 1770 est
302 1734 349 1770 ad
382 1734 611 1772 laudandum
635 1739 693 1781 te3
726 1745 795 1771 nec
820 1739 965 1782 septem
985 1736 1148 1783 reliquas
1170 1736 1312 1786 laudes,
1348 1737 1395 1773 de
1416 1737 1550 1784 quibus
1571 1737 1672 1775 idem

115 1790 283 1827 meminit
330 1791 534 1838 propheta:
580 1791 716 1838 septies
760 1792 803 1827 in
848 1792 908 1829 die
953 1792 1106 1830 laudem
1151 1793 1232 1830 dixi
1276 1793 1368 1838 tibi,
1415 1794 1488 1830 nisi
1534 1795 1572 1831 in
1614 1795 1674 1831 die

114 1847 387 1894 persolvendas
428 1857 522 1886 esse.
583 1849 743 1893 Quarum
786 1848 938 1895 quidem
979 1849 1123 1897 prima,
1162 1860 1257 1896 quae
1297 1851 1501 1887 matutinae
1542 1851 1674 1888 la‘udes

113 1903 376 1951 appellantur,
419 1904 464 1941 de
496 1915 569 1951 qua
600 1905 636 1941 in
665 1906 795 1942 eodem
828 1906 1009 1952 scriptum
1042 1912 1098 1942 est
1129 1907 1336 1953 propheta:
1374 1907 1425 1944 In
1458 1908 1670 1958 matutinis,

114 1959 292 2007 Domine,
326 1961 538 1998 meditabor
568 1961 613 1998 de
643 1965 685 2010 te,
720 1963 757 1998 in
788 1963 870 2008 ipso
904 1963 1029 2000 statim
1053 1963 1127 2000 diei
1148 1963 1256 2001 initio
1276 1964 1518 2002 illucescente
1538 1977 1675 2002 aurora

114 2027 179 2054 seu
220 2015 377 2054 lucifero
419 2017 698 2065 praemittenda
739 2024 816 2066 est3
858 2020 958 2066 quod
995 2020 1107 2057 etiam
1138 2021 1175 2057 in
1208 2021 1398 2068 plerisque
1431 2021 1675 2069 distinguitur

113 2073 273 2120 hymnis.
320 2074 410 2112 Cum
440 2075 537 2111 enim
561 2075 673 2111 dicit:
707 2076 826 2112 Nocte
845 2079 1039 2123 surgentes
1060 2076 1258 2124 viyilemus
1280 2089 1421 2127 omnes,
1456 2084 1493 2115 et
1512 2078 1669 2116 iterum:

113 2130 268 2168 Noctem
299 2130 470 2168 canendo
502 2132 732 2179 rumpimus,
766 2133 845 2170 vel:
880 2133 946 2170 Ad
973 2134 1227 2180 confitendum
1255 2135 1450 2182 suryimus
1471 2147 1675 2182 morasque

111 2187 230 2225 noctis
270 2187 497 2238 rumpimus,
540 2193 576 2225 et
616 2189 727 2226 alibi:
769 2190 858 2227 Nox
898 2193 987 2227 atra
1026 2201 1151 2228 rerum
1186 2191 1348 2238 contenit
1378 2195 1501 2229 terrae
1531 2192 1674 2230 colores

113 2243 308 2292 omnium,
351 2245 430 2285 vel:
469 2245 572 2282 Nam
621 2245 752 2283 lectulo
793 2247 1060 2295 consurgimus
1099 2248 1222 2285 noetis
1253 2248 1377 2294 quieto
1408 2251 1596 2297 tempore,
1638 2253 1675 2286 et

112 2311 280 2337 rursum:
329 2301 377 2339 Ut
417 2302 558 2354 quique
598 2302 712 2340 horas
751 2304 919 2341 noctium
960 2315 1065 2341 nunc
1095 2305 1328 2342 concinendo
1360 2306 1597 2354 rumpimus,
1638 2310 1674 2343 et

112 2357 272 2394 similia:
316 2358 390 2404 ipsi
421 2358 492 2396 sibi
530 2359 671 2410 hymni,
705 2361 802 2406 quod
836 2361 1009 2397 nocturni
1040 2366 1147 2411 sunt,
1193 2361 1442 2399 testimonium
1476 2363 1670 2409 praebent.

115 2413 175 2451 Sic
205 2418 240 2450 et
271 2415 445 2462 matutini
476 2427 542 2453 seu
573 2416 710 2463 reliqui
740 2417 869 2464 hymni
901 2418 1045 2465 proprii
1076 2419 1271 2464 temporis,
1304 2430 1376 2465 quo
1399 2420 1549 2457 dicendi
1571 2427 1670 2468 sunt,

115 2470 384 2508 institutionem
414 2482 678 2520 nonnunquam
710 2473 950 2519 profitentur,
985 2474 1089 2512 verbi
1121 2476 1242 2521 gratia
1266 2486 1345 2512 eum
1371 2476 1528 2514 divitur:
1561 2477 1668 2526 Ecce,

112 2526 188 2563 iam
221 2528 342 2565 noctis
379 2532 560 2567 tenuatur
590 2530 741 2577 umbra,
774 2536 810 2567 et
840 2531 999 2568 iterum:
1032 2532 1135 2577 Lux,
1169 2543 1258 2573 ecce,
1290 2533 1413 2579 sao-ait
1435 2544 1568 2581 aurea,
1591 2535 1672 2572 vel:

113 2582 267 2621 Aurora
299 2585 377 2621 iam
411 2587 559 2633 sparyit
582 2587 731 2633 polum,
765 2598 850 2625 seu:
884 2588 1043 2626 Aurora
1075 2588 1168 2625 lucis
1200 2589 1346 2635 rutilat,
1380 2595 1415 2626 et
1438 2590 1549 2627 alibi:
1583 2590 1673 2628 Ales

114 2639 186 2677 diei
214 2642 376 2679 nuntius
407 2642 523 2679 lucem
554 2644 815 2689 propinquam
842 2645 1050 2691 praecinit,
1086 2645 1164 2682 vel:
1198 2644 1311 2683 Ortus
1342 2646 1505 2693 refulyet
1526 2647 1672 2694 lucifer,

114 2702 150 2733 et
178 2697 209 2733 si
239 2698 302 2744 qui
333 2704 417 2735 sunt
451 2699 676 2749 huiusmodi,
709 2700 784 2747 ipsi
813 2712 878 2738 nos
912 2702 1099 2738 instruunt
1133 2702 1273 2748 hymni,
1306 2714 1378 2749 quo
1410 2708 1580 2750 tempore
1599 2705 1671 2741 sint

112 2755 311 2801 cantandi,
353 2760 405 2801 ut,
447 2756 478 2793 si
522 2757 574 2793 eis
608 2757 784 2793 videlicet
816 2768 882 2794 sua
912 2762 1083 2805 tempora
1115 2769 1187 2794 non
1217 2759 1480 2809 observemuS,
1522 2762 1559 2797 in
1589 2762 1673 2807 ipsa

116 2819 239 2847 eorum
281 2813 492 2858 prolatione
534 2814 734 2850 mendaces
777 2814 1024 2854 inveniamur.
1085 2815 1194 2851 Hanc
1235 2820 1357 2853 tamen
1394 2816 1672 2855 observantiam

115 2877 186 2904 non
231 2872 306 2905 tam
352 2869 590 2917 neglegentia
637 2870 858 2918 plerumque
903 2872 1000 2908 tollit
1049 2883 1156 2918 qnam
1201 2875 1405 2910 necessitas
1445 2874 1569 2921 aliqua
1615 2875 1669 2911 vel
