1914 3223
676 228 726 235 -
787 205 868 246 205

167 388 248 427 2307.
287 389 367 431 (10.)
399 386 546 432 Incipit
570 385 758 430 egregiae
784 385 871 421 laus
900 394 1040 421 sacrae
1067 373 1235 428 Mariae,

402 446 505 481 Laus
530 442 761 480 salvatricis
788 443 1029 486 sanctaeque
1055 441 1128 477 Dei
1153 438 1389 484 genetricis.

78 567 110 603 1.
143 564 236 609 Ave,
268 562 361 600 lucis
391 560 572 610 egregiae,

146 618 387 665 Pontificalis‚
419 617 542 665 regiae

202 675 301 713 Nata
331 676 434 721 virgo
464 673 640 721 prosapia

202 731 363 770 Caelesti
394 727 643 778 providentia,

145 789 284 835 Insigni
317 787 462 834 fulgens
491 786 651 833 nomine,

143 845 286 882 Tantae
309 844 493 891 condigno
516 843 703 890 dominae,

203 901 300 938 Luce
328 901 429 938 claro
459 900 618 947 triplici!

76 1029 114 1065 ἓξ)

145 1026 291 1073 Lingua
322 1034 479 1072 namque
509 1023 715 1071 tripartita,

132 1084 261 1121 'Immo
293 1082 392 1119 trina
421 1082 503 1118 luce
534 1080 636 1125 trita,

203 1139 420 1176 Illuminans
451 1138 561 1174 stella
590 1137 704 1174 maris

200 1196 248 1232 Et
281 1196 431 1232 domina
462 1194 677 1239 nominaris,

144 1252 219 1290 Sed
248 1252 397 1289 domina
426 1251 622 1293 claritatis,

145 1309 262 1345 Stella
291 1309 373 1344 luce
402 1307 552 1344 deitatis

200 1365 366 1402 Radians
397 1364 608 1410 multiplici.

79 1491 116 1528 3.
146 1490 241 1538 Ave,
274 1489 409 1534 Maria,
441 1488 625 1535 virginum

145 1545 235 1582 Flos
263 1550 296 1582 et
330 1545 462 1588 decus,
499 1545 563 1582 lux
595 1544 797 1590 hominum,

201 1602 332 1639 Totius
363 1602 425 1638 lux
457 1601 639 1638 ecelesiae

201 1658 250 1695 Et-
282 1656 362 1695 fons
394 1658 685 1703 misericordiae,

145 1716 244 1752 Vera
274 1722 405 1762 mater,
437 1715 540 1761 virgo
573 1725 678 1762 vera,

144 1772 224 1812 Pia.
256 1772 356 1808 mitis
387 1777 421 1808 et
453 1772 611 1812 sincera,

205 1829 321 1866 Plena
351 1828 421 1865 Dei
451 1828 587 1875 gratia.

75 1955 114 1992 4.
148 1951 362 1990 Gratiarum
396 1952 507 1998 plena
539 1953 658 1998 donis,

149 2009 349 2055 Copiarum
381 2010 492 2055 plena
525 2010 643 2057 bonis,

201 2065 424 2103 Divitiarum
457 2065 627 2110 culmine,

202 2121 427 2159 Deliciarum
457 2121 608 2158 flumine

149 2177 432 2226 Quadripartito
462 2177 575 2216 fluvio

148 2234 322 2279 Paradisi
352 2235 464 2282 plena
495 2235 569 2281 dio,

202 2291 316 2330 Plena
345 2291 416 2329 Dei
449 2292 568 2338 copia.

83 2418 117 2453 Γ».
150 2414 274 2455 Salve.
307 2414 424 2462 salve,
456 2414 571 2464 salve,
605 2414 718 2463 digna

147 2470 218 2508 Dei
247 2475 368 2507 mater
397 2476 434 2507 et
465 2471 636 2519 benigna,

201 2528 356 2574 Semper
364 2527 481 2574 virgo,
492 2538 641 2575 semper
650 2529 798 2576 munda,

202 2583 274 2620 Sed
321 2594 550 2630 nequaquam
583 2583 799 2634 infecunda,

146 2640 262 2677 Immo
294 2640 420 2677 divino
450 2641 615 2687 germine

147 2696 361 2743 Praegnans
392 2701 427 2733 et
460 2707 547 2734 vero
578 2698 740 2747 numine,

202 2752 325 2800 Digna
356 2753 425 2790 Dei
457 2754 589 2802 gloria.

159 2931 184 2974 ¹)
208 2933 334 2975 Cespes
359 2934 421 2965 11³.

894 561 930 598 6.
948 545 1072 605 Digna
1108 556 1223 595 verbo
1253 556 1455 606 exarans,

949 615 1073 662 Digna
1104 614 1196 662 Deo,
1229 613 1342 663 digna
1372 614 1498 660 caelis,

1006 671 1129 718 Digna
1160 671 1254 708 caeli
1287 670 1487 718 colloquio,

1006 728 1131 775 Digna
1162 727 1284 764 laudis
1316 726 1530 777 praeconio,

952 784 1114 832 Dignum
1147 795 1212 821 vas
1244 784 1464 830 sapientiae,

953 840 1040 878 Sole
1072 841 1185 888 digna
1207 840 1383 885 iustitiae,

1007 897 1132 945 Digna
1162 897 1269 936 verbi
1299 898 1415 945 regia.

897 1022 1043 1066 7.Ave‚
1074 1022 1188 1069 mitis⁷
1220 1032 1301 1068 ave,
1333 1022 1409 1071 pia,

951 1080 1044 1124 Ave,
1080 1079 1201 1116 dulcis
1231 1091 1252 1117 o
1282 1079 1418 1126 Maria,

1006 1138 1101 1183 Ave,
1133 1140 1262 1173 nostra
1293 1136 1368 1173 dux
1400 1140 1437 1173 et.
1467 1137 1558 1183 vita,

1010 1192 1098 1240 Spei
1130 1197 1280 1230 nostrae
1311 1193 1371 1230 via
1401 1193 1503 1239 trita,

954 1250 1027 1287 Per
1039 1261 1148 1297 quam
1159 1260 1304 1287 sursum
1314 1260 1381 1296 spe
1392 1251 1609 1287 conscendit

952 1306 1091 1344 Nostra
1121 1306 1215 1343 fides
1247 1310 1284 1343 et
1314 1306 1510 1344 descendit

1008 1363 1130 1410 Super
1159 1373 1225 1400 nos
1257 1363 1455 1401 clementia

898 1489 933 1527 8.
954 1487 1024 1524 Dei
1055 1488 1174 1525 nostri
1206 1488 1405 1525 salvatoris

953 1544 1056 1581 Sicut
1086 1544 1208 1581 imber
1237 1545 1369 1581 summi
1400 1545 1497 1582 roris

1008 1601 1057 1638 Et
1089 1601 1185 1638 sicut
1215 1601 1412 1639 stillicidia

1010 1657 1132 1704 Super
1161 1661 1299 1695 terram
1331 1659 1514 1696 stillantia

955 1714 1114 1751 Divinae
1147 1715 1394 1752 voluntariam

954 1771 1217 1820 Indulgentiae
1247 1772 1412 1818 pluviam

1011 1829 1055 1865 In
1087 1829 1258 1866 terrestri
1291 1830 1427 1875 patria.

899 1954 936 1991 9.
955 1952 1079 1999 Salve,
1112 1954 1228 2002 salve,
1261 1954 1371 1991 stella
1402 1955 1529 2003 maris,

957 2010 1060 2056 Quae
1093 2010 1260 2047 divinum
1291 2011 1408 2048 solem
1438 2012 1554 2061 paris,

1011 2067 1131 2104 Tuum
1162 2073 1252 2105 nata
1281 2068 1503 2114 genitorem,

1011 2123 1130 2160 Tuum
1161 2125 1308 2170 plasma
1339 2125 1584 2171 conditorem,

955 2179 1084 2230 Virga,
1117 2180 1245 2226 robur,
1278 2180 1357 2231 flos,
1391 2182 1591 2229 virgutum‚

955 2234 1135 2286 Saepis1j)
1167 2237 1296 2275 orbem
1327 2242 1366 2276 tu
1398 2239 1578 2276 virtutum

1012 2293 1063 2331 Et
1093 2294 1236 2341 gloriae
1258 2294 1471 2335 Dominum.

876 2418 939 2456 10.
958 2417 988 2455 Ο
1020 2428 1079 2455 res
1111 2429 1219 2466 nova,
1251 2430 1312 2456 res
1342 2421 1541 2471 stupenda,

957 2474 987 2512 O
1020 2485 1079 2512 res
1111 2475 1218 2522 mira,
1252 2487 1311 2513 res
1343 2477 1549 2527 credenda,

1011 2531 1135 2579 Digna
1166 2532 1253 2578 fide,
1286 2534 1366 2581 spei
1398 2538 1498 2581 nota,

1011 2589 1172 2627 Caritati
1204 2594 1306 2626 certa
1338 2594 1429 2635 tota,

953 2644 1076 2692 Digna
1098 2646 1222 2693 laude7
1251 2647 1363 2694 digna
1388 2648 1473 2695 coli,

954 2701 1079 2749 Digna
1101 2703 1203 2740 cultu
1221 2707 1358 2751 terrae,
1381 2705 1472 2750 poli,

1012 2758 1136 2806 Digna
1166 2760 1266 2796 salus
1300 2760 1509 2798 hominum!
