2031 3289
246 317 320 355 2a.

253 696 324 733 3a.

257 1017 331 1053 4a.

261 1396 333 1433 5a.

264 2001 337 2038 6a.

271 2543 340 2580 va.

872 201 1177 241 —366—

358 316 523 354 Verbum
556 316 689 353 summi
720 315 855 363 patris,

362 373 463 419 quod
493 377 703 410 eructatum

360 428 514 476 homini,
547 429 682 475 angelo
714 428 821 465 dedit

361 495 444 522 esse
474 496 518 522 ac
548 495 698 531 semper
727 494 822 531 esse,

362 546 402 578 ut
436 542 544 578 daret
574 541 694 578 isdem

362 598 503 644 optime
535 608 628 636 esse.

365 694 448 731 Hoc
479 693 649 738 verbum,
682 703 770 729 caro
801 691 942 729 factum

364 750 403 786 in
435 754 556 786 matre
586 749 745 795 virgine,

365 806 550 853 processit
582 808 629 842 de
656 806 823 842 thalamo

367 873 525 909 sponsus
556 861 731 898 amabilis

368 920 405 955 in
438 918 571 955 habitu
603 918 739 955 carnis,

372 1016 456 1053 Vox
488 1015 586 1051 enim
617 1018 753 1051 tonans

368 1071 555 1108 Iohannes
588 1071 822 1119 evangelista

369 1128 577 1164 conterruit
607 1125 754 1177 fugans,

370 1182 586 1221 fulminavit
615 1184 744 1220 hostes

370 1241 553 1277 ecclesiae

370 1297 478 1333 verbi
509 1296 746 1335 fortitudine.

376 1393 473 1430 Nam
515 1404 587 1430 vox
623 1393 781 1430 tonitrui
811 1393 1005 1440 apostolus

374 1449 412 1486 in
444 1456 527 1486 rota
556 1449 660 1486 orbis

374 1511 499 1543 terrae
531 1506 714 1554 cognitus,

373 1562 442 1600 sed
472 1573 544 1599 vox
577 1562 774 1599 clamantis

376 1624 432 1656 est
461 1619 499 1655 in
533 1619 682 1655 deserto
712 1623 850 1665 parata

376 1675 540 1713 Domino
572 1685 709 1721 parare

378 1730 587 1779 perfectam
620 1731 782 1778 plebem,

378 1799 515 1835 praeco
545 1788 697 1832 nobilis,

379 1845 518 1882 ardens
550 1850 585 1881 et
617 1845 746 1881 lucens
777 1844 933 1880 lucerna

380 1902 521 1939 aeterni
554 1901 719 1940 luminis

379 1998 477 2035 Nam
508 2009 594 2034 caro
626 1997 782 2033 verbum

379 2060 417 2091 et
446 2055 602 2091 verbum
635 2065 723 2090 caro

382 2115 438 2148 est
469 2122 563 2148 unus
594 2111 818 2147 Emmanuel

379 2169 418 2204 in
449 2168 594 2204 naturis

380 2225 552 2271 equidem
587 2224 746 2269 duabus,
779 2224 847 2260 sed

380 2281 504 2317 unitus
535 2281 675 2323 taliter,

379 2342 420 2374 ut
450 2348 562 2374 unum
595 2338 642 2373 sit
674 2338 870 2386 electrum,

381 2395 419 2430 in
451 2405 523 2440 quo
554 2395 675 2431 nostri

383 2451 529 2497 argenti
561 2449 685 2497 fulgor
717 2450 846 2486 crevit.

381 2541 484 2579 Audi
515 2551 595 2589 nos,
627 2540 749 2586 homo,

383 2607 491 2644 quem
524 2597 578 2633 sic
610 2602 718 2643 pater

384 2659 518 2690 cuncta
550 2654 694 2690 donans
725 2653 898 2690 honorat.

310 2759 342 2783 ·.
389 2744 543 2792 Audite,
576 2744 716 2790 pariles

385 2801 583 2847 Iohannes,
616 2800 677 2846 qui
709 2800 815 2846 quasi

387 2857 459 2893 duo
491 2857 692 2893 Cherubim

387 2919 525 2948 vosmet
561 2912 762 2961 respicitis,

1063 314 1138 354 2b.

1069 691 1142 730 ab.

1071 1012 1146 1052 4b.

1077 1391 1152 1430 5b.

1083 1996 1157 2036 6b.

1086 2538 1158 2576 7b.

1086 2741 1160 2781 8b.

1181 317 1342 354 Carnem
1373 318 1540 351 nostram
1571 313 1744 361 sumpsit,

1176 382 1250 418 qua
1279 371 1522 416 instauraret,

1176 437 1272 474 quae
1301 428 1339 463 in
1371 427 1486 463 caelis
1518 430 1617 473 sunt,
1649 425 1787 472 omnia,

1175 493 1344 530 quaeque
1360 483 1398 519 in
1414 483 1527 519 terris
1539 486 1638 531 sunt,
1659 488 1808 529 cuncta,

1180 540 1409 586 coniungens
1437 539 1477 575 in
1508 549 1549 575 se

1179 596 1253 632 ista
1283 600 1320 631 et
1351 595 1431 634 illa.

1183 692 1267 728 Hoc
1296 691 1465 737 verbum,
1499 700 1627 727 vocem
1657 685 1813 739 sumens'¹

1181 749 1219 784 in
1251 752 1354 784 casto
1385 747 1572 794 theologo,

1186 805 1290 852 gigas
1321 814 1477 840 currens
1508 803 1654 850 prodiit

1186 862 1226 897 in
1257 859 1480 897 fortitudine

1185 917 1288 954 vocis
1320 916 1492 955 tonitrui.

1191 1013 1297 1050 Haeo
1327 1023 1400 1049 vox
1433 1013 1519 1049 (lum
1551 1016 1744 1061 personat,

1186 1069 1345 1116 abyssus
1376 1069 1553 1114 abyssum
1584 1069 1747 1116 invocat,

1187 1126 1374 1164 Iohannes
1406 1125 1638 1172 evangelista

1186 1182 1394 1220 Iohannem
1422 1181 1642 1229 baptistam,

1189 1239 1298 1275 testis
1329 1242 1477 1284 testem,

1189 1305 1306 1333 verax
1336 1304 1522 1342 veracem,
1553 1305 1625 1331 vox
1657 1303 1798 1331 vocem.

1196 1392 1366 1437 Uterque
1394 1390 1480 1437 pari
1510 1389 1725 1427 testimonio

1190 1448 1229 1484 in
1262 1447 1370 1484 huius
1400 1447 1531 1484 mundi

1191 1500 1382 1541 auditorio

1190 1561 1343 1607 plenum
1373 1559 1497 1606 gratia

1194 1620 1231 1653 et
1261 1616 1422 1653 veritate
1453 1615 1650 1652 confirmat

1193 1673 1426 1719 unigenitum
1457 1673 1591 1719 patris,

1195 1734 1414 1775 regnantem
1446 1729 1550 1765 eaelo

1194 1786 1451 1831 aeternaliter,

1195 1843 1263 1879 sed
1294 1842 1414 1879 visum
1445 1843 1483 1878 in
1514 1840 1628 1878 terris
1656 1840 1830 1878 localiter

1196 1909 1241 1936 ac
1270 1899 1544 1945 temporaliter.

1200 1995 1330 2032 Crevit
1360 2006 1507 2033 revera.

1197 2052 1317 2089 crevit
1347 2052 1386 2088 in
1419 2056 1577 2095 tantum,

1195 2114 1235 2146 ut
1265 2109 1360 2146 nihil
1392 2109 1443 2144 sit
1472 2107 1728 2155 praeclarius3

1196 2176 1281 2202 nam
1314 2165 1378 2201 lux
1409 2165 1520 2201 lunae

1195 2223 1315 2258 lucem
1347 2221 1438 2258 solis
1469 2221 1605 2267 induit,

1197 2279 1284 2315 dum
1317 2288 1391 2314 non
1422 2278 1471 2314 ad
1502 2287 1717 2313 mensuram

1197 2333 1442 2371 clarificando
1474 2334 1578 2371 Deus

1194 2391 1381 2427 hominem

1194 2448 1259 2484 lux
1291 2446 1427 2483 nubem
1458 2447 1580 2483 lucem
1612 2443 1717 2483 fecit.

1202 2537 1305 2575 Audi
1337 2548 1415 2578 nos,
1449 2540 1570 2583 pater,

1197 2605 1305 2640 quem
1338 2599 1373 2630 et
1405 2593 1503 2630 Deus

1199 2650 1321 2687 factus
1352 2650 1462 2687 homo
1494 2649 1666 2686 honorat.

1204 2742 1294 2779 Cum
1327 2740 1540 2776 testimonio

1198 2798 1282 2844 pari
1313 2797 1482 2833 asseritis

1199 2860 1316 2891 totum
1349 2864 1502 2890 aureum

1200 2910 1519 2956 propitiatorium.
