1914 3223
720 164 998 203 ...1:3—

284 274 388 324 Quis,
421 282 541 324 pater,
573 284 663 324 apta
694 284 803 324 queat
837 277 906 315 tibi
938 287 1102 325 pangere
1133 277 1280 314 cantica
1311 277 1478 323 laudum⁷

370 334 546 372 Reddere
579 343 667 372 vota
697 334 765 370 tibi
797 335 890 380 quis,
923 340 1043 381 pater.
1076 334 1337 381 apta'queat?

284 387 430 431 Rector
459 391 688 437 apostolicus
720 393 860 438 populo
891 391 1068 428 vocitaris
1098 391 1136 427 in
1168 390 1252 437 isto,

369 447 426 484 Tu
458 447 556 492 regis
588 448 686 484 lmne
718 448 897 493 populum
930 453 1055 484 rector
1085 447 1327 494 apostolicus.
1357 444 1361 448 ’

175 505 242 543 35.
289 498 351 544 Sit
381 503 581 541 benedicta
614 504 706 546 dies,
740 505 777 540 in
809 515 881 550 qua
912 504 1026 541 maris
1054 504 1131 541 alta
1161 503 1303 550 petisti,

367 560 452 597 Huc
483 565 519 596 tc
550 571 645 607 quae
677 560 785 596 duxit
829 560 877 597 sit
909 560 1109 598 benedicta
1140 560 1233 598 dies.

285 613 340 656 Te
370 616 473 654 Deus
504 618 741 663 omnipotens
772 617 882 653 istam
914 617 1110 664 praemisit
1139 616 1188 654 ad
1218 618 1349 656 urbem

369 673 516 720 Hicque
546 679 692 719 patrem
725 673 858 709 statuit
889 680 925 710 te
956 674 1056 710 Deus
1087 674 1336 720 omnipotens,

284 726 344 770 Ut
374 730 519 767 releves
549 729 702 775 fragiles
734 729 794 766 hic
825 730 873 766 ad
906 735 970 766 tua
1000 730 1130 767 limina
1161 729 1304 778 flentes,

172 787 239 827 40.
369 786 420 823 Et
453 797 520 823 nos
551 786 726 832 indignos
757 791 797 822 ut
828 786 972 823 releves
1005 785 1172 833 fragiles.

283 839 440 881 Xristus
470 853 598 880 amore
628 848 692 879 tuo
723 843 869 880 veniam
902 854 973 879 non
1007 843 1167 890 denegat
1198 843 1278 893 ulli,

369 898 444 937 Sed
467 899 642 936 -lacrimis
674 900 797 946 parcit
827 899 999 936 Christus
1031 911 1158 937 amore
1189 905 1265 938 tuo.

283 952 396 996 Ydra
426 956 591 1005 maligna
623 955 731 1003 fugit,
764 956 824 993 hio
855 962 892 992 te
921 962 1121 1002 praesente
1152 957 1293 1004 peribit

369 1013 497 1060 Teque
529 1012 680 1052 fovente
712 1018 795 1050 tuos
827 1013 949 1059 hydra
979 1013 1142 1060 maligna
1175 1012 1282 1061 fugit.

171 1071 238 1109 45.
282 1065 397 1108 Zelus
427 1070 561 1107 adesse
591 1069 732 1118 nequit,
764 1075 829 1107 tua
859 1081 932 1116 pax
963 1069 1028 1106 ubi
1057 1075 1187 1107 sancta
1218 1069 1389 1117 quiescit,

369 1127 449 1164 Pax
479 1126 544 1163 ubi
575 1136 712 1173 perpes
743 1126 828 1172 erit,
861 1126 962 1163 zelus
993 1126 1127 1164 adesse
1158 1127 1298 1174 nequit.

711 1235 733 1259 *
994 1236 1016 1260 *

853 1268 874 1291 *

283 1360 396 1404 Alme
427 1363 569 1412 Birine,
598 1368 681 1400 tuos
715 1362 879 1401 defende
910 1364 1092 1411 benignus
1124 1364 1296 1401 alumnos

368 1420 593 1467 Exaudique
626 1421 748 1466 dulos⁷
780 1421 878 1457 alme
909 1420 1050 1470 Birine‚
1083 1425 1178 1458 tuos,

285 1473 483 1516 Moenibus
514 1477 552 1514 in
583 1477 731 1524 superis
763 1477 908 1515 resides
939 1482 1122 1524 patronus
1154 1476 1299 1524 herilis,

171 1535 236 1574 50.
369 1533 429 1572 Sis
459 1544 603 1570 memor
633 1539 669 1570 et
695 1534 816 1572 nostri
847 1534 1040 1571 moenibus
1071 1535 1110 1571 in
1141 1533 1301 1580 superis,

284 1586 404 1638 Eripe
434 1602 514 1633 nos,
548 1590 725 1637 petimus,
756 1591 869 1628 taetri
902 1591 948 1628 de
980 1590 1087 1628 fauce
1119 1588 1300 1639 profundi

370 1648 509 1686 Mortis
541 1652 576 1683 et
609 1659 630 1684 a
661 1647 794 1694 laqueo
826 1648 930 1694 eripe
962 1659 1041 1694 nos,v
1074 1648 1247 1694 petimus.

285 1700 447 1744 Nomina
477 1709 606 1741 nostra
636 1703 717 1741 Deo
749 1704 832 1751 pius
865 1710 901 1741 et
932 1715 1141 1741 memorare
1169 1707 1356 1741 memento

375 1758 680 1807 Commendaque
710 1761 774 1808 pio
805 1761 954 1798 nomina
984 1766 1113 1798 nostra
1143 1760 1236 1798 Deo.

176 1863 261 1894 Vor·
286 1861 356 1894 und
381 1860 604 1893 Nachschrift
628 1861 764 1892 lauten:
793 1862 942 1903 „Incipit
966 1861 1114 1903 hymnus
1140 1862 1176 1892 in
1201 1861 1367 1893 honorem
1392 1862 1504 1892 sancti
1527 1861 1647 1892 Patris

84 1909 195 1941 nostri
216 1908 329 1940 Birini
346 1908 512 1949 episcopi,
541 1907 808 1938 occidentalium
828 1909 1004 1939 saxonum
1022 1907 1183 1949 apostoli,
1207 1907 1360 1948 elegiaco
1379 1911 1411 1938 et
1431 1907 1644 1948 paracterico

85 1956 236 1987 carmine
262 1963 323 1995 per
339 1951 574 1994 Alphabetum
600 1952 745 1984 editus.“
766 1969 808 1974 —
829 1953 945 1993 „Finit
970 1952 1117 1993 hymnus
1142 1952 1205 1983 vili
1231 1952 1369 1993 quidem
1391 1956 1558 1993 poemate,
1586 1951 1648 1984 sed

84 2001 144 2041 pia
167 1999 352 2031 devotione
377 1997 489 2030 editus
518 1999 554 2029 in
578 1997 744 2029 honorem
770 1999 883 2029 sancti
910 1999 1018 2029 Birini
1044 1994 1231 2040 episeopi.“
1251 2014 1296 2019 —-
1312 1997 1361 2029 Es
1386 1997 1473 2040 folgt
1497 1998 1552 2029 die
1578 1998 1644 2029 Be-

85 2046 272 2086 arbeitung
296 2044 356 2076 des
382 2044 542 2085 Hymnus
567 2042 674 2074 durch
700 2043 886 2074 Ordericus
912 2043 1058 2074 Vitatis:
1616 2056 1620 2060 -

355 2119 505 2165 Agmina
530 2133 628 2154 sacra
654 2122 725 2164 poli
751 2127 913 2154 resonent
938 2123 1172 2155 modulamine
1199 2123 1291 2155 dulci

422 2168 470 2200 Et
494 2168 634 2200 Christo
660 2167 807 2199 iubilent
832 2170 972 2210 agmina
996 2178 1096 2200 sacra
1120 2168 1204 2210 poli.

354 2210 453 2246 Bella
477 2218 620 2245 cruenta
644 2214 760 2251 silent,
785 2214 842 2245 ubi
870 2214 1002 2245 caelica
1027 2215 1125 2246 milia
1149 2213 1310 2256 gaudent,

425 2258 557 2291 Cuncta
582 2259 642 2290 ubi
667 2268 752 2300 pace
778 2260 907 2299 vigent,
934 2259 1025 2291 bella
1051 2265 1194 2291 cruenta
1219 2259 1334 2291 silent.

287 2302 317 2336 5.
355 2302 472 2338 Coi-dis
498 2315 615 2336 amore
640 2306 698 2346 pio
724 2308 901 2336 cantemus
927 2310 960 2335 et
986 2315 1043 2336 ore
1069 2314 1208 2342 canoro,

426 2350 621 2381 Laudemus
650 2351 835 2381 Dominum
861 2350 975 2381 cordis
1001 2360 1117 2382 amore
1145 2351 1213 2392 pio.

347 2390 489 2437 >Dignus
516 2395 645 2427 honore
671 2399 768 2437 pater
793 2396 897 2426 micat
921 2406 1057 2433 aurens,
1084 2405 1172 2433 ecce,
1200 2396 1350 2433 Birinus,

427 2440 575 2472 Sanctus
600 2440 698 2471 adest
723 2442 814 2471 omni
845 2440 969 2482 dignus
995 2440 1126 2472 honore
1151 2445 1258 2482 pater,

353 2482 463 2520 Exsul
489 2486 532 2517 ad
558 2485 649 2517 hunc
675 2486 839 2527 populum
866 2487 924 2527 qui
950 2487 1046 2518 venit
1070 2487 1114 2518 ab
1140 2487 1222 2518 urbe
1248 2488 1434 2526 Quiritum,

267 2528 318 2564 10.
424 2531 492 2562 Pro
518 2531 658 2563 Christo
686 2542 832 2573 pergens
861 2532 957 2563 exsul
985 2532 1026 2563 nd
1054 2532 1144 2563 hunc
1174 2532 1349 2573 populum.

355 2573 467 2609 Fortis
493 2581 528 2608 et
552 2577 764 2618 armipotens
791 2577 960 2618 Kynegils
986 2582 1066 2609 tunc
1093 2587 1199 2619 regna
1224 2578 1374 2615 tenebat,

423 2622 494 2654 Ceu
521 2622 575 2653 leo
601 2627 680 2652 trux
707 2622 878 2654 frendens,
905 2623 1004 2653 fortis
1030 2627 1063 2654 et
1087 2624 1317 2664 armipotens3

354 2663 473 2700 Gratia
498 2669 585 2698 mira
610 2668 675 2699 Dei
702 2667 761 2699 sed
786 2678 862 2699 eum
890 2669 1070 2700 mitescere
1097 2668 1194 2707 fecit;

421 2712 504 2743 Mox
529 2716 567 2743 ut
591 2723 668 2743 eum
694 2714 811 2753 tetigit
835 2714 950 2754 gratia
975 2715 1062 2745 mira
1089 2714 1165 2750 Dei,

267 2755 318 2790 15.
355 2753 497 2789 Hostica
522 2758 700 2790 barbaries
726 2759 837 2789 omnis
865 2758 1005 2790 sedatur
1031 2760 1064 2790 in
1090 2758 1163 2796 illo,

423 2802 545 2844 Deque
571 2803 652 2844 lupo
679 2802 717 2834 fit
742 2805 817 2834 ovis
842 2802 977 2836 hostica
1003 2805 1194 2837 barbaries.

354 2844 438 2889 Igne
464 2852 604 2889 perusta
630 2849 695 2880 Dei
722 2848 927 2890 populorum
955 2850 1053 2881 milia
1077 2849 1231 2888 credunt,

425 2893 573 2925 Credula
597 2893 702 2925 corda
725 2898 849 2935 gerunt
875 2896 955 2936 igne
984 2898 1124 2937 perusta
1149 2896 1226 2927 Dei.
