2031 3289
1010 182 1286 222 -34-

383 297 421 334 5.
454 296 528 334 Pro
559 295 684 345 nobis,
715 296 820 343 virgo
852 295 1049 342 virginum,
1202 298 1241 334 6.
1274 296 1330 333 Sit
1361 296 1430 333 tibi
1461 298 1556 343 laus,
1589 297 1784 343 altissime,

451 352 571 389 Tuum
609 352 772 398 deposce
802 351 932 401 filium,
1273 353 1343 397 Qui
1374 357 1484 390 natus
1517 364 1556 390 es
1589 354 1636 391 de
1667 354 1824 401 virgine,

453 409 527 446 Per
557 419 671 456 quam
701 413 831 446 nostra
862 412 1095 456 susceperat,
1271 409 1329 447 Sit
1359 409 1480 446 honor
1508 409 1691 447 ineffabili

454 466 507 504 Ut
537 476 606 502 5113
637 465 745 502 nobis
776 464 970 511 praebeat.
1273 465 1374 501 Patri
1408 470 1612 513 sanctoque
1641 465 1795 506 flamini.

459 599 561 630 Brev.
588 608 652 629 ms.
678 599 878 629 Strumense
909 608 998 630 5300.
1030 597 1082 631 11.
1124 599 1207 630 Cod.
1230 599 1457 630 Laurentian.
1484 598 1591 630 Couv.
1622 609 1696 641 sup.
1722 597 1799 631 524.
1820 599 1860 631 A.
1886 616 1930 621 -

366 645 496 684 Hymn.
528 654 590 675 ms.
626 643 824 675 Veronense
859 653 949 674 saec.
982 642 1034 675 11.
1089 644 1171 676 Cod.
1206 644 1319 684 Capit.
1344 644 1515 675 Veronen.
1549 641 1622 676 109.
1653 645 1692 676 Β.
1725 662 1767 667 —
1801 646 1928 686 Hymn.

367 699 430 720 ms.
460 689 723 720 Mediolanense
757 698 845 720 saec.
881 687 931 720 15.
987 689 1071 721 Cod.
1102 689 1325 720 Ambrosian.
1360 690 1385 720 F
1420 686 1461 720 13
1495 699 1570 730 sup.
1595 690 1632 721 C.
1663 707 1708 711 —
1739 691 1834 722 Orat.
1867 700 1929 721 ms.

368 735 560 775 Campense
586 735 669 765 anni
699 731 796 766 1462.
844 734 927 765 Cod.
954 734 1212 765 Dan-mstadien.
1238 731 1313 764 521.
1339 734 1380 765 D.
1407 751 1444 755 —
1477 734 1594 775 Migne
1620 735 1641 766 l.
1666 746 1694 766 0.
1720 733 1796 767 936.
1823 735 1864 766 E.

461 778 489 817 1,
517 778 531 810 1
562 779 679 810 Aurea
703 779 799 810 velut
827 779 864 808 B.
890 796 931 800 —
959 777 990 817 3,
1017 778 1037 811 2
1062 779 1213 811 Excellit
1240 780 1281 809 D.
1307 798 1349 801 --
1374 776 1406 816 4,
1432 777 1452 809 2
1478 780 1640 811 Laetavit
1663 781 1698 810 in
1716 781 1758 812 D.
1783 797 1828 801 —
1852 778 1884 820 5,
1909 778 1930 812 3

365 824 420 856 Sit
444 826 518 866 ipse
544 835 604 865 per
630 828 662 855 te
689 827 879 865 praemium
898 826 936 856 B.
963 841 1007 846 —
1031 823 1062 863 5,
1088 824 1109 855 4
1132 825 1179 855 Et
1204 834 1268 855 sua
1290 825 1332 863 D,
1359 826 1425 863 Qui
1452 825 1562 856 faetus
1589 829 1639 856 051
1664 829 1697 856 01
1722 827 1870 866 pretium
1888 826 1930 858 B.

364 886 407 890 -
425 869 491 901 Am
509 869 646 901 Raude:
674 869 817 909 „Petri
842 870 1055 902 Damiani.
1098 871 1188 901 Nota
1215 870 1305 900 sicut
1320 866 1385 900 Fit
1405 870 1512 909 porta
1532 867 1666 901 Christi
1685 868 1844 910 perzw'af‘
1885 871 1932 902 D.

856 1081 913 1116 22.
948 1082 1006 1123 (7.)
1043 1082 1091 1117 De
1116 1081 1233 1117 Beata
1257 1081 1375 1117 Maria
1401 1081 1443 1117 V.

1017 1163 1070 1194 Ad
1095 1164 1279 1205 Vesperas.

385 1290 420 1327 1.
452 1288 578 1338 Sidus,
613 1288 748 1337 Maria,
782 1288 1038 1335 splendidum,
1203 1290 1238 1327 3.
1272 1290 1345 1327 Per
1374 1292 1412 1325 te
1442 1299 1645 1335 purgemur
1674 1289 1788 1336 vitiis,

453 1346 507 1382 Te
538 1344 671 1382 laudat
700 1355 809 1381 omne
840 1345 1042 1395 saeculum,
1272 1346 1470 1384 Solvamur
1501 1346 1633 1392 culpae
1664 1345 1838 1395 vinculis,

449 1402 509 1439 Ex
540 1412 618 1449 qua
650 1401 718 1438 sub
750 1402 879 1438 mundi
910 1412 1069 1448 vespere
1271 1402 1382 1439 Mens
1413 1402 1530 1438 vulsis
1560 1401 1679 1448 spinis
1709 1407 1817 1439 eruta

452 1458 516 1496 Sol
547 1463 657 1496 ortus
688 1463 745 1494 est
774 1458 953 1496 iustitiae.
1277 1459 1463 1496 Virtutum
1492 1457 1591 1495 ferat
1621 1459 1801 1505 germina.

381 1596 419 1632 2.
451 1594 511 1632 Da
543 1604 609 1630 cor
643 1593 812 1630 tenebris
844 1593 954 1641 eripi,
1204 1595 1243 1633 4.
1276 1593 1332 1630 Sit
1363 1593 1431 1630 tibi
1463 1593 1557 1639 laus,
1590 1593 1785 1640 altissime,

451 1650 512 1688 Da
544 1661 638 1688 vera
669 1650 752 1686 luce
784 1648 942 1697 perfrui,
1275 1651 1344 1694 Qui
1375 1655 1484 1686 natus
1516 1660 1555 1686 es
1587 1649 1633 1686 de
1664 1650 1822 1699 virgine,

451 1708 554 1754 Quae
590 1711 738 1743 noctem
768 1707 869 1743 vitae
900 1706 1039 1743 veteris
1275 1706 1329 1743 Sit
1363 1706 1481 1743 honor
1509 1705 1690 1742 ineffabili

453 1764 572 1802 Novis
610 1764 776 1800 illustret
808 1763 965 1800 meritis.
1275 1763 1380 1800 Patri
1411 1767 1614 1809 sanctoque
1643 1761 1797 1801 flamini.

455 1899 589 1940 Hymn.
615 1909 678 1930 ms.
703 1899 904 1930 Veronense
930 1909 1018 1930 5300.
1047 1896 1097 1929 11.
1145 1898 1228 1930 Cod.
1246 1898 1359 1939 Capit.
1377 1898 1547 1929 Veronen.
1576 1895 1650 1929 109.
1668 1899 1708 1929 A.
1731 1915 1771 1919 --
1790 1897 1933 1939 Antiph.

365 1955 428 1976 ms.
453 1944 683 1976 Martialense
707 1943 934 1983 (Cluniacen.)
966 1954 1055 1975 saec.
1093 1941 1143 1974 11.
1199 1943 1280 1975 Cod.
1307 1944 1455 1974 Pan-isin.
1490 1940 1583 1974 1087.
1609 1944 1647 1974 Β.
1671 1960 1715 1964 —-
1740 1944 1841 1974 Brev.
1869 1953 1933 1974 ms.

365 1990 398 2021 S.
434 1990 555 2021 Crucis
589 1990 892 2021 Fontisavellanae
923 2000 1011 2020 5300.
1047 1987 1098 2020 13.
1153 1989 1237 2021 Cod.
1270 1989 1426 2020 Classen.
1459 1986 1524 2020 357
1553 1985 1643 2026 (137.
1675 1986 1706 2019 5.
1739 1989 1792 2025 D).
1827 1987 1863 2020 C.
1889 2005 1931 2010 —

365 2035 508 2067 Colleet.
534 2046 598 2066 1115.
626 2037 660 2066 S.
688 2036 808 2067 Crucis
835 2034 1141 2066 Fontisavellanae
1167 2044 1256 2066 5300.
1284 2031 1424 2065 12-15,
1467 2034 1550 2066 Cod.
1574 2032 1728 2065 Classen.
1753 2031 1819 2065 246
1842 2032 1932 2071 (1:39.

360 2078 381 2111 3
407 2080 461 2118 D).
488 2081 565 2111 add.
603 2090 692 2112 saec.
723 2079 772 2111 13.
800 2081 842 2111 D.
868 2096 910 2101 —
939 2080 1036 2111 Offie.
1061 2091 1124 2111 ms.
1148 2081 1186 2111 B.
1212 2080 1259 2110 M.
1280 2080 1321 2110 V.
1339 2079 1614 2110 Millestadiense
1640 2089 1728 2110 saec.
1752 2076 1803 2109 12.
1845 2079 1930 2111 Cod.

360 2125 527 2157 Virunen.
567 2123 623 2157 38.
661 2126 702 2157 E.
741 2143 783 2147 —
822 2126 944 2156 Diurn.
983 2136 1044 2156 1115.
1082 2125 1357 2157 Caelestinorum
1396 2125 1565 2155 Parisien.
1605 2134 1693 2155 5300.
1736 2123 1787 2155 15.
1847 2124 1931 2156 Cod.

360 2170 605 2203 Vindobonon.
632 2169 732 2202 2019.
759 2172 795 2202 F.
823 2190 865 2193 —
890 2171 1008 2212 Migne
1034 2171 1056 2201 1.
1080 2182 1109 2202 0.
1137 2168 1214 2201 935.
1239 2171 1278 2201 G.

455 2214 490 2253 1,
528 2214 542 2247 1
583 2217 717 2247 Mariae
742 2216 791 2255 D,
826 2216 980 2247 inclitum
1008 2217 1047 2247 A.
1080 2233 1122 2237 —
1161 2214 1195 2253 1,
1229 2213 1250 2246 2
1275 2215 1391 2246 13111101
1417 2216 1456 2246 Α.
1481 2232 1525 2236 —
1550 2213 1588 2252 2,
1620 2214 1641 2246 3
1665 2218 1765 2246 nocte
1790 2215 1862 2247 OD.
1887 2232 1932 2236 ——

361 2258 397 2298 2,
430 2259 451 2292 4
487 2262 645 2293 illustrat
670 2263 713 2293 D.
746 2278 788 2282 -
815 2259 853 2299 3,
887 2259 908 2292 3
933 2263 1031 2292 Mens
1058 2261 1189 2292 evulsis
1215 2261 1325 2301 spinis
1351 2264 1468 2291 eructa
1494 2261 1536 2291 D.
1562 2277 1603 2281 ——·
1629 2258 1668 2298 4,
1704 2258 1718 2291 1
1746 2261 1840 2291 Laus
1864 2260 1930 2291 tibi

361 2306 496 2339 Christe
523 2308 593 2339 CD.
627 2324 670 2328 —
694 2305 725 2343 4,
752 2305 772 2338 2
802 2317 875 2348 sqq.
902 2306 1017 2338 felllen
1042 2307 1079 2338 C.
1105 2323 1148 2328 —
1172 2303 1203 2343 4,
1230 2304 1251 2337 3
1276 2305 1462 2336 ineffabilis
1488 2306 1527 2336 A.

852 2518 907 2553 23.
942 2518 1000 2556 (8.)
1036 2519 1086 2553 De
1110 2517 1227 2553 Beata
1253 2517 1369 2553 Maria
1396 2517 1437 2552 V.

1023 2600 1075 2631 Ad
1105 2600 1268 2631 Primam.

377 2729 413 2768 1,
446 2728 565 2765 Beata
601 2728 669 2764 Dei
702 2728 886 2774 genetrix,
1196 2729 1233 2764 2.
1267 2725 1345 2762 Fac
1375 2731 1477 2762 tuum
1510 2725 1616 2762 nobis
1649 2725 1765 2762 filium

447 2784 559 2821 Nitor
594 2784 747 2821 humani
778 2783 937 2831 generis,
1267 2783 1335 2819 Pia
1367 2792 1478 2828 prece
1509 2782 1727 2829 propitium.

445 2842 519 2877 Per
550 2852 664 2886 quam
699 2841 744 2877 d<-
776 2841 895 2877 servis
927 2839 1036 2876 liberi
1267 2842 1381 2884 Quem
1414 2839 1581 2885 graviter
1610 2838 1847 2885 offendimus,

448 2898 638 2943 Lucisque
671 2908 797 2934 sumus
829 2897 910 2936 tilii.
1265 2896 1321 2931 Tu
1354 2896 1479 2931 mitem
1513 2894 1651 2943 redde,
1685 2905 1923 2941 quaesumus.
