1914 3223
768 219 821 224 -
881 196 963 237 427
1024 221 1078 225 --

155 309 220 351 19.
256 311 390 348 Preces
423 309 561 357 funde,
593 314 725 357 pectus
757 310 888 358 tunde,
959 295 1042 352 ⁵26.
1075 305 1184 349 Nam¹
1205 312 1393 358 placatum
1426 312 1505 348 eius
1537 316 1665 349 natum

311 366 458 404 Flendo
491 377 555 403 cor
584 366 762 412 liumilia3
1130 368 1236 404 Tunc
1268 368 1407 405 habere
1440 368 1594 415 poteris,

256 423 468 460 Paenitenti
499 428 534 459 et
566 423 728 470 gementi
1073 424 1112 461 Si
1145 424 1248 461 tideli
1281 429 1404 461 mente
1436 425 1529 462 caeli

309 479 394 535 Non
423 485 582 526 negatur
613 479 734 518 venia.
1131 481 1312 527 Reginam
1344 481 1550 528 rogaveris.

155 593 221 632 20.
255 593 460 630 Exorando
492 598 527 628 et
559 592 751 630 laudando
970 594 1036 631 27.
1072 593 1224 639 Virgam
1248 594 1365 639 Iesse,
1390 604 1501 640 quam
1523 603 1701 640 praeesse

309 649 470 686 Mariam
502 659 764 697 commemora,
1129 650 1283 693 (functis
1314 651 1390 686 sois
1424 649 1650 698 viventibuS,

252 705 348 743 Nam
381 706 509 742 delere
540 710 664 752 potest
698 716 785 743 vere
1069 705 1237 752 Supplex
1269 717 1336 743 ora
1367 712 1404 743 et
1435 707 1596 754 implora

307 763 571 809 Quaecumque
604 761 783 802 facinora.
1124 762 1229 798 Totis
1261 762 1358 800 liano
1389 763 1612 801 visceribuS.

155 876 220 913 21.
255 874 292 912 Si
325 874 500 921 antiquus
532 874 706 911 inimicus
972 876 1038 914 28.
1071 874 1181 911 Hanc
1211 875 1373 921 require,
1406 886 1500 921 quae
1532 875 1650 912 lenire

308 930 483 978 Suggerit
513 931 660 978 illicita,
1128 931 1230 969 Solet
1263 932 1380 968 eorda
1411 932 1597 978 tristium3

252 987 408 1024 Stellam
441 987 569 1035 maris,
604 997 650 1024 ne
682 987 859 1033 vincaris,
1071 988 1206 1025 Certus
1230 992 1322 1033 esto,
1357 988 1457 1034 quod
1479 989 1527 1024 sit
1551 991 1704 1034 praesto

307 1044 436 1081 Mente
467 1054 581 1090 posce
616 1044 782 1082 subdita.
1125 1045 1236 1083 Votis
1267 1055 1307 1082 se
1338 1045 1588 1091 precantium.

153 1159 220 1197 22.
254 1156 293 1194 Si
324 1163 361 1193 te
393 1156 509 1193 sentis
541 1157 821 1203 temptamentis
964 1157 1030 1195 29.
1067 1157 1173 1194 Haec
1204 1157 1334 1202 regina
1366 1157 1413 1194 de
1444 1156 1553 1195 ruina

306 1213 445 1260 Urgeri
478 1213 721 1259 daemonicis,
1122 1213 1253 1251 Faciet
1285 1219 1322 1250 te
1353 1223 1520 1260 surgere,

249 1270 341 1308 Mox
374 1269 553 1315 respiras,
586 1270 616 1306 si
649 1270 820 1316 requiras
1065 1270 1170 1307 Haec.
1201 1268 1373 1316 profecto
1405 1274 1442 1306 te
1474 1270 1619 1308 directo

306 1327 469 1363 Matrem
501 1326 636 1362 summi
666 1326 816 1364 iudicis.
1122 1326 1296 1363 Deducet
1326 1327 1475 1366 itinere.

153 1440 217 1478 23.
252 1438 346 1475 Nam
371 1438 401 1475 si
423 1439 574 1485 quando
596 1443 633 1475 te
661 1438 883 1485 temptando
970 1440 1034 1479 30.
1068 1440 1157 1486 Ipsa
1188 1439 1325 1475 multos
1356 1439 1430 1475 iam
1462 1440 1630 1485 sepultos

305 1495 421 1532 Dirus
454 1505 610 1541 serpens
644 1495 811 1544 laeserit,
1125 1495 1233 1532 Fecit
1264 1496 1505 1541 reviviscere,

252 1551 467 1598 Suspiranti
500 1556 536 1587 et
568 1552 692 1588 oranti
1068 1551 1174 1588 Haec
1206 1551 1387 1589 adversos
1419 1556 1454 1588 et
1487 1551 1686 1590 subversos

306 1608 373 1645 Pia
404 1613 524 1644 mater
554 1607 689 1648 aderit.
1128 1609 1257 1645 Potest
1289 1608 1368 1645 Deo
1398 1609 1566 1656 iungere.

150 1723 214 1760 24.
246 1721 388 1768 Quodsi
420 1719 520 1758 forte
551 1721 682 1758 mortis
714 1725 847 1768 portae
970 1722 1036 1759 31.
1069 1722 1195 1769 Ipsam
1228 1732 1324 1767 ama,
1357 1722 1405 1758 ad
1440 1722 1536 1759 hanc
1568 1722 1689 1760 clama

309 1778 363 1814 Te
395 1777 556 1813 vicinum
589 1780 743 1822 sentias,
1128 1778 1499 1827 Cordissslesiderio,

249 1834 371 1872 Crede
403 1841 540 1880 tamen,
574 1835 674 1880 quod
706 1835 879 1871 iux-amen
1073 1834 1123 1871 Ut
1154 1839 1341 1871 sustentet
1371 1839 1408 1871 et
1442 1839 1660 1881 praesentet

308 1892 378 1929 Per
410 1901 491 1927 eam
525 1890 706 1937 accipias.
1126 1891 1180 1927 Te
1212 1891 1322 1928 beato
1354 1890 1444 1929 filio.

150 2006 217 2044 25.
251 2004 290 2041 Si
321 2009 358 2040 te
390 2004 495 2040 doles
528 2002 627 2040 ferre
660 2004 776 2041 moles
968 2006 1034 2044 32.
1068 2005 1178 2041 Hane
1209 2005 1241 2041 si
1273 2005 1378 2051 colis,
1412 2005 1490 2041 veri
1522 2004 1612 2042 solis

307 2060 513 2107 Culparum
546 2061 809 2108 prementium,
1127 2059 1338 2098 perfrueris
1369 2061 1522 2107 lumine,

254 2117 363 2154 Hane
394 2127 565 2164 precare,
598 2120 639 2153 ut
672 2117 825 2164 placare
1066 2118 1149 2155 Hae
1180 2118 1330 2154 adiutus
1363 2118 1439 2154 eris
1469 2121 1571 2154 tutus

309 2173 434 2212 Possis
465 2173 544 2210 eius
576 2172 707 2212 filium.
1122 2174 1184 2211 Ab
1215 2174 1317 2212 omni
1349 2173 1566 2211 formidine.

502 2288 570 2326 33.
602 2287 683 2324 Hoc
715 2287 947 2325 credendum
976 2291 1014 2325 et
1046 2287 1239 2325 fatendum

658 2344 721 2380 Ad
753 2344 934 2381 honorem
965 2344 1130 2391 Domini,

606 2400 713 2445 Quod
745 2399 918 2447 subiecit,
951 2401 1136 2448 quidquid
1170 2399 1272 2449 feeit,

663 2457 836 2494 Christus
866 2457 979 2494 matri
1011 2457 1161 2503 virgini.

737 2636 1018 2684 Rhythmus
1058 2638 1111 2676 Il.

186 2736 222 2774 1.
255 2735 364 2773 Omni
397 2737 458 2773 die
491 2737 551 2774 dic
585 2737 742 2784 Mariae,
1002 2740 1040 2777 2.
1072 2737 1340 2783 Contemplare
1374 2742 1409 2773 et
1441 2737 1579 2774 mirare

311 2792 412 2840 Mea,
444 2793 588 2839 laudes,
620 2795 757 2839 anima,
1131 2794 1222 2831 Eius
1255 2793 1531 2839 celsitudinem,

254 2848 347 2885 Eius
380 2848 475 2887 festa
507 2850 585 2886 eius
617 2856 722 2897 gesta
1072 2850 1145 2887 Dic
1178 2849 1325 2886 felicem
1356 2851 1597 2898 genetricem,

317 2905 407 2943 Cole
436 2906 760 2953 splendidissima.
1130 2906 1201 2943 Dic
1232 2905 1381 2943 beatam
1414 2906 1608 2954 virginem.
