2031 3289
954 150 1260 190 —128—

545 266 583 305 5.
630 265 792 312 Augusti
823 275 936 301 cunas
968 264 1125 311 pertulit
1154 264 1355 313 praesepii,

516 1622 580 1660 10.

515 1894 579 1932 11.

519 2165 583 2204 12.

519 2437 582 2475 113.

520 2698 584 2737 14.

625 321 754 359 Foeno
783 320 908 357 iacere
938 331 1012 357 non
1042 319 1224 357 abhorret
1254 321 1450 366 Dominus,

627 378 779 415 Summa
811 377 873 423 qui
905 377 1025 423 patris
1057 376 1214 413 sedebat
1244 377 1283 413 in
1317 378 1487 425 dextera,

869 433 950 470 Rex
981 433 1215 480 angelorum.

634 535 775 573 Pannis
805 534 962 584 velatus,
998 534 1061 570 vili
1093 534 1246 570 strictus
1278 532 1408 581 fascia,

628 591 799 628 Inclusus
831 590 958 637 parvis
990 589 1216 627 lacrimabat
1249 591 1407 639 cunulis,

631 647 759 685 Mater
789 646 900 684 beata
931 650 1062 683 sancta
1093 647 1231 693 premit
1260 646 1378 683 ubera

870 703 928 740 De
960 703 1063 740 caelo
1094 703 1220 749 plena.

578 835 587 844 .
633 805 793 843 Sanetus
824 809 995 842 sacratae
1027 803 1247 841 fecundavit
1277 804 1433 850 spiritus

630 862 795 909 Virginis
826 862 988 905 vulvam,
1022 862 1177 899 verbum
1209 871 1297 898 caro
1329 859 1468 898 factum
1501 864 1569 907 est,

630 918 680 956 Et
711 918 899 956 habitavit
928 918 966 954 in
996 917 1105 954 nobis
1135 917 1383 967 omnipotens,

872 974 994 1011 Filius
1026 974 1110 1013 Dei.

636 1075 792 1113 Gabriel
822 1080 911 1113 ante
940 1081 977 1111 te
1008 1075 1199 1122 praedixit
1232 1075 1397 1122 angelus,

631 1132 789 1178 Quando
823 1131 969 1168 felicem
1002 1132 1183 1169 salutavit
1212 1131 1408 1179 virginem.

632 1189 775 1235 Paries‚
808 1189 942 1236 inquit,
974 1188 1104 1233 filium,
1137 1189 1360 1225 Emmanuel

874 1246 1018 1282 Nomen
1051 1245 1218 1282 habebit.

636 1348 814 1383 Pastores
847 1351 955 1383 erant
983 1346 1165 1393 proximis
1194 1347 1233 1382 in
1263 1346 1414 1392 pascuis

630 1403 803 1440 Bethlem
833 1403 881 1440 ad
912 1403 1056 1448 urbem,
1088 1403 1210 1440 noctis
1241 1403 1310 1439 sub
1342 1402 1492 1445 silentio

630 1460 831 1498 Instabant
862 1471 948 1496 suos
980 1470 1096 1505 supra
1125 1470 1256 1506 greges
1287 1459 1441 1508 vigiles3

871 1517 901 1554 Ο
933 1527 1043 1562 quam
1075 1516 1196 1552 beati!

626 1620 789 1659 Claritas
820 1620 892 1656 Dei
924 1619 1043 1656 cinxit
1072 1619 1157 1655 illos
1190 1617 1358 1666 fulgida3

630 1678 799 1724 Angelus
829 1677 973 1723 inquit:
1007 1676 1123 1712 nolite
1155 1686 1371 1722 pavescere,

634 1734 705 1780 En,
739 1744 806 1780 ego
838 1733 949 1770 modo
981 1743 1154 1780 magnum
1186 1743 1346 1778 namque
1377 1732 1553 1778 gaudium

872 1789 1014 1827 Nuntio
1046 1789 1164 1834 vobis,

627 1893 713 1930 Erit
744 1891 844 1939 quod
875 1891 976 1928 omni
1006 1891 1157 1928 saeculo
1188 1889 1373 1935 mirabile,

630 1949 757 1987 Hodie
787 1948 874 1995 quia
904 1947 1011 1984 vobis
1042 1947 1214 1986 Christus
1247 1946 1429 1983 Dominus

629 2006 751 2043 Natus
782 2009 839 2042 est
871 2005 1057 2047 Bethlem,
1087 2003 1247 2040 Davidis
1278 2004 1316 2039 in
1347 2002 1501 2049 oppido,

873 2061 1049 2098 Salvator
1078 2059 1221 2098 mundi.

631 2165 714 2202 Hoc
744 2162 852 2201 vobis
883 2162 1028 2210 signum
1061 2162 1154 2199 erit:
1187 2161 1225 2197 in
1256 2160 1455 2207 praesepio

631 2219 818 2257 Infantem
850 2219 985 2266 pannis
1017 2219 1224 2255 involutum
1257 2217 1419 2264 positum

629 2277 833 2314 Invenietis
866 2286 948 2312 cum
979 2275 1104 2312 Maria
1135 2275 1291 2323 pariter,

871 2333 997 2369 Matre
1028 2331 1150 2368 beata.

631 2435 764 2473 Subito
796 2433 897 2471 facta
928 2432 1107 2481 fulgentis
1139 2433 1295 2469 militiae

631 2492 703 2530 Est
733 2491 936 2528 multitudo
967 2490 1141 2527 caelestis
1173 2489 1361 2526 exercitus

629 2548 774 2586 Eodem
807 2548 916 2585 simul
948 2547 1081 2594 angelo
1113 2557 1194 2583 cum
1226 2544 1398 2582 flammeo

874 2603 996 2641 Valde
1027 2603 1237 2650 praeclara.

632 2695 764 2733 Gloria
793 2695 873 2732 Deo
903 2694 940 2731 in
973 2693 1132 2730 excelsis
1163 2693 1291 2730 sidera

631 2753 749 2789 Plena
779 2750 976 2795 sonabant,
1009 2761 1083 2797 pax
1116 2754 1153 2786 et
1182 2750 1220 2786 in
1251 2747 1464 2785 hominibus

630 2808 798 2846 Auditur
830 2807 950 2845 bonae
983 2806 1186 2844 voluntatis
1219 2805 1372 2843 vocibus

877 2865 918 2901 In
950 2868 1053 2900 terra
1083 2863 1235 2900 sanctis.
