2031 3289
1001 171 1304 212 —260—

779 288 814 323 5.
847 285 1021 322 Privatus
1052 295 1138 321 suos
1172 284 1304 335 reficit,

846 341 908 378 Ad
942 351 982 377 se
1015 341 1220 378 clamantes
1252 342 1419 391 respicit,

845 397 914 446 Oh,
947 397 1048 434 illius
1080 398 1263 434 miracula

851 453 935 491 Sint
964 458 1094 491 nostra
1125 464 1212 501 spes
1243 458 1281 491 et
1310 454 1442 500 gloria.

737 630 819 666 273.
856 630 939 673 (10.)
975 631 1019 664 ln
1044 630 1309 665 Revelatione
1336 630 1376 666 S.
1403 630 1578 666 Privati.

1029 702 1186 738 Prosa
1226 702 1277 739 II.

391 816 427 853 1.
461 814 607 862 Gaude,
640 814 751 851 tellus
783 814 1023 865 Gavalorum,
1203 814 1240 854 3.
1275 814 1391 862 Cane,
1420 814 1572 864 Mimas,
1605 819 1643 852 et
1672 815 1814 852 laetare

460 872 514 908 Te
546 872 684 908 salutat
717 881 784 907 rex
817 871 1017 918 caelorum,
1274 871 1324 908 Et
1355 872 1391 908 in
1425 871 1505 908 Deo
1535 871 1754 921 iucundare,

461 928 516 964 Te
547 928 700 975 salutat,
732 931 770 963 te
800 931 967 977 coronat,
1275 928 1377 964 Tuus
1408 932 1554 976 martyr
1584 928 1788 976 revelatur,

460 984 552 1022 Cum
585 984 776 1022 Privatum
808 983 879 1020 tibi
911 984 1038 1022 donat.
1278 984 1388 1022 Miris
1420 984 1548 1021 multis
1581 985 1783 1023 exaltatur.

392 1099 429 1135 2.
461 1097 546 1134 Tibi
578 1097 767 1144 quondam
797 1097 1006 1134 occultatus
1205 1099 1243 1134 4.
1275 1097 1426 1143 Martyr
1456 1101 1541 1133 tuus
1571 1101 1761 1147 operatur,

457 1154 529 1191 Est
559 1155 758 1191 thesaurus
788 1153 991 1199 revelatus,
1275 1153 1430 1191 Morbos
1464 1151 1580 1200 fugat,
1612 1153 1720 1200 plebs
1750 1155 1922 1200 laetatur,

457 1211 531 1247 Hic
560 1210 761 1247 thesaurus
792 1214 849 1247 est
881 1210 1066 1256 caelestis,
1276 1209 1474 1247 Adelberte
1504 1210 1667 1256 praesul,
1700 1210 1834 1259 gaude,

459 1269 538 1315 Quo
572 1266 724 1315 fugatur
752 1267 871 1305 omnis
902 1267 1035 1315 pestis.
1277 1267 1319 1304 In
1353 1266 1497 1304 Privati
1528 1267 1632 1304 vivas
1663 1267 1789 1305 laude.

773 1382 808 1419 5.
841 1381 885 1417 In
916 1379 1072 1416 Privato
1102 1382 1168 1416 tua
1199 1379 1277 1416 vita

846 1436 898 1474 Et
929 1446 1016 1483 spes
1047 1439 1111 1473 tua
1141 1436 1244 1473 vivat
1276 1436 1362 1482 sita,

849 1493 919 1539 Oh,
953 1493 1130 1531 Privatus
1160 1496 1198 1529 te
1231 1491 1423 1536 defendat,

848 1550 1005 1587 Manum
1038 1560 1153 1596 super
1181 1554 1219 1586 te
1250 1549 1443 1587 extendat.

465 1663 506 1694 In
536 1663 596 1695 der
621 1662 743 1702 Quelle
777 1662 894 1693 bilden
915 1661 950 1702 je
976 1662 1060 1692 zwei
1085 1661 1204 1693 Zeilen
1230 1662 1307 1693 eine
1336 1661 1502 1703 Strophe,
1537 1662 1854 1703 woraufjedesmal
1876 1663 1934 1696 der

379 1708 518 1740 Refrain
543 1708 649 1750 folgt:
678 1709 813 1739 Privati
839 1707 1006 1738 revelatio
1026 1707 1080 1739 Sit
1104 1710 1165 1738 tua
1189 1707 1365 1749 gloriatio.
1412 1708 1462 1739 Es
1488 1708 1621 1740 scheint
1638 1708 1746 1745 indes,
1773 1708 1846 1740 dass
1863 1710 1934 1741 vier

736 1910 818 1946 274.
854 1910 934 1952 (11.)
970 1910 1016 1944 In
1039 1908 1304 1944 Revelatione
1330 1909 1371 1946 S.
1398 1909 1571 1946 Privati.

379 1754 497 1786 Zeilen
522 1765 565 1785 zu
591 1755 686 1786 einer
711 1753 858 1795 Strophe
883 1763 926 1784 zu
950 1752 1141 1784 verbinden
1167 1752 1254 1783 sind.
2029 1717 2031 1760 Ι’

1027 1983 1183 2020 Prosa
1222 1981 1290 2018 III.

387 2096 457 2135 la.
493 2095 595 2134 Urbs
626 2095 724 2133 bona
754 2095 1048 2141 Mimatensium,
1206 2094 1273 2133 1b.
1307 2094 1422 2142 Deus,
1454 2095 1608 2132 deorum
1640 2095 1824 2143 dominus,

489 2152 585 2190 Tota
618 2153 720 2190 vivas
751 2153 789 2189 in
820 2153 1011 2199 gaudium,
1307 2151 1480 2190 Providit
1509 2151 1579 2188 tibi
1610 2152 1753 2189 eminus

544 2209 613 2256 oh,
646 2213 725 2246 tota
755 2209 806 2245 sis
836 2210 874 2246 in
907 2219 1053 2256 canere,
1340 2208 1593 2245 'Thesaurum
1629 2212 1733 2246 tuum
1763 2207 1931 2248 reddere.

389 2325 458 2363 2a.
491 2323 549 2360 De
580 2333 676 2359 novo
707 2333 806 2359 nunc
834 2332 1036 2368 recuperas
1208 2321 1277 2360 2b.
1309 2322 1352 2358 In
1383 2322 1534 2368 organis
1563 2327 1601 2358 et
1631 2321 1802 2358 cantibus

489 2380 739 2425 Thesaurum‚
755 2389 863 2425 quem
882 2379 1121 2426 perdideras,
1310 2378 1360 2415 Et
1391 2378 1430 2414 in
1460 2378 1608 2416 Privati
1637 2377 1812 2415 laudibus
1864 2400 1867 2403 -

550 2432 700 2486 [Laeta]
734 2446 866 2482 rumpe
897 2435 1061 2482 silentia,
1369 2435 1532 2472 Declara
1563 2440 1628 2473 tua
1657 2434 1807 2482 gaudia.

389 2552 461 2589 3a.
490 2549 597 2586 Haec
629 2549 709 2586 dies
740 2552 795 2585 est
826 2548 1007 2594 laetitiae,
1207 2547 1276 2587 3b.
1308 2548 1414 2584 Haec
1445 2547 1525 2584 dies
1557 2547 1759 2584 exsultatio

491 2606 574 2643 Hoc
605 2610 661 2642 est
692 2605 842 2642 beatum
874 2604 999 2654 bodie,
1307 2604 1357 2641 Et
1388 2607 1467 2641 tota
1496 2603 1680 2650 iubilatio,

549 2663 629 2708 Quo
660 2672 726 2699 nos
759 2661 934 2699 Privatus
965 2662 1109 2709 visitat,
1362 2661 1468 2698 Haec
1499 2660 1579 2697 dies
1609 2671 1676 2697 nos
1709 2658 1899 2698 laetificat.

392 2779 462 2814 4a.
495 2776 578 2813 Hae
610 2775 671 2812 die
703 2775 884 2812 revelatio
1206 2774 1276 2813 4b.
1311 2775 1425 2813 Cuius
1457 2778 1587 2811 sancta
1616 2773 1798 2811 miracula

493 2832 731 2870 Celebranda
762 2843 845 2870 cum
877 2832 1014 2879 gaudio
1309 2831 1401 2869 Sunt
1434 2831 1603 2869 canenda
1630 2841 1699 2878 per
1729 2829 1878 2868 saecula

546 2889 609 2929 Fit
638 2889 756 2928 nostri
779 2889 900 2927 saneti
921 2888 1120 2940 praesulis,
1365 2887 1518 2926 Cunctis
1549 2888 1586 2926 in
1616 2887 1751 2926 bonum
1778 2885 1927 2929 sedulis.
