2031 3289
287 335 352 373 39.
386 335 426 372 Si
458 346 546 383 ergo
578 347 599 372 a
630 339 830 381 peccatore

385 392 592 428 Recessisti
623 396 687 428 tuo
717 401 833 435 more,

442 448 502 484 Mi
533 448 673 497 dilecte,
707 450 899 494 revertere,

384 504 469 541 Non
503 504 633 540 tradas
664 513 816 549 operam
849 512 988 550 morae,

385 560 534 597 Similis
566 563 642 597 esto
673 569 801 596 amore

441 616 532 663 Mei,
565 620 652 653 tuae
683 625 905 662 puerperae,

387 673 563 718 Capreae
594 677 792 718 promptae
824 681 976 708 currere

383 729 435 765 Et
463 739 545 765 cum
579 729 678 765 saltu
708 728 884 764 incedere

440 784 702 822 Festinantiae
731 783 894 830 fervore,

384 841 495 887 Nam,
528 841 567 877 ni
598 840 670 877 sibi
702 850 923 877 succurrere

385 898 505 945 Velis,
538 901 689 943 oportet
721 907 829 934 ruere

441 954 536 990 Eum
568 954 605 990 in
638 954 794 990 instanti
825 953 953 991 horae.

1009 220 1092 261 :374
1148 243 1205 248 —

1101 335 1166 374 40.
1198 333 1325 379 Atque
1355 344 1548 371 cervorum
1581 333 1743 371 hinnulo

1201 390 1309 435 Quod
1340 389 1474 426 similis
1504 390 1568 438 sis,
1599 390 1759 440 postulo,

1258 446 1356 483 Reos
1388 445 1569 482 festinans
1599 446 1741 495 iuvare,
1815 448 1819 451 ’

1201 502 1298 539 Nam
1332 502 1470 538 dicitur
1499 502 1537 538 in
1568 503 1731 549 saeculo,

1200 559 1306 604 Quod
1340 558 1458 594 debeo
1488 569 1558 604 pro
1589 559 1728 605 populo

1257 615 1420 651 Assidue
1451 620 1488 650 te
1520 625 1674 660 rogare3
1747 614 1751 618 '

1201 672 1325 716 Super
1354 674 1499 708 montes
1528 671 1661 708 Bethel
1690 680 1806 717 quare

1200 727 1265 764 Me
1296 731 1511 773 supponunt
1542 727 1618 764 alte
1649 731 1750 764 stare

1257 784 1299 819 In
1330 790 1393 820 tuo
1424 783 1651 833 habitaculo,

1202 840 1411 877 Credentes
1441 839 1666 885 inhabitare,

1203 897 1275 932 Per
1304 906 1363 932 me
1394 901 1431 932 et
1462 896 1676 933 hereditare

1260 953 1398 989 Tecum
1430 952 1575 999 gratiae
1604 952 1727 989 titulo.

932 1068 1071 1124 caput
1094 1085 1172 1117 111.

752 1143 990 1181 Christus
1030 1143 1090 1180 ad
1130 1143 1354 1189 angelos,

291 1236 327 1275 1.
361 1235 493 1272 Carnis
525 1238 741 1281 assumptae
771 1234 902 1271 nidulo

361 1291 480 1328 Facto
511 1291 602 1327 mihi
633 1302 701 1337 pro
733 1290 864 1328 lectulo

417 1347 568 1384 Nullius
599 1347 829 1393 quietudinis

360 1405 440 1441 Iam
471 1409 690 1440 senescente
720 1403 870 1440 saeculo

360 1461 437 1498 Per
467 1465 592 1497 noctes
623 1460 691 1496 sub
724 1460 945 1506 crepusculo

418 1517 746 1564 Transgressionis
778 1517 938 1553 hominis

358 1573 451 1620 Ego,
485 1573 584 1610 filius
617 1574 784 1621 virginis,

359 1631 459 1669 Cura
490 1630 757 1666 sollicitudinis

419 1686 518 1723 Satis
550 1692 637 1723 nota
667 1686 705 1722 in
736 1686 875 1732 populo

363 1743 541 1791 Quaesivi
573 1742 832 1779 medicaminis

363 1800 534 1844 Modum,
566 1803 605 1835 ut
638 1799 695 1835 sui
724 1799 890 1836 criminis

422 1856 640 1892 Solveretur
670 1867 692 1892 a
724 1856 884 1896 vinculo.

278 1932 330 1979 '2,
363 1940 479 1989 Quem
512 1941 648 1977 anima
681 1951 766 1977 mea
799 1950 886 1977 vere

361 1997 517 2047 Dalion,
552 1998 637 2034 nolo
670 1998 831 2043 perdere

422 2056 582 2100 Propter
614 2053 800 2090 defectum
832 2053 1000 2103 gerendi,

363 2110 444 2147 Sibi
476 2111 559 2146 volo
588 2111 789 2146 ostendere

364 2167 449 2203 Non
490 2172 564 2203 tam
599 2167 723 2203 verbis
754 2177 862 2213 quam
895 2176 1022 2213 opere,

420 2225 527 2269 Quod
549 2229 696 2269 tempus
719 2228 775 2260 est
796 2223 1020 2269 miserendi·⁷

363 2279 506 2328 Adam,
540 2280 606 2317 ubi
637 2280 705 2317 es?
737 2280 891 2326 petendi

366 2336 452 2373 Non
484 2341 540 2373 est
570 2342 730 2384 tempus,
762 2336 830 2372 sed
852 2335 1024 2372 solvendi

422 2393 531 2429 Hunc
562 2397 597 2429 et
629 2404 714 2430 suos
745 2404 767 2429 a
797 2402 971 2442 carcere3

365 2449 421 2487 Ob
455 2450 523 2486 hoc
555 2450 601 2486 de
633 2449 737 2486 caelo
769 2449 962 2496 descendi,

368 2506 567 2552 Promptus
598 2507 757 2542 animam
792 2505 967 2542 tradendi

423 2564 496 2600 Pro
527 2573 566 2598 se
598 2567 632 2599 et
665 2574 730 2598 suo
761 2572 909 2608 genere.

297 2648 335 2684 3.
369 2647 547 2694 Quaesivi
577 2646 687 2683 illum
718 2647 898 2692 parvulus

367 2704 529 2749 Vagicns
562 2709 598 2739 et
629 2702 837 2739 infantulus

428 2760 573 2796 l'ositus
603 2760 640 2796 in
674 2760 885 2805 praesepio,

366 2816 523 2865 Ligatus
555 2820 592 2852 ut
625 2816 876 2862 pauperculus

367 2872 594 2913 Panni‹·ulis,
627 2884 719 2919 quos
750 2872 927 2918 querulus

427 2929 537 2965 Panis
569 2928 722 2965 liaberet
754 2929 854 2974 odio,

1175 1234 1287 1270 Hunc
1317 1243 1501 1280 quaerens
1532 1233 1599 1270 tali
1630 1233 1755 1271 studio

1175 1290 1268 1327 Non
1298 1289 1427 1327 inveni
1457 1291 1493 1326 in
1527 1290 1601 1326 alio

1234 1347 1345 1395 Loco,
1378 1347 1441 1393 qui
1472 1347 1556 1393 plus
1588 1350 1643 1383 est
1672 1339 1834 1396 patulus,

1177 1403 1338 1449 Oportet
1369 1404 1595 1443 necessario.

1177 1460 1286 1505 Quod
1318 1460 1538 1506 propulsato
1569 1459 1694 1496 taedio

1236 1516 1345 1553 Hunc
1362 1516 1568 1563 quaerendi
1585 1516 1654 1552 sim
1669 1517 1835 1555 seduluS.

1107 1604 1146 1642 4.
1177 1601 1342 1647 Sumam
1376 1601 1491 1647 igitur
1521 1604 1559 1636 et
1588 1600 1650 1637 ibo

1175 1657 1281 1695 Alibi
1312 1663 1348 1692 et
1379 1657 1544 1694 circuibo

1237 1712 1434 1751 Civitatem
1468 1713 1754 1761 mundanorum,

1177 1772 1391 1817 Aegyptum
1424 1770 1528 1816 plius
1559 1769 1683 1818 adibo,

1179 1829 1268 1866 Post
1299 1828 1392 1863 haec
1421 1828 1583 1873 indeque
1614 1827 1746 1864 redibo

1233 1884 1295 1921 Ad
1328 1884 1487 1930 patriam
1521 1883 1759 1930 Iudaeorum,

1177 1940 1253 1977 Per
1282 1940 1382 1976 vicos
1413 1940 1505 1986 legis
1538 1940 1734 1976 doctorum

1177 1997 1230 2034 Et
1254 2008 1327 2043 per
1348 1996 1501 2042 plateas
1533 2007 1658 2033 eorum

1237 2053 1371 2100 Legem
1405 2054 1543 2089 doeens
1574 2051 1814 2098 pertransibo

1178 2110 1304 2155 Atque
1334 2110 1648 2156 Ierosolyniorum

1179 2166 1323 2203 Sedens
1353 2166 1391 2202 in
1423 2167 1528 2202 asino
1560 2164 1680 2202 forum

1235 2222 1349 2267 Quasi
1380 2221 1501 2259 fessus
1531 2222 1707 2259 introibo.

1109 2310 1145 2348 5.
1179 2307 1384 2355 Quaeram,
1418 2318 1527 2353 quem
1558 2307 1694 2343 anima
1723 2317 1810 2344 mea

1177 2363 1335 2408 Interit,
1367 2365 1467 2400 omni
1500 2364 1636 2410 platea,

1237 2421 1275 2459 Si
1310 2419 1409 2460 forte
1439 2422 1494 2456 sic
1525 2420 1724 2467 inveniam,

1179 2476 1263 2514 Non
1295 2477 1365 2513 erit
1397 2477 1489 2513 silva
1522 2477 1665 2523 spinea,

1174 2534 1259 2570 Non
1291 2533 1494 2570 cherubina
1529 2532 1683 2582 framea,

1235 2594 1333 2635 Quas
1364 2591 1401 2626 in
1433 2590 1647 2636 quaerendo
1668 2585 1834 2638 fugiam3

1180 2647 1366 2683 Transibo
1398 2657 1466 2693 per
1496 2647 1687 2691 invidiam,

1179 2703 1444 2740 Fabricantcni
1475 2703 1649 2740 iniuriam

1237 2760 1284 2796 Et
1321 2760 1567 2796 instrumenta
1600 2758 1724 2796 ferrea

1179 2816 1241 2853 Ad
1274 2814 1485 2853 faciendam
1518 2816 1669 2852 nimiam

1181 2873 1293 2909 Carni
1325 2883 1428 2909 meae
1459 2872 1651 2919 angaria-m

1236 2929 1285 2965 Et
1316 2928 1535 2965 fodiendum
1566 2929 1604 2965 in
1635 2939 1691 2968 ea.

2024 1888 2031 1896 .
2015 1834 2031 1869 ιζ’.
2019 1780 2031 1815 ι-
2016 1727 2031 1768 .·.-
2017 1047 2031 1716 hn—A-A·u=.—..-..-—.-.0—.—..—-.—.u-
2024 935 2031 1034 Λ..--
