2031 3289
920 167 1224 207 —254-

432 285 469 322 9.
502 283 606 321 Ordo
637 287 808 320 sacratus
841 279 1097 318 confessorum
1126 280 1428 328 praecipuorum,

553 338 708 377 Auxilio
738 342 839 374 tutos
871 337 1039 383 undique
1069 336 1191 374 redde
1221 343 1305 373 tuos

498 398 623 442 Atque
652 398 717 431 tua
747 398 892 430 nosmet
923 403 1038 440 prece
1070 393 1295 430 dimittendo
1326 397 1471 428 reatum

553 451 631 488 Nos
663 449 818 497 fragiles
849 450 1007 486 multum
1038 448 1211 487 cladibus
1242 447 1448 494 omnigenis
1479 469 1533 473 —

402 552 468 588 10.
502 551 641 588 Paulus
673 555 711 588 et
741 551 942 599 Antonius,
974 550 1167 588 Macarius
1199 549 1468 596 Arseniusque,

555 607 793 651 PachomiuS‚
825 607 944 653 Beda,
977 607 1122 651 Attala,
1158 605 1403 653 Paphnutius,

500 663 742 710 Bertolphus‚
777 663 1009 708 Libertinos,
1041 663 1205 700 Basilius
1237 666 1349 708 atque

557 720 813 768 Hieronymus
846 720 991 768 doctor,
1023 730 1091 756 nos
1121 719 1311 765 miserate,
1343 727 1492 766 precor.

407 823 472 860 11.
507 821 631 867 Galle,
666 821 739 858 Dei
771 821 906 857 summi
937 820 1046 856 miles
1077 818 1283 857 fortissime
1315 818 1469 866 Christi,

559 877 680 915 Nobis
711 887 810 914 nunc
841 875 992 914 famulis
1024 876 1208 913 auxiliare
1238 875 1326 915 tuis.

499 934 564 971 Nil
599 934 653 970 sic
684 934 927 980 perspicuum
958 933 1101 981 poterit
1130 943 1203 969 vox
1234 933 1338 969 clara
1367 929 1526 979 referre,

554 991 608 1028 Ut
641 990 751 1026 decet
780 991 819 1027 in
851 990 918 1026 tali
949 1000 1048 1026 nunc
1080 989 1200 1036 patris
1236 988 1429 1035 obsequie.

406 1094 474 1132 12.
506 1093 581 1130 Hic
613 1092 682 1129 tibi
712 1091 908 1139 perpetuis
940 1095 1119 1128 resonant
1150 1089 1395 1127 concentibus
1425 1089 1539 1126 aedes

555 1148 713 1187 Ossibus
746 1153 783 1185 et
814 1149 932 1186 sacris
963 1158 1114 1194 semper
1142 1146 1305 1184 habetur
1335 1147 1465 1194 honos,

503 1206 598 1243 Cum
630 1205 722 1242 laeti
753 1203 885 1242 famuli
917 1204 1112 1241 celebrant
1142 1204 1204 1240 hic
1234 1201 1332 1240 festa
1363 1202 1517 1249 benigni

556 1261 754 1299 Laudibus
785 1262 971 1298 instantes
1002 1264 1113 1298 nocte
1146 1260 1280 1306 dieque
1310 1259 1398 1298 tuis.

409 1366 479 1405 13.
512 1364 645 1411 Dirige
678 1364 795 1401 corda
825 1363 910 1410 pius
941 1367 977 1400 et
1008 1368 1181 1409 tempora
1212 1362 1332 1409 dirige
1363 1365 1492 1399 nostra

559 1422 686 1467 Atque
719 1420 798 1457 dies
830 1420 950 1457 laetos
983 1420 1121 1457 ducere
1152 1419 1202 1456 da
1233 1419 1404 1465 famulos,

503 1477 554 1515 Ut
587 1487 738 1523 semper
767 1477 920 1514 valeant
949 1476 1098 1513 tibimet
1129 1479 1282 1513 cantare
1312 1475 1440 1522 quieti,

561 1534 615 1570 Te
647 1544 797 1580 quoque
828 1533 982 1570 caelesti
1015 1542 1171 1570 cernere
1202 1532 1286 1569 luce
1314 1531 1405 1578 poli.

409 1638 476 1676 14.
509 1637 539 1674 O
576 1637 714 1673 dilecte
745 1636 838 1684 Deo,
872 1636 1026 1673 radians
1060 1636 1197 1672 virtute
1229 1644 1385 1671 corusca

562 1693 700 1730 Sancte
730 1693 900 1731 Ottmare
931 1696 1052 1741 pater,
1085 1692 1197 1738 iunge
1227 1701 1359 1738 preces
1390 1690 1544 1737 pariter.

505 1750 706 1787 Intercede
736 1749 820 1797 pius
852 1750 1000 1786 veniam
1031 1748 1224 1796 poscendo
1253 1747 1409 1784 misellis

561 1807 738 1853 Aureque
769 1807 842 1843 iam
875 1806 1017 1843 blanda
1045 1805 1212 1842 carmina
1240 1803 1467 1851 percipiens.

413 1910 476 1947 15.
508 1909 660 1946 Summe
691 1908 760 1945 Dei
795 1908 927 1955 cultor,
959 1906 1226 1943 monachorum
1258 1909 1382 1942 rector
1413 1908 1449 1940 et
1477 1904 1588 1952 abba,

561 1966 590 2002 O
624 1965 843 2014 Benedicte‚
877 1974 985 2001 sacer
1015 1968 1127 2010 atque
1157 1962 1318 2008 benigne
1348 1965 1469 2008 pater,

504 2022 613 2058 Istud
648 2021 869 2058 coenobium
901 2025 1121 2066 coetumque
1152 2019 1222 2055 tibi
1254 2017 1501 2055 famulantum

567 2079 782 2124 Nostraque
813 2076 1054 2114 sanctificans
1086 2080 1222 2113 cuncta
1252 2080 1357 2112 tuere
1388 2074 1512 2111 simul.

413 2182 474 2220 16.
506 2179 691 2217 Felicitas
725 2179 827 2222 felix,
860 2178 1027 2227 Eulalia,
1058 2177 1195 2225 Digna,
1227 2178 1379 2215 Verena

565 2237 856 2283 Petronellaque
888 2246 971 2272 cum
1003 2239 1160 2283 perpete
1194 2235 1394 2281 Perpetua,

505 2294 633 2340 Agnes
665 2297 777 2340 atque
807 2292 989 2340 Agathes,
1024 2290 1228 2340 Christina,
1259 2289 1467 2337 Euprepia,
1500 2288 1653 2330 Thecla,

559 2348 749 2396 Eufemia,
782 2349 938 2397 Regula,
970 2348 1140 2395 Eugenia
1171 2351 1283 2393 atque
1314 2346 1423 2390 bona,

411 2454 475 2491 17.
509 2452 741 2499 Virginitate
772 2451 909 2487 chorus
942 2450 1192 2497 resplendens
1225 2449 1512 2486 candidularum

562 2508 692 2545 Turba
723 2508 935 2554 puellarum
966 2507 1183 2553 integritate
1215 2506 1350 2555 nitens,

500 2567 603 2612 Quae
635 2565 791 2611 geminis
824 2563 965 2610 gaudes
996 2563 1194 2610 pulchrum
1229 2562 1407 2599 decorata
1434 2560 1582 2597 coronis

560 2621 692 2658 Laude
721 2620 928 2667 pudicitiae
959 2620 1207 2666 martyriique
1238 2619 1363 2666 simul,

412 2713 476 2750 18.
509 2712 648 2750 Omnes
680 2722 778 2748 nunc
810 2711 942 2755 sancti,
975 2710 1115 2747 nostris
1147 2709 1355 2746 succurrite
1385 2708 1502 2754 lapsis

559 2769 608 2805 Et
641 2768 785 2804 veniam
819 2767 962 2804 cunctis
997 2765 1094 2803 ferte
1126 2767 1289 2802 iuvando
1319 2765 1452 2813 malis;

504 2825 599 2862 Nam
634 2825 768 2861 vestris
801 2824 989 2870 precibus,
1024 2823 1152 2869 petitis
1183 2831 1425 2869 quaecunque
1457 2823 1642 2867 rogantes,

562 2882 707 2918 Annuit
739 2881 820 2927 ipse
852 2881 936 2927 pius
968 2879 1095 2925 nilque
1126 2884 1237 2925 negat
1269 2878 1461 2915 Dominus.
