2031 3289
998 175 1303 216 —492—

641 291 699 328 lO.
732 289 803 338 En,
838 289 1083 336 singulariter
1112 288 1204 325 mihi
1235 288 1379 334 dilecti,

734 345 867 382 Cuncti
897 345 1109 392 poenaliter
1137 349 1224 382 sunt
1252 344 1315 381 hic
1345 345 1481 393 affecti,

732 401 920 438 Virtutum
952 401 1097 438 meritis
1128 411 1198 448 per
1223 401 1294 437 hoc
1322 402 1473 451 repleti,

730 457 841 494 Nunc
871 457 965 494 caeli
995 457 1175 504 praemiis
1205 467 1357 503 semper
1385 462 1473 495 sunt
1501 458 1605 499 laeti.

632 583 695 620 11.
727 582 799 619 Est
828 581 920 618 mihi
950 581 1098 628 patiens
1126 592 1272 629 pauper
1302 587 1491 632 acceptus,

732 638 865 676 Clarus
896 638 958 674 hic
987 639 1153 675 insolens
1183 649 1333 685 semper
1364 638 1586 687 despectus,

729 695 887 740 Mundo,
920 695 1020 741 quod
1051 694 1222 731 inclitum
1253 699 1322 741 est,
1352 695 1570 744 honoratur,

727 750 826 788 Mihi
855 754 897 788 ut
926 749 1108 788 foetidum
1140 750 1391 788 abominatur.

633 876 696 913 12.
729 875 759 912 Ο
789 875 821 911 si
851 875 1110 924 perpenderes
1140 885 1224 912 mea
1253 874 1450 921 promissa,

732 931 873 968 Libens
903 935 1102 980 appeteres
1133 941 1303 978 quaeque
1332 931 1501 981 molesta,

730 988 865 1025 Posses
895 993 937 1024 ut
968 987 1146 1034 consequi
1176 987 1319 1034 gaudia
1349 987 1458 1035 caeli,

727 1045 830 1091 Quae
859 1043 1002 1081 habent
1031 1043 1170 1091 singuli
1199 1044 1262 1081 hic
1292 1054 1361 1091 pro
1392 1054 1451 1080 me
1480 1043 1596 1091 passi.

634 1169 696 1208 13.
728 1168 800 1215 En,
833 1168 938 1215 pacis
967 1172 1137 1215 tempore
1167 1168 1296 1215 plures
1324 1167 1436 1206 amici

729 1225 884 1271 Pugnae
913 1224 982 1261 sub
1014 1234 1128 1262 onere
1158 1225 1368 1272 probantur
1397 1223 1489 1263 ficti.

727 1280 791 1318 Sic
823 1291 911 1318 vere
942 1281 1112 1318 noscitur
1141 1281 1388 1327 adversitate,

728 1337 850 1376 Fidus
880 1338 963 1384 quis
995 1337 1137 1374 dicitur
1166 1338 1433 1385 prosperitate,

629 1463 693 1500 14.
726 1461 791 1498 Nil
821 1461 914 1497 mihi
945 1461 1068 1498 carius
1098 1461 1202 1498 vales
1233 1465 1440 1507 praestare,

726 1517 814 1556 Tibi
846 1528 956 1564 quam
987 1516 1158 1555 funditus
1188 1517 1418 1565 renuntiare,

727 1574 874 1612 Cuncta
905 1574 1096 1611 contraria
1125 1578 1261 1620 sponte
1291 1573 1446 1612 sufferre

725 1632 905 1677 Haecque
935 1635 976 1667 ut
1005 1640 1164 1667 munera
1193 1630 1285 1667 mihi
1315 1630 1462 1668 offerre.

629 1756 692 1794 15.
726 1755 765 1793 Si
796 1766 882 1792 nam
914 1754 1092 1802 iniquitas
1122 1766 1196 1792 non
1228 1755 1455 1802 dominetur,

725 1811 836 1848 Felix
866 1812 1078 1849 adversitas
1109 1822 1258 1858 semper
1287 1817 1470 1861 meretur;

724 1868 796 1906 Est
825 1868 886 1905 via
917 1868 1020 1914 regia
1051 1867 1144 1905 haec
1174 1868 1391 1915 electorum,

726 1924 878 1962 Ducens
907 1924 956 1961 ad
988 1924 1086 1961 atria
1115 1925 1221 1971 regni
1252 1925 1452 1961 caelorum.

627 2050 691 2087 16.
724 2049 800 2086 Hic
829 2048 1064 2096 patientiam,
1097 2048 1196 2093 Iesu,
1228 2047 1369 2096 largire

725 2105 918 2151 Tuamque
948 2105 1108 2150 gratiam
1139 2104 1201 2140 hic
1230 2104 1439 2151 impertire,

732 2161 831 2198 Meis
860 2162 899 2198 in
927 2160 1099 2198 omnibus
1126 2164 1190 2197 tua
1219 2161 1393 2197 voluntas

725 2218 783 2256 Sit
813 2217 1094 2265 gravaminibus
1124 2228 1268 2254 summa
1300 2217 1487 2263 voluptas.

627 2332 694 2369 17.
726 2331 800 2368 Hic
830 2330 900 2366 tibi
931 2330 1115 2379 studeam,
1149 2342 1183 2378 o,
1216 2328 1456 2379 conformari,

723 2388 798 2425 Hic
829 2397 940 2425 cruce
972 2388 1128 2435 valeam,
1162 2397 1196 2433 o,
1228 2386 1438 2431 terminari,

725 2444 779 2482 Ut
807 2444 869 2490 qui
901 2444 1088 2490 supplicio
1118 2443 1188 2480 tibi
1218 2443 1373 2488 sodalis,

732 2500 836 2538 Caeli
870 2500 1041 2537 convivio
1071 2500 1139 2536 sim
1174 2498 1447 2536 commensalis.

628 2615 692 2652 18.
724 2612 785 2650 Da
814 2612 896 2661 hoc,
929 2612 1095 2659 ingenite
1127 2623 1251 2649 rerum
1287 2616 1446 2661 creator,

725 2669 797 2718 Da,
830 2669 1022 2716 unigenite
1053 2669 1179 2706 mundi
1212 2668 1390 2712 salvator,

726 2726 870 2772 Daque,
903 2725 1100 2772 paraclite,
1131 2725 1253 2762 utrius
1283 2735 1410 2772 amor,

727 2782 757 2818 T
761 2782 812 2818 ibi
845 2786 1026 2830 perpetue
1058 2784 1105 2818 sit
1138 2782 1219 2818 laus
1250 2784 1287 2817 et
1317 2781 1448 2820 honor.

457 2893 539 2924 cod.
566 2892 812 2924 Carolffiwllian.
837 2889 904 2924 368
930 2893 992 2923 mit
1016 2892 1096 2924 Mel.
1125 2909 1163 2913 —
1194 2889 1244 2929 lO,
1276 2890 1289 2922 1
1313 2891 1448 2923 delecti.
1479 2908 1514 2912 —-
1546 2890 1597 2927 151,
1623 2889 1643 2921 ‘2
1670 2890 1801 2932 Pugna.
