2031 3289
871 179 1178 219 —570—

644 295 681 332 5.
728 292 888 340 Sanguis
919 291 1073 340 Christi,

731 348 804 388 Qui
836 346 943 385 fuisti

783 405 1009 451 Peremptor
1038 404 1158 442 hostis
1190 404 1331 454 callidi,

731 460 814 498 Fac
846 461 953 498 sitire

729 517 820 566 Nos,
860 518 991 555 venire

782 572 850 610 Ad
877 584 1012 611 cenam
1042 573 1137 621 aym:
1160 571 1336 623 providi.

803 716 863 748 Ad
893 716 1259 758 Completorium.

260 811 295 848 1.
343 809 412 855 Qui
442 808 592 846 iacuisti
623 812 791 846 mortuus
1076 811 1113 849 2.
1159 809 1345 846 Succurre
1370 808 1490 858 nobis,
1522 809 1694 858 Domine,

343 867 387 903 In
417 870 538 916 petra,
570 876 638 904 rex
668 865 861 915 innocuus,
1160 866 1259 912 Quos
1289 865 1484 902 redemisti
1516 866 1710 914 sanguine,

344 922 424 959 Fac
453 933 521 960 nos
553 922 591 959 in
622 926 660 958 te
690 921 884 969 quiescere
1161 922 1213 958 Et
1244 922 1317 959 duc
1345 932 1413 959 nos
1443 922 1493 959 ad
1523 922 1654 959 suavia

344 978 574 1026 Semperque
604 979 737 1016 laudes
769 979 943 1017 reddere.
1161 978 1352 1016 Aeternae
1381 979 1487 1025 pacis
1517 978 1666 1026 gaudia.

670 1082 707 1118 3.
754 1080 866 1128 Laus,
900 1080 1020 1117 honor
1052 1079 1203 1117 Christo
1235 1080 1401 1118 vendito.

347 1194 448 1225 Brev.
474 1203 536 1224 ms.
562 1192 835 1224 Franciscanum
861 1201 950 1223 saec.
978 1189 1030 1223 14.
1056 1192 1102 1223 in.
1150 1191 1232 1223 Cod.
1258 1192 1415 1223 Vatican.
1444 1188 1568 1223 10000.
1594 1191 1634 1222 A.
1659 1207 1704 1213 —-
1721 1191 1821 1223 Brev.

262 1248 322 1269 ms.
354 1239 599 1270 Xanctonense
633 1247 722 1268 saec.
759 1234 809 1268 14.
859 1236 941 1268 Cod.
966 1236 1117 1268 Parisin.
1152 1234 1279 1268 16309.
1305 1238 1344 1269 B.
1380 1254 1424 1258 —
1448 1236 1543 1268 Orat.
1568 1247 1630 1268 ms.
1661 1235 1822 1267 Italicum

257 1293 349 1315 saec.
382 1281 433 1314 14.
483 1282 566 1314 Cod.
592 1283 737 1314 Roman.
763 1279 840 1312 477.
868 1282 905 1314 C.
931 1298 972 1303 -—
999 1283 1117 1313 Horae
1142 1283 1181 1314 B.
1198 1283 1246 1313 M.
1263 1283 1305 1313 V.
1332 1292 1398 1314 see.
1423 1292 1534 1313 usum.
1560 1281 1823 1313 Gebennensem

256 1338 350 1360 saec.
379 1327 430 1359 14.
481 1327 564 1360 Cod.
591 1328 749 1358 Vatican.
776 1327 888 1359 Palat.
914 1324 990 1358 538.
1017 1328 1059 1359 D.
1085 1344 1130 1348 —
1148 1327 1251 1358 Scala
1275 1326 1364 1360 caeli
1391 1337 1479 1359 saec.
1507 1325 1559 1358 14.
1579 1326 1660 1358 Cod.
1678 1328 1822 1368 Pragen.

259 1374 347 1405 XIII
379 1373 409 1405 E
443 1370 474 1404 3.
508 1373 550 1404 E.
583 1389 628 1394 --
653 1372 746 1404 Orat.
780 1383 842 1403 ms,
869 1371 1061 1414 Campense
1086 1373 1168 1403 anni
1204 1370 1299 1404 1462.
1349 1372 1432 1404 Cod.
1460 1372 1718 1404 Darmstadien.
1746 1369 1822 1402 521.

256 1419 294 1450 F.
331 1437 376 1440 —-
405 1420 500 1451 Orat.
538 1429 600 1449 ms.
637 1417 824 1449 Caelestin.
857 1418 891 1449 S.
918 1419 1054 1449 Mariae
1085 1417 1127 1449 de
1152 1418 1310 1449 Parisius
1343 1428 1432 1450 saec.
1468 1415 1520 1449 15.
1546 1417 1629 1450 Cod.
1655 1417 1824 1455 Mazarjn.

254 1461 343 1496 3897
369 1462 470 1504 (605).
495 1463 536 1496 G.
562 1481 606 1484 —
629 1464 725 1495 Orat.
751 1473 812 1493 rnS.
839 1463 1000 1494 Italicum
1028 1472 1116 1494 saec.
1145 1461 1197 1494 15.
1223 1463 1304 1494 Cod.
1332 1464 1492 1495 Rossian.
1520 1463 1607 1494 VIII
1630 1460 1685 1494 48.
1710 1462 1755 1493 Η.
1780 1477 1825 1483 -

259 1510 354 1541 Orat.
380 1520 442 1540 ms.
468 1509 580 1540 Vallis
606 1507 749 1540 Iocosae
774 1518 862 1540 saec.
892 1506 942 1539 15.
992 1508 1075 1540 Ood.
1101 1505 1274 1540 Labacen.
1300 1506 1355 1542 44.
1380 1509 1407 1540 I.
1434 1525 1477 1530 —
1502 1508 1597 1540 Orat.
1622 1518 1684 1539 ms.
1711 1507 1825 1538 Vallis

251 1555 402 1586 Iocosae
429 1564 519 1586 saec.
548 1552 598 1585 15.
647 1553 731 1585 Cod.
757 1554 930 1585 Labacen.
955 1551 1010 1585 45.
1029 1554 1071 1585 K.
1089 1570 1134 1574 —
1150 1554 1245 1585 Orat.
1272 1564 1333 1585 ms.
1355 1553 1636 1586 Claraevallense
1663 1562 1753 1584 saec,
1773 1550 1825 1583 15.

256 1599 341 1631 cod.
367 1601 509 1631 Trecen.
539 1597 636 1631 1612.
661 1600 702 1630 L.

346 1656 408 1688 Ad
426 1657 712 1688 Matutinum.
738 1674 779 1678 —
809 1653 836 1694 1,
862 1653 884 1686 4
900 1655 947 1686 Et
971 1655 1072 1689 fehlt:
1099 1655 1146 1686 Et
1170 1657 1296 1687 mentis
1313 1656 1352 1687 L.
1371 1656 1408 1687 F.
1436 1673 1482 1676 —
1499 1656 1567 1687 Str.
1596 1653 1611 1686 1
1638 1653 1723 1686 fehlt
1742 1654 1827 1691 hier,

258 1701 364 1733 findet
393 1701 467 1733 sich
493 1701 575 1732 aber
601 1702 726 1742 spiiter.
774 1701 814 1732 L.
840 1718 881 1722 —
907 1698 945 1737 2,
979 1698 999 1731 2
1024 1700 1071 1732 Et
1095 1700 1180 1732 fehlt
1204 1701 1361 1733 AEGIK.
1388 1720 1430 1724 —
1455 1698 1487 1738 3,
1516 1698 1531 1731 1
1559 1700 1605 1731 Et
1629 1710 1759 1741 poenas
1785 1699 1827 1730 A.

216 1763 220 1765 ·
262 1765 302 1768 —
329 1744 366 1786 3,
399 1745 422 1778 4
445 1747 492 1778 Et
516 1748 636 1777 mortis
662 1747 698 1777 F.
724 1763 769 1767 -—-
792 1744 830 1782 4,
867 1744 882 1776 1
910 1756 973 1777 nos
1000 1747 1133 1777 sauciet
1158 1747 1200 1777 D.
1225 1763 1270 1767 ——
1293 1744 1324 1783 4,
1355 1743 1375 1777 2
1401 1746 1599 1777 illuminent
1625 1745 1661 1776 C.
1688 1761 1731 1766 —
1756 1744 1826 1776 Str.

254 1790 275 1824 4
308 1792 361 1824 bis
390 1790 410 1824 6
436 1791 550 1824 fehlen
575 1791 661 1830 hier,
686 1791 801 1822 finden
827 1791 901 1822 sich
927 1791 1010 1823 aber
1035 1792 1150 1833 spiiter
1176 1792 1220 1830 L3
1247 1794 1331 1823 statt
1355 1791 1495 1823 dessen:

352 1895 416 1934 Qui
443 1903 511 1935 pax
537 1897 569 1925 et
594 1903 728 1924 summa
752 1894 900 1935 requies,
1172 1893 1240 1924 Hic
1264 1893 1413 1925 traditur
1438 1896 1472 1924 et
1495 1893 1641 1934 capitur,

351 1940 506 1971 Vexatus
530 1939 596 1970 fuit
620 1939 762 1980 pluries,
1172 1939 1385 1979 Conspuitur
1409 1941 1443 1970 et
1467 1938 1632 1975 caeditur,

351 1985 513 2026 Triginta
537 1985 686 2015 nummis
713 1984 873 2015 venditus
1173 1983 1368 2022 Deluditur,
1394 1985 1541 2019 exuitur,

352 2030 399 2061 Et
424 2031 497 2061 sine
524 2039 630 2060 causa
655 2029 823 2069 proditus.
1173 2029 1320 2061 Velatur
1343 2033 1377 2060 et
1402 2029 1582 2060 occiditur.

263 2128 298 2169 6,
323 2129 344 2163 3
368 2132 516 2163 Mortem
541 2140 643 2172 passo
670 2131 772 2163 CEG.

355 2188 412 2220 Ad
438 2188 621 2219 Laudes.
650 2203 689 2208 -
718 2188 841 2219 Dieser
866 2188 1026 2228 Hymnus
1059 2188 1144 2220 fehlt
1168 2187 1208 2219 L.
1233 2204 1275 2208 —
1303 2185 1338 2226 1,
1369 2185 1392 2218 4
1416 2187 1552 2218 Psallat
1576 2189 1693 2218 coetus
1719 2185 1761 2217 K.
1789 2201 1831 2207 --

269 2231 304 2270 1,
340 2232 359 2265 5
385 2234 484 2265 Nune
508 2233 620 2264 laetus
646 2234 688 2264 K.
713 2250 757 2253 ——
781 2231 823 2270 2,
859 2231 874 2263 1
900 2233 1020 2264 Poena
1044 2233 1231 2265 fortissime
1256 2233 1283 2264 I.
1308 2250 1353 2253 —
1378 2229 1409 2270 2,
1439 2230 1460 2263 2
1484 2233 1591 2264 Dirae
1616 2232 1736 2263 mortis
1762 2230 1851 2262 EG.-

267 2296 310 2299 —
338 2277 368 2312 2.
394 2277 416 2309 4
441 2278 554 2310 Corda
578 2275 721 2309 trahant
746 2278 791 2314 Α;
817 2278 888 2309 Nos
914 2278 1096 2310 damnatos
1122 2280 1161 2310 C.
1188 2295 1232 2299 —
1257 2275 1289 2315 2,
1313 2276 1334 2309 5
1359 2276 1406 2308 Et
1431 2280 1464 2309 te
1480 2277 1528 2316 Ag
1555 2276 1691 2308 Reddat
1713 2279 1830 2318 gratos

270 2324 306 2355 C.
336 2342 379 2347 —
404 2322 435 2362 3,
461 2323 481 2355 5
507 2324 595 2355 Sunt
619 2323 748 2354 collata
766 2323 924 2355 CGHIK.
952 2342 992 2346 —
1018 2322 1049 2362 4,
1078 2322 1267 2355 1Primum
1292 2325 1414 2364 tangat
1431 2323 1468 2354 C.
1493 2340 1536 2343 —
1561 2321 1593 2360 4,
1618 2320 1639 2354 3
1665 2331 1831 2363 sanguem

268 2370 296 2400 I.
326 2387 365 2391 —
393 2368 424 2406 4,
450 2367 470 2400 5
489 2369 615 2401 Sumus
633 2369 770 2400 ADEF.
795 2385 837 2389 —
856 2368 953 2399 Auch
979 2369 1067 2400 nach
1092 2370 1222 2401 diesem
1241 2369 1401 2409 Hymnus
1421 2366 1624 2399 wiederholt
1641 2367 1697 2398 die
1714 2367 1832 2398 Doxo·

272 2415 362 2456 logie
388 2415 446 2446 des
473 2413 778 2455 vorhergehenden
802 2414 921 2445 CFIK.

360 2471 419 2502 Ad
445 2471 640 2501 Primam.
665 2487 709 2491 —
738 2469 773 2509 l,
808 2468 829 2502 3
855 2470 953 2502 Felix
979 2471 1103 2502 illusus
1128 2471 1175 2510 E3
1203 2471 1317 2502 illusis
1345 2471 1386 2502 D.
1412 2487 1455 2492 -
1484 2468 1520 2508 1,
1545 2468 1566 2501 4
1592 2471 1687 2502 Diris
1712 2478 1832 2501 caesus

270 2517 472 2549 verberibus
498 2517 537 2547 L.
565 2532 608 2537 —-
633 2514 663 2554 2,
691 2514 707 2547 1
735 2516 784 2548 Te
810 2519 967 2557 petamus
994 2517 1030 2548 C.
1057 2533 1101 2537 —
1127 2517 1198 2548 Nos
1225 2516 1390 2558 perducas
1418 2516 1510 2547 ADI.

359 2573 416 2604 Ad
441 2573 647 2605 Tertiam.
672 2589 715 2595 —
744 2571 771 2611 l,
795 2570 816 2603 3
833 2572 981 2604 Gravem
1008 2573 1126 2605 frendo
1153 2574 1227 2604 CH.
1253 2591 1297 2595 —
1321 2570 1352 2607 2.
1382 2571 1395 2603 1
1417 2573 1486 2604 Fac
1511 2582 1573 2603 nos
1601 2572 1637 2603 in
1663 2575 1694 2603 te
1720 2571 1832 2612 quies-

274 2629 350 2649 cere
378 2617 403 2649 I.
432 2635 471 2639 ——
499 2617 537 2656 2,
572 2616 593 2649 2
617 2618 803 2659 Vitamque
829 2622 984 2649 sanctam
1015 2619 1063 2658 υς
1100 2618 1245 2650 Carnem
1272 2618 1505 2659 mundumque
1530 2618 1669 2648 vincere
1693 2616 1767 2649 CH.
1790 2631 1833 2636 -—

270 2661 308 2700 2,
341 2662 361 2695 3
387 2664 435 2696 Ut
459 2663 636 2695 valeamus
662 2663 764 2703 EIK,
797 2663 863 2694 frui
890 2664 1007 2705 requie
1032 2664 1072 2695 A.
1098 2681 1141 2685 —
1166 2661 1204 2696 2.
1234 2662 1256 2695 4
1282 2663 1449 2695 Caelestis
1476 2663 1542 2694 frui
1568 2662 1642 2701 FG;
1673 2660 1833 2693 caelestis

272 2709 403 2749 ¹‹gloriae
434 2710 507 2741 CH.

363 2766 420 2796 Ad
447 2766 634 2797 Sextam.
663 2784 703 2788 —
732 2763 765 2804 1,
795 2764 809 2796 1
838 2767 982 2797 Crucem
1009 2769 1162 2796 sanctam
1189 2764 1362 2801 subiitE.
1388 2782 1431 2786 —-
1460 2763 1486 2803 1,
1514 2762 1534 2792 :3
1559 2764 1606 2795 Et
1631 2760 1774 2795 sacratis
1800 2763 1832 2797 Ι;

273 2812 369 2841 Iesus
401 2815 555 2842 sacratus
581 2811 622 2842 K,
657 2829 700 2832 —
729 2810 763 2849 l,
796 2810 817 2842 4
842 2811 960 2843 Ulavis
988 2811 1088 2841 fossis
1113 2810 1248 2849 AllGI;
1282 2809 1400 2842 Clavis
1426 2820 1465 2841 ac
1490 2809 1592 2841 fossis
1618 2808 1761 2850 pedibus
1786 2807 1834 2845 E3

277 2856 392 2886 Clavis
418 2856 504 2886 fixus
531 2865 571 2887 ac
597 2856 741 2897 pedibus
768 2857 818 2895 Κ;
846 2857 938 2887 rixis
965 2857 1072 2887 clavis
1099 2860 1132 2887 et
1157 2858 1194 2888 C.
1219 2873 1263 2877 —
1287 2853 1319 2894 2,
1345 2854 1365 2885 2
1390 2854 1553 2886 crucifixo
1579 2855 1728 2885 Domino
1748 2853 1833 2886 FGI.

275 2920 314 2923 —
342 2899 372 2938 2,
398 2899 419 2932 4
447 2902 497 2931 ΑΙ)
524 2902 680 2943 Aegypto
711 2904 755 2942 (23
782 2902 941 2933 Salvavit
966 2902 1009 2933 ab
1038 2903 1085 2940 D3
1112 2902 1154 2934 ab
1181 2902 1287 2932 exitio
1312 2900 1453 2939 AFGK3
1480 2900 1523 2932 ab
1549 2899 1672 2931 exsilio
1697 2898 1767 2929 DL.
1793 2913 1835 2918 ——
