1914 3223
136 345 144 354 ,
190 312 241 349 Hi
272 313 422 350 virtutis
453 317 559 350 erant

246 367 360 407 fortia
390 369 480 417 tela,

189 427 353 470 Quorum
385 426 486 462 zelus
518 430 598 462 erat

244 481 385 529 absque
416 482 580 528 querela,

188 539 299 576 Vitae
331 538 538 586 naufragiis

243 605 427 642 prospera
458 595 552 643 vela,

844 199 923 239 527

923 296 963 353 6ss
1008 313 1081 351 Sed
1115 305 1237 350 ventis
1269 312 1438 350 tribuens

1065 370 1157 407 haec
1189 369 1425 417 vagabundis

1007 425 1130 473 Digne
1159 433 1289 464 nostra
1321 431 1420 463 caret

1065 483 1198 529 cymba
1229 483 1417 526 secundis,

1005 540 1123 585 Quam
1156 544 1286 577 contra
1318 540 1432 577 variis

1060 600 1174 642 atque
1204 595 1405 643 profundis

186 651 336 689 Morum
368 651 586 690 vulneribus
1005 652 1198 690 Fortunae
1229 652 1386 700 pelagus

243 713 332 754 apta
363 709 524 748 medela.
1062 709 1200 746 militat
1231 709 1356 746 undis.

577 823 611 861 7.
658 822 739 859 Iam
771 832 949 859 succurre
980 822 1085 867 meis,

718 877 888 925 obsecro,
922 878 1062 926 spebus

661 935 788 974 Sacris
820 935 990 973 autidoto

718 991 765 1029 de
795 991 1007 1039 speciebus,

662 1048 725 1086 Sic
754 1048 828 1086 sint
856 1049 958 1087 laeta
988 1048 1062 1086 tuis

718 1109 892 1152 tempora
923 1104 1036 1143 rebus

659 1162 711 1199 Et
741 1163 870 1200 multis
899 1161 1025 1200 faveat

719 1219 796 1256 vita
827 1219 973 1257 diebus.

196 1330 259 1372 Ep.
286 1330 348 1362 IX.
384 1347 418 1352 ——
451 1330 656 1362 Venerabili
691 1331 787 1369 viro,
821 1332 988 1373 magistro
1014 1341 1076 1363 suo
1102 1331 1144 1363 N.
1170 1348 1213 1352 —
1239 1330 1396 1362 Schluss:
1432 1330 1673 1371 „Quapropter

106 1386 149 1408 ex
188 1377 316 1418 vagina
357 1377 539 1408 metrici
579 1376 745 1407 carminis
785 1378 1037 1408 sententiosum
1078 1377 1314 1418 praecipitans
1356 1377 1391 1407 in
1434 1385 1509 1407 mea
1545 1375 1673 1406 dilecta

106 1431 303 1453 mucronem
329 1431 371 1453 ex
396 1432 455 1454 ore
480 1432 555 1454 meo
581 1431 634 1453 me
660 1421 786 1453 iudico.
836 1423 973 1454 Parcite
999 1421 1188 1454 confitenti.
1216 1439 1258 1444 -

195 1464 225 1504 2,
252 1464 272 1498 3
297 1467 449 1498 meritor.
476 1483 518 1488 -—
543 1464 575 1506 3,
600 1464 621 1498 8
646 1467 864 1500 consiluisse.

576 1624 658 1659 362.
696 1624 776 1667 (19.)
812 1624 870 1660 De
895 1625 1009 1659 Bono
1036 1623 1199 1658 Mortis.

307 1729 423 1774 Quam
455 1728 582 1775 gravis
614 1730 739 1767 exsilii
770 1728 842 1767 fuit
873 1730 967 1767 haec
998 1728 1240 1778 proscriptio,
1273 1738 1342 1775 per
1376 1738 1486 1775 quam

362 1786 424 1823 Ad
456 1786 619 1832 patriam
651 1786 797 1824 reditus
828 1797 902 1824 non
933 1786 1007 1823 nisi
1037 1792 1158 1822 morte
1191 1785 1314 1827 datur.

306 1842 412 1879 Haec
439 1842 547 1890 nigra
578 1843 750 1880 condicio
782 1848 837 1880 est
870 1847 908 1880 et
939 1842 1117 1891 candida,
1149 1840 1276 1878 flebile
1306 1846 1471 1888 pactum,

361 1899 623 1946 Laetitiaeque
654 1900 766 1937 simul
795 1900 891 1937 levis
923 1903 960 1936 et
989 1909 1126 1946 aspera
1156 1898 1230 1936 lex.

251 1959 271 1994 5
306 1956 391 1993 Non
423 1956 519 1993 vitet
549 1956 632 2002 quis
663 1956 776 2005 enim,
811 1957 934 1994 valeat
966 1966 1049 1993 cum
1082 1955 1221 2002 vivere,
1255 1960 1426 2002 mortem,

362 2013 425 2050 Ad
456 2012 620 2059 patriam
651 2013 746 2051 nolit
774 2013 906 2061 quisve
937 2012 1064 2050 redire
1094 2023 1212 2052 suain.

307 2069 382 2107 Sed
413 2073 569 2116 superat.
601 2070 746 2107 reditus
779 2070 941 2108 dulcedo
973 2069 1106 2106 mortis
1136 2079 1301 2117 amarae,

366 2126 477 2166 Cedit
508 2131 545 2164 et
575 2126 716 2164 invitus
748 2127 869 2164 victus
901 2136 1028 2164 amore
1058 2126 1184 2164 timor.

305 2183 413 2220 Mors
445 2193 489 2220 ea
521 2194 621 2220 mors
652 2182 757 2231 felix,
792 2194 893 2221 mors
924 2183 1053 2220 vivere
1085 2182 1199 2230 digna
1230 2182 1371 2230 vocari,

223 2240 272 2278 10
362 2240 483 2285 Mors,
516 2240 616 2277 vitae
646 2251 798 2288 praeco,
833 2250 984 2287 semper
1015 2239 1174 2276 emenda
1205 2238 1310 2277 mihi.

305 2297 412 2333 Mors
443 2307 487 2334 ea
518 2307 618 2334 mors
649 2297 744 2334 haec
775 2301 843 2341 est,
879 2297 925 2334 de
956 2307 1029 2343 qua
1059 2296 1271 2343 scriptura:
1305 2295 1415 2332 Beati

363 2353 407 2390 In
440 2353 614 2400 Domino,
647 2354 797 2398 clamat,
826 2354 890 2401 qui
920 2353 1144 2402 moriuntur,
1178 2356 1301 2391 erunt.

305 2408 514 2447 Det'Deus
544 2410 782 2457 omnipotens
812 2410 945 2458 placiti
972 2420 1056 2446 cum
1087 2408 1234 2446 venerit
1264 2408 1357 2446 hora

364 2466 634 2504 Consummare
664 2472 749 2505 tuos
781 2467 852 2505 hoc
883 2466 953 2504 tibi
983 2465 1057 2503 fine
1089 2465 1183 2503 dies.

198 2577 263 2619 Ep.
295 2578 391 2611 XXI.
427 2596 472 2600 —
503 2579 544 2612 G.
575 2579 617 2611 de
651 2579 834 2611 Basochiis
872 2579 1055 2610 carissimo
1093 2587 1155 2609 suo
1181 2577 1295 2609 Petro.
1334 2593 1376 2598 -
1416 2577 1486 2609 Das
1524 2575 1672 2609 Gedicht

109 2622 267 2656 schliesst
291 2624 380 2657 ohne
406 2626 545 2657 weitere
569 2624 777 2666 Einleitung
801 2634 845 2656 an
871 2624 937 2656 den
961 2623 1060 2655 Brief
1080 2633 1135 2654 an.
