2031 3289
908 137 1214 177 —184—

490 251 699 297 Barnabas,
733 250 843 297 SilaS,
877 250 1104 298 Stephanus,
1135 251 1364 298 Marcusque
1394 251 1587 303 Titusque,

542 307 664 344 Lucas
696 311 733 342 et
763 307 948 352 Clemens,
981 311 1133 344 sanctus
1162 307 1410 353 Apollinaris.

483 363 622 409 Sixtus,
655 363 888 407 Alexander,
921 363 1118 403 Cornelius
1149 370 1185 399 et
1217 364 1441 411 Cyprianus,

388 421 438 459 30
541 419 664 467 Felix,
699 418 877 457 Urbanus
907 419 1184 465 Mauritiusque
1212 421 1311 466 pius

485 476 575 512 Cum
609 475 691 521 quis
722 480 774 520 tu,
806 475 940 512 doctor
967 474 1199 522 Bonifacius,
1231 476 1360 512 inclite
1391 481 1549 524 martyr,

540 532 702 568 Placans
734 531 980 568 altithronum
1012 531 1128 568 funde
1159 543 1303 577 preces,
1339 533 1511 578 petimus.

482 587 594 624 Alme
624 593 708 624 tuos
738 587 858 624 socios
888 598 1055 634 moneas,
1090 588 1268 638 Martine,
1302 599 1514 635 precamur,

541 645 614 681 Pro
646 643 753 680 nobis
784 644 985 681 Dominum
1016 654 1174 690 poscere
1203 645 1276 682 rite
1304 645 1418 691 pium.

386 703 436 739 35
484 701 567 737 Hoc
598 700 688 745 Leo,
721 700 903 737 Silvester
933 701 1042 737 simul
1075 705 1112 737 et
1142 699 1336 739 confessor
1370 702 1577 750 Amandus,

540 756 765 793 Ambrosius
795 757 949 802 praesul
979 768 1152 803 papaque
1184 757 1402 805 Gregorius,

484 813 717 859 Augustinus
749 812 879 852 honor.
914 813 1048 850 doctor
1078 814 1332 860 Hieronymus
1365 820 1476 861 atque

540 869 771 906 Maximinus
802 875 932 915 pastor
961 869 1223 917 Eusebiusque
1254 877 1371 917 gerat.

483 927 576 970 Hoc,
610 925 827 971 Benedicte‚
860 926 934 962 tuis
964 926 1158 963 monachis
1188 927 1377 976 impende,
1411 937 1621 974 precamur,

382 984 435 1022 40
539 981 630 1019 Cum
662 982 828 1018 Antonio
859 987 895 1019 et
927 983 1044 1020 Paulo
1075 993 1191 1030 regna
1221 983 1333 1020 beata
1363 989 1506 1022 tenens.

481 1040 633 1085 Martyr
663 1038 813 1084 Agatha
844 1039 928 1087 Dei,
962 1037 1092 1076 foveas
1123 1050 1191 1076 nos
1222 1040 1304 1089 rite,
1338 1050 1552 1087 precamur,

537 1095 665 1141 Agnes
698 1095 752 1130 sic
784 1095 901 1142 virgo,
934 1096 989 1132 sic
1020 1100 1058 1132 et
1087 1097 1302 1134 Anastasia.

481 1151 611 1200 Lucia,
645 1151 817 1194 Balbina‚
853 1152 1078 1202 Petronella,
1113 1152 1276 1199 Eulalia,
1309 1153 1462 1198 Thecla,

538 1206 695 1253 Regina,
728 1207 952 1256 Euphemia,
985 1209 1163 1253 Caecilia,
1196 1209 1377 1258 SotheriS,

383 1267 434 1304 45
482 1265 667 1312 Eugenia,
703 1265 844 1313 Prisca,
877 1265 1143 1311 Monegundis,
1176 1266 1370 1306 Praxidis‚
1402 1264 1513 1313 Afra,

541 1321 745 1368 Christina,
779 1321 937 1368 Brigida
967 1321 1152 1368 turbaque
1184 1327 1287 1359 casta
1319 1323 1409 1368 poli.

483 1378 694 1416 Caelicolae
726 1379 864 1425 cuncti,
898 1383 1114 1415 sanctorum
1146 1379 1336 1415 exercitus
1368 1379 1502 1423 omnis,

538 1434 621 1471 Hoc
654 1434 830 1480 precibus
861 1434 971 1483 agite,
1002 1439 1043 1471 ut
1074 1446 1141 1471 nos
1172 1435 1274 1472 Deus
1306 1435 1387 1481 ipse
1418 1436 1533 1475 iuvet,

482 1492 681 1537 Expurget
713 1491 908 1533 miserans„
943 1491 1098 1539 exaltet,
1133 1492 1277 1540 diligat,
1311 1496 1432 1539 ornet,

384 1551 435 1587 50
538 1547 696 1585 Illaesos
729 1552 866 1598 servet,
899 1552 1072 1594 protegat
1104 1552 1215 1594 atque
1248 1553 1366 1595 regat.

483 1604 559 1641 Det
589 1614 720 1650 pacem
752 1615 892 1645 veram,
928 1604 992 1640 det
1022 1605 1175 1650 plenum
1206 1616 1338 1641 munus
1369 1604 1520 1652 amoris,

540 1661 659 1698 Actus
692 1662 756 1697 det
785 1661 957 1707 placidos
988 1671 1167 1707 spemque
1197 1660 1383 1708 finemque
1415 1660 1566 1699 bonam.

485 1717 674 1753 Virtutum
708 1718 853 1764 copiam
887 1717 1029 1755 tribuat
1061 1724 1297 1764 mentemque
1329 1718 1530 1763 benignam

538 1773 589 1810 Et
629 1785 778 1811 carnem
812 1779 951 1810 castam
984 1779 1131 1820 tempus
1160 1780 1196 1810 et
1227 1785 1335 1810 omne
1366 1775 1517 1813 bonum.

387 1833 436 1869 55
486 1832 561 1867 Det
588 1831 741 1878 victum,
774 1835 930 1875 vestem,
962 1830 1058 1867 fidos
1091 1832 1155 1867 det
1186 1841 1336 1877 semper
1366 1833 1505 1869 amicos

536 1888 663 1933 Atque
696 1888 821 1924 hostes
855 1892 1008 1924 cunctos
1039 1892 1168 1924 arceat
1198 1888 1281 1934 ipse
1311 1889 1456 1934 procul.

482 1943 637 1980 Famem
671 1944 849 1993 depellat,
882 1943 1033 1980 morbos
1063 1944 1172 1980 simul
1204 1943 1353 1981 auferat
1382 1953 1524 1987 omnes,

539 2001 720 2039 Conterat
750 2006 786 2036 et
816 2001 926 2047 longe
959 2000 1151 2055 daemonis
1182 2001 1353 2040 insidias,

482 2056 684 2094 Curramus
714 2057 816 2102 laeti,
848 2062 887 2094 ut
920 2057 1110 2103 capiamus
1140 2068 1254 2104 regna
1285 2058 1397 2095 beata

388 2115 440 2152 60
543 2114 634 2151 Cum
667 2114 820 2151 Christo
851 2125 996 2151 sursum
1030 2124 1179 2160 semper
1208 2114 1246 2150 in
1277 2125 1365 2152 aree
1395 2115 1485 2162 poli.

487 2171 619 2217 Agnus
650 2175 779 2208 sancte
810 2170 893 2214 Dei,
926 2170 989 2216 qui
1020 2170 1123 2206 tollis
1151 2170 1311 2208 erimina
1341 2172 1483 2217 mundi,

545 2226 702 2273 Semper
731 2227 769 2264 in
800 2232 994 2264 aeternum
1025 2231 1066 2263 tu
1096 2227 1274 2264 miserere
1306 2228 1391 2266 tuis„

496 2283 552 2320 Tu
582 2294 662 2329 nOS,
696 2284 857 2327 Christe,
890 2283 990 2324 audi,
1022 2287 1062 2319 tu
1093 2284 1242 2329 exaudi,
1277 2284 1438 2333 Christe,
1469 2294 1679 2330 precamur,

541 2340 594 2377 Te
626 2340 827 2389 sequimur,
863 2340 1022 2385 Christe,
1056 2345 1092 2376 te
1125 2341 1306 2389 volumus,
1341 2341 1523 2387 cupimus.

385 2397 435 2435 65
483 2397 513 2435 Ο
545 2396 717 2445 Domine,
750 2397 868 2442 salva,
900 2397 987 2443 quia
1019 2396 1133 2433 vitam
1164 2398 1378 2443 quaerimus
1409 2397 1476 2434 abs
1509 2403 1557 2445 te,

541 2453 675 2491 Redde
706 2459 808 2490 tuum
841 2454 996 2497 vultum,
1029 2452 1084 2489 sic
1115 2453 1186 2490 erit
1216 2459 1329 2500 atque
1360 2454 1465 2491 satis.

483 2510 540 2546 Tu
569 2506 780 2560 quo[niam]
814 2510 944 2559 virtus,
978 2515 1018 2545 tu
1051 2510 1128 2547 vita
1159 2520 1210 2554 eS,
1243 2511 1393 2548 Christe
1424 2510 1612 2559 perennis,

540 2567 609 2610 Tu,
643 2566 806 2612 Christe,
838 2566 992 2612 eleison,
1025 2571 1064 2603 tu
1097 2567 1217 2612 Kyrie
1242 2567 1393 2604 eleison.

378 2678 555 2710 Browerus
583 2689 613 2719 p.
639 2676 682 2710 48
708 2689 801 2721 sqq-3
827 2678 1007 2710 Diimmler
1033 2678 1077 2716 ΙΙ,
1103 2676 1168 2709 217
1194 2690 1244 2719 sq.
