1914 3223
202 290 272 321 Ans
304 289 370 321 den
401 299 470 320 von
505 289 575 320 Leo
608 298 638 328 p.
673 288 790 320 XXIV
816 289 868 320 als
896 288 1064 331 „Spuria“
1092 289 1337 322 bezcichneten
1362 289 1554 323 Gedichten
1579 289 1669 322 habe

110 335 166 367 ich
190 335 262 367 drei
287 334 553 375 aufgenommen
578 342 640 364 aus
658 333 832 370 Griinden,
860 334 914 366 die
935 335 988 366 bei
1008 335 1073 367 den
1093 335 1272 366 einzelnen
1292 335 1452 377 Hymnen
1469 336 1669 376 angegcben

109 380 197 412 siud.
246 380 316 411 Aut·
343 379 400 411 die
434 378 565 411 andern
601 378 696 409 kann
729 379 783 409 ich
821 379 912 416 hier,
946 380 1059 417 daea
1094 381 1182 412 mich
1217 392 1259 412 zu
1293 382 1372 412 weit
1395 380 1517 411 fiihren
1544 381 1668 418 wiirde,

95 425 168 457 ‘des
199 424 350 457 niiheren
382 423 479 456 nicht
511 423 692 465 eingehen.
743 424 816 454 Nur
840 424 903 455 das
929 426 1005 456 eine
1031 427 1081 456 sci
1109 426 1282 464 betnerkt‚
1315 426 1390 458 dass
1416 427 1506 458 Leos
1532 426 1591 457 Nr.
1618 426 1667 457 IX

109 470 179 502 und
213 471 245 502 X
278 471 323 501 im
357 471 586 510 Hymnariuin
621 469 681 500 des
715 469 902 500 Kardinals
931 470 1121 507 Tunnnasi,
1154 476 1324 513 cntgegen
1356 471 1416 503 der
1439 470 1671 513 Behauptung

109 517 209 553 Leos,
235 515 312 547 dem
340 515 548 546 Fortunatus
574 513 702 545 nieht
727 514 997 555 zugescliricben
1024 516 1168 547 werden.

482 760 636 803 66.(1.)
671 760 716 794 Ιιι
742 760 908 795 Honore
935 761 1102 796 sanctae
1129 761 1283 797 Crucis.

694 830 807 862 Carin.
833 831 870 862 C.
896 831 959 869 ΙΙΙ,
986 842 1018 863 11.
1043 829 1074 862 2.

122 935 159 975 1.
192 935 332 982 Pange,
365 934 504 983 lingua,
535 933 690 980 gloriosi

247 990 433 1038 proelium
465 990 682 1027 certaminis

190 1047 239 1084 Et
270 1057 386 1093 super
417 1046 540 1083 crucis
571 1050 741 1093 tropaeo,

249 1103 310 1141 dic
339 1103 569 1149 triumphum
600 1103 778 1148 nobilem,

191 1160 362 1206 Qualiter
392 1160 613 1206 redemptor
643 1160 746 1197 orbis

244 1217 459 1254 immolatus
491 1216 640 1254 vicerit.

120 1332 156 1369 2.
193 1329 251 1367 De
281 1330 451 1377 parentis
482 1330 712 1377 protoplasti

245 1385 394 1425 fraude.
413 1385 535 1423 factor
567 1386 784 1435 condolens,

186 1443 344 1491 Quando
375 1443 477 1490 pomi
508 1443 668 1480 noxialis

246 1504 367 1537 morte
397 1511 524 1537 morsu
556 1500 709 1549 corruit,

191 1557 278 1604 Ipse
308 1557 451 1603 lignum
481 1561 571 1593 tune
602 1556 762 1603 notavit,

249 1614 386 1651 damna
416 1613 509 1659 ligni
542 1617 582 1649 ut
612 1613 791 1651 solveret.

119 1728 156 1766 3.
188 1726 271 1764 Hoc
300 1737 394 1773 opus
426 1730 579 1763 nostrae
610 1726 743 1763 salutis

244 1783 339 1820 ordo
371 1783 662 1831 depoposcerat,
712 1829 719 1836 ι

187 1838 438 1877 Multiformis
469 1840 677 1886 perditoris

244 1901 326 1934 arte
355 1901 396 1933 ut
427 1901 549 1933 artem
580 1894 733 1934 falleret

187 1953 238 1990 Et
265 1953 453 1990 medelam
485 1951 604 1990 ferret
633 1953 736 1999 inde,

244 2010 362 2046 hostis
393 2010 494 2047 unde
524 2010 700 2048 laeserat.

116 2125 155 2160 4.
187 2123 343 2169 Quando
372 2123 474 2159 venit
503 2133 592 2170 ergo
623 2122 722 2160 sacri

241 2180 440 2226 plenitudo
472 2179 668 2227 temporis,

183 2236 322 2273 Missus
354 2241 410 2273 est
441 2236 487 2273 ab
520 2247 608 2273 arce
639 2236 759 2283 patris

240 2297 350 2330 natus
381 2293 484 2330 orbis
517 2293 692 2330 conditor

185 2349 310 2396 Atque
342 2354 473 2387 ventre
506 2349 680 2397 virginali

242 2416 354 2443 carne
385 2404 508 2443 factus
539 2406 695 2455 prodiit.

120 2520 155 2557 5.
190 2519 299 2567 Vagit
329 2518 454 2556 infans
485 2520 586 2556 inter
615 2523 699 2556 arta

245 2576 419 2613 conditus
450 2576 685 2622 praesaepia,

185 2632 358 2670 Membla
388 2633 523 2680 pannis
556 2632 725 2669 involuta

241 2689 346 2736 virgo
377 2694 498 2727 mater
529 2689 686 2735 adligat,

185 2744 234 2782 Et
264 2746 381 2792 pedes
412 2755 628 2792 manusque,
662 2756 772 2782 crura

243 2802 375 2840 stricta
405 2803 525 2849 pingit
559 2800 691 2841 fascia.

938 935 974 972 6.

909 2520 972 2558 10.

1009 934 1148 971 Lustra
1182 944 1249 971 sex
1280 934 1343 981 qui
1374 935 1448 972 iam
1481 940 1636 982 peracta

1065 995 1213 1037 tempus
1247 991 1408 1038 implens
1439 992 1621 1040 corporis,

1008 1046 1056 1084 Se
1088 1048 1249 1095 volente,
1281 1052 1391 1085 natus
1422 1048 1471 1085 ad
1503 1049 1585 1097 hoc,

1063 1104 1229 1152 passioni
1262 1104 1424 1154 deditus,

1007 1161 1138 1208 Agnus
1169 1161 1207 1197 in
1241 1161 1363 1198 crucis
1393 1161 1542 1199 levatur

1061 1217 1314 1254 immolandus
1345 1218 1488 1265 stipite.

966 1359 974 1368 .
1008 1330 1081 1367 Hic
1111 1335 1272 1376 acetum,
1306 1329 1369 1378 fel,
1403 1331 1561 1377 arundo,

1063 1393 1187 1434 sputa,
1221 1387 1330 1431 clavi,
1363 1387 1495 1424 lancea

1005 1443 1101 1480 Mite
1133 1454 1269 1490 corpus
1300 1442 1529 1490 perforatur,

1062 1500 1226 1549 sanguis,
1259 1500 1361 1537 unda
1392 1499 1556 1546 profluit,

1006 1556 1138 1606 Terra,
1171 1560 1319 1604 pontus,
1357 1562 1472 1604 astra,
1506 1558 1665 1596 mundus

1064 1624 1136 1660 quo
1167 1614 1344 1650 lavantur
1373 1612 1537 1652 flumine.

964 1757 972 1764 .
1007 1726 1110 1764 Crux
1140 1725 1277 1772 fidelis,
1311 1727 1412 1763 inter
1441 1737 1570 1764 omnes

1062 1782 1178 1820 arbor
1207 1794 1281 1820 una
1312 1783 1463 1829 nobilis,

1006 1839 1120 1876 Nulla
1151 1840 1265 1876 talem
1297 1840 1393 1877 silva
1425 1839 1573 1886 profert

1060 1895 1165 1945 flore,
1198 1895 1348 1943 fronde,
1380 1897 1561 1944 germine,

1005 1952 1124 1990 Dulce
1155 1947 1297 2000 lignum
1330 1953 1440 1990 dulce
1472 1954 1578 1991 clavo

1062 2010 1172 2047 dulce
1202 2010 1350 2058 pondus
1382 2010 1584 2050 sustinens,

1007 2121 1135 2160 Flecte
1167 2134 1303 2169 ramos,
1337 2122 1452 2160 arbor
1481 2124 1570 2168 alta,

1059 2185 1167 2216 tensa
1196 2180 1283 2216 laxa
1316 2180 1461 2217 viscera

1002 2236 1053 2274 Et
1083 2236 1186 2283 rigor
1215 2236 1401 2272 lentescat
1429 2236 1508 2284 ille,

1059 2303 1166 2340 quem
1201 2293 1305 2330 dedit
1336 2292 1526 2342 nativitas,

1004 2349 1054 2388 Ut
1084 2350 1237 2396 superni
1270 2349 1438 2386 membra
1470 2350 1568 2398 regis

1056 2407 1146 2443 mite
1177 2406 1311 2443 tendas
1339 2405 1481 2452 stipite.

1006 2518 1095 2556 Sola
1127 2519 1239 2566 digna
1270 2522 1310 2555 tu
1341 2517 1446 2555 fuisti

1058 2574 1158 2612 ferre
1190 2576 1351 2622 pretium
1384 2575 1526 2613 saeculi

1001 2632 1127 2678 Atque
1158 2637 1306 2678 portum
1340 2642 1572 2678 praeparare

1057 2693 1170 2725 nauta
1201 2688 1340 2725 mundo
1371 2686 1567 2736 naufrago,

999 2746 1115 2791 Quem
1147 2755 1255 2782 sacer
1285 2756 1396 2782 cruor
1425 2745 1600 2792 perunxit

1057 2799 1160 2838 fusus
1191 2802 1277 2847 agni
1310 2811 1480 2848 corpore.

191 2901 316 2934 Pontif.
341 2912 404 2934 ms.
430 2903 651 2934 Pictaviense
677 2912 765 2934 saec.
791 2899 823 2934 8.
866 2901 948 2933 Cod.
975 2901 1124 2932 Parisin.
1150 2901 1271 2933 Arsen.
1297 2899 1372 2933 227.
1398 2902 1439 2933 A.
1463 2919 1508 2924 -—
1525 2903 1595 2934 Rit.
1613 2875 1657 2934 et.
