1914 3223
723 159 1030 199 —361—

523 269 605 305 360.
641 269 721 312 (15.)
757 269 1002 305 Psalterium
1026 270 1073 305 Β.
1102 270 1154 304 Μ.
1182 270 1227 305 V.

143 342 177 380 1.
212 341 353 379 Beatus
381 341 450 383 vir,
483 341 546 387 qui
577 340 688 387 erigit

212 398 353 436 Mentis·
386 398 526 434 vultum
559 402 592 433 et
627 397 757 443 dirigit

266 454 328 491 Ad
360 465 464 490 suuni
499 453 755 500 directorium,

209 511 278 556 Qui
312 511 416 547 vitiet
445 515 483 547 et
513 510 690 557 intelligit

209 567 491 613 Mentori-aeque
523 567 671 614 redigit,

265 625 300 661 A
332 635 405 670 quo
436 635 516 660 sum
549 623 799 670 principium3

1027 340 1122 376 Nam
1156 341 1236 377 eius
1268 343 1393 377 manet
1423 338 1553 376 folium

1027 396 1112 434 Non
1146 395 1314 435 defluens
1345 407 1415 443 per
1446 396 1576 432 vitium

1085 453 1146 501 Et,
1180 454 1211 489 si
1244 452 1398 501 defluat,
1431 453 1537 499 eligit

1027 509 1171 556 Fugam
1203 510 1252 546 ad
1285 509 1536 547 diversorium

1028 567 1264 612 Ventumque
1298 566 1420 602 vitans
1452 565 1602 602 noxium

1082 622 1229 660 Ibidem
1262 633 1301 659 se
1333 622 1532 668 recolligit.
1565 626 1637 661 etc.

188 702 311 734 Dieses
338 702 545 733 psalterium
571 701 665 733 siehe
692 702 726 732 in
751 700 812 732 der
836 700 1040 743 S'ammlung
1064 700 1124 732 (ler
1150 701 1344 732 Psalterien
1370 700 1470 732 Anal.
1497 700 1659 739 XXXVI,

96 745 160 780 105
185 746 218 778 ff.

382 813 464 848 3131.
500 813 580 855 (16.)
619 811 831 847 Praefatio
857 811 899 847 in
926 821 1025 856 opus
1051 821 1219 855 sequens
1246 822 1366 856 super

663 858 826 893 cantica.
850 857 1115 893 canticorum.

140 931 175 968 1.
208 929 453 966 Descendens
493 939 562 975 per
596 927 842 966 fenestrulam

210 986 333 1022 Semel
366 986 556 1022 inventam
589 986 755 1032 patulam

267 1043 309 1079 In
343 1042 552 1079 Salomonis
585 1042 776 1080 hortulum

208 1098 266 1136 De
296 1097 453 1136 floribus
484 1099 700 1137 coronulam

210 1156 300 1194 Feci
330 1155 384 1192 ibi
416 1160 451 1192 et
481 1156 653 1192 zonulam

268 1212 407 1249 Volens
440 1213 531 1249 dare
562 1212 822 1249 munusculum

210 1269 360 1316 Virgini
392 1269 504 1305 matri
536 1269 734 1315 parvulum

210 1325 385 1372 Natoque
417 1325 550 1372 cuique
580 1325 766 1372 singulum

267 1383 340 1420 Per
355 1393 503 1432 manum
518 1392 635 1418 meam
650 1382 816 1428 gerulam
832 1397 840 1429 3

211 1439 250 1476 Si
279 1443 452 1485 acceptet
483 1439 768 1485 pauperculum,

210 1496 274 1533 Me
307 1495 443 1532 ditabit
475 1496 523 1532 ad
555 1496 742 1532 cumulum

267 1553 519 1599 Animamque
557 1552 840 1599 pauperculam.

141 1633 180 1670 2.
215 1631 278 1670 Sic
308 1642 366 1668 me
397 1632 536 1669 misceo
567 1642 739 1668 sermone

212 1689 463 1726 Praesumens
495 1699 575 1726 cum
610 1689 810 1727 Salomone

267 1746 342 1782 Pro
373 1745 611 1783 vendicanda
641 1745 782 1793 amiea3

212 1801 388 1838 Salomon
420 1802 622 1838 dilectione

212 1858 330 1896 Dedit
360 1859 394 1895 ei
426 1859 563 1895 donum
596 1869 712 1896 zonae

270 1913 546 1953 Fabrefactura
576 1916 743 1962 antiqua.

1026 929 1106 974 Ego
1139 928 1288 965 novella
1321 927 1468 965 fabrica

1026 985 1178 1023 Cudens
1211 995 1291 1021 cum
1326 996 1438 1022 manu
1471 984 1618 1022 lubrica

1084 1042 1185 1079 Rudi
1215 1042 1436 1088 operatione

1027 1098 1100 1135 Pro
1132 1098 1322 1135 ferratura
1353 1097 1501 1136 modica

1027 1155 1142 1192 Addo
1173 1155 1358 1201 quaedam
1391 1154 1570 1201 specifica

1084 1212 1229 1248 Humili
1262 1212 1473 1250 devotione.

986 1322 993 1330 .
1027 1290 1250 1328 Laudabilis
1280 1294 1337 1327 est
1367 1291 1502 1327 zonula

1027 1348 1239 1385 Salomonis
1270 1347 1517 1393 praeambula

1085 1402 1266 1441 Confecta
1297 1404 1536 1454 primiverioz,

1027 1461 1144 1509 Haec,
1179 1472 1288 1507 quam
1322 1460 1407 1507 feci,
1441 1460 1622 1499 coronula

1029 1518 1119 1555 Cum
1151 1517 1279 1554 iuncta
1310 1528 1404 1554 zona
1436 1518 1593 1564 parvula

1084 1576 1204 1612 Facta
1234 1580 1290 1611 est
1323 1574 1369 1611 de
1404 1574 1606 1622 solsequio‚

1027 1631 1165 1667 Verum
1198 1641 1280 1668 cum
1311 1629 1520 1669 multifario

1028 1689 1142 1725 Flore
1173 1698 1239 1724 seu
1271 1688 1378 1724 clavo
1412 1689 1514 1725 vario

1087 1746 1116 1782 F
1121 1748 1271 1783 erratur
1301 1755 1395 1782 zona
1426 1745 1598 1790 parvula,

1028 1801 1114 1838 Non
1145 1802 1247 1848 quali
1278 1800 1441 1839 artificio

1029 1858 1153 1904 Volui,
1185 1859 1250 1894 sed
1285 1858 1386 1905 quali
1418 1857 1508 1906 scio,

1086 1915 1137 1953 Ut
1169 1915 1329 1963 palpans
1361 1925 1493 1951 careus
1523 1913 1662 1954 facula.

618 2018 887 2065 Incipiunt
927 2019 1144 2057 cantica.

552 2086 699 2124 Auctor
729 2086 782 2124 ad
811 2085 965 2135 anyelos
996 2086 1040 2124 de
1074 2086 1116 2126 V.
1149 2086 1208 2124 M.

147 2168 180 2204 1.
213 2165 411 2205 osculetur
441 2177 499 2202 me
530 2166 657 2204 osculo

215 2222 302 2262 Oris
332 2223 406 2271 sui,
439 2233 534 2269 quae
564 2221 719 2260 flosculo

273 2279 384 2317 Suum
415 2279 566 2316 ornavit
597 2279 798 2326 hortulum,

218 2336 292 2374 Ore
321 2336 466 2383 gratiae
497 2336 622 2373 baiulo

218 2392 469 2439 Dulcorisque
501 2393 703 2439 congerulo

274 2449 325 2487 Os
346 2460 467 2486 meum
489 2454 619 2496 tangat
640 2449 846 2497 paululum,

1030 2166 1206 2203 Edocens
1238 2176 1307 2212 per
1337 2166 1529 2202 oraculum

1030 2223 1095 2260 Me
1127 2223 1422 2269 qualemcunque
1455 2222 1635 2260 famulum

1091 2279 1255 2317 Cantare
1285 2290 1367 2316 meo
1398 2279 1528 2316 nidulo

1032 2336 1157 2374 Unum
1190 2347 1348 2382 parvum
1379 2336 1606 2372 canticulum

1031 2393 1094 2429 Ad
1126 2393 1250 2429 laudis
1281 2403 1371 2429 suae
1401 2392 1550 2429 titulum

1089 2450 1163 2487 Pro
1195 2459 1305 2495 posse
1336 2459 1418 2486 meo
1448 2449 1611 2488 modulo.

650 2550 797 2589 Auctor
832 2551 885 2589 ad
912 2550 1113 2600 viryinem.

148 2631 186 2668 2.
219 2630 389 2667 Meliora
419 2634 510 2669 sunt
539 2630 658 2667 ubera

216 2687 304 2725 Tua
334 2687 436 2733 vireo,
470 2697 657 2735 puerpera

277 2743 404 2791 Virgo,
427 2754 522 2790 quae
542 2743 662 2780 lactas
679 2753 849 2792 puerum,

222 2800 293 2846 Qui
325 2805 362 2836 te
391 2798 482 2836 fecit
511 2804 548 2836 et
579 2800 706 2836 sidera

222 2856 265 2892 ln
296 2855 531 2903 sphaeraque
562 2856 753 2903 stelligera

278 2912 568 2950 Lucidissimam
599 2913 779 2961 siderum,

1033 2631 1177 2678 Sugens
1208 2631 1375 2676 ipsorum
1407 2630 1565 2666 uberum

1033 2687 1113 2724 Lac
1143 2687 1296 2733 pietatis
1328 2697 1534 2733 pauperum

1091 2744 1152 2780 Ad
1184 2743 1393 2780 recreanda
1424 2743 1582 2790 viscera,

1035 2800 1175 2846 Quibus
1209 2800 1333 2836 vinum
1365 2798 1586 2846 signiferum

1036 2857 1235 2902 Sanguinis
1268 2861 1324 2892 est
1355 2854 1591 2894 mortiferum

1093 2913 1177 2950 Non
1209 2912 1445 2950 vomentibus
1475 2913 1632 2951 scelera.
