1914 3223
738 143 1041 185 —487—

377 310 458 346 472.
495 311 575 352 (15.)
610 310 710 346 Item
737 310 785 345 (le
808 310 1029 346 nativitate
1054 311 1215 346 Domini
1240 311 1421 354 hymnus.

92 439 94 441 ·
157 429 194 466 1.
226 427 416 474 Apparuit
449 426 662 472 benignitas

227 484 296 521 Dei
328 493 397 520 nec
427 493 501 520 non
532 482 747 520 humanitas

203 540 282 578 *Ex
314 540 474 577 caritate
503 539 619 576 nimia

221 597 284 634 Ad
316 607 384 634 nos
415 599 527 642 atquo
558 595 736 643 gratuita.

181 740 190 749 .
223 710 253 749 Ο
284 720 390 748 amor
421 719 532 756 quam
560 709 778 758 exstaticus,

220 768 340 814 Quam
367 764 538 814 effluens,
571 777 682 813 quam
704 765 855 811 nimius,

222 824 292 870 Qui
326 822 460 868 Deum,
492 822 564 860 Dei
594 821 726 867 filium,

223 881 348 919 Unum
380 878 471 916 fecit
500 879 737 917 mortalium!

153 997 189 1033 ‘.
221 992 371 1031 Affectu
402 991 679 1039 super-fervido,

223 1052 304 1097 Quo
335 1060 402 1086 nos
434 1049 521 1086 tulit
552 1049 600 1086 ab
632 1054 798 1099 aeterno,

222 1105 414 1153 Nequibat
445 1116 485 1142 se
516 1106 778 1155 comprimere,

222 1163 292 1209 Qui
323 1163 427 1200 venit
457 1173 525 1200 nos
555 1163 731 1202 invisere.

181 1306 190 1315 .
224 1276 308 1313 Non
339 1276 471 1314 invisit
501 1287 568 1313 nos
600 1276 746 1323 angelo,

222 1332 296 1371 Seu
327 1343 504 1380 supremo
535 1343 601 1370 seu
629 1331 772 1378 infimo,

223 1389 357 1427 Carnis
387 1400 581 1427 assumens
613 1389 771 1436 pallium

226 1446 337 1483 Venit
371 1446 420 1484 ad
451 1457 519 1483 nos
549 1457 620 1492 per
649 1457 690 1483 se
720 1446 856 1493 ipsum.

183 1590 191 1598 .
226 1561 268 1597 In
301 1570 341 1596 se
373 1570 455 1597 cum
487 1560 691 1597 invisibilis

223 1616 278 1654 Sit
309 1617 450 1654 nostris
480 1617 596 1664 lippis
627 1617 758 1661 oculis,

223 1673 361 1710 Tectus
392 1674 543 1710 mortali
574 1673 702 1710 tunica

221 1730 306 1767 Huc
336 1730 522 1777 processit
554 1731 603 1768 ad
634 1730 803 1777 publica.

165 1844 192 1882 ³.
225 1842 310 1880 Non
342 1843 461 1881 solum
494 1854 534 1880 se
564 1844 767 1881 ostendere

221 1900 361 1947 Voluit,
394 1900 461 1937 sed
494 1901 696 1937 convivere

222 1956 327 1994 Deus
358 1957 468 1994 homo
498 1957 714 1994 hominibus

222 2013 297 2050 Hic
327 2014 439 2051 annis
470 2014 626 2061 triginta
656 2014 790 2054 tribus,

182 2157 191 2165 .
224 2126 405 2163 Nascitur
435 2126 543 2165 nobis
575 2127 689 2165 hodie

224 2183 384 2229 Pauper,
430 2184 536 2220 exsul
567 2182 652 2233 [rex
682 2182 857 2236 gloriae],

221 2238 342 2277 Nobis
375 2240 480 2287 vagit
510 2241 734 2287 praesaepio

224 2296 376 2333 Iunctus
407 2295 494 2334 bovi
526 2301 564 2334 et
592 2298 710 2336 asino,

182 2439 190 2447 .
222 2408 312 2446 Post
340 2409 449 2447 nobis
480 2410 765 2448 circumciditur

223 2464 342 2502 Nobis
374 2471 412 2502 et
443 2467 545 2504 Iesus
578 2468 731 2512 dicitur,

225 2521 299 2559 Pro
329 2522 438 2559 nobis
469 2524 603 2561 stellae
635 2524 744 2569 visio,

224 2577 343 2615 Nobis
375 2580 461 2617 Iesu
492 2579 647 2618 oblatio.

185 2723 194 2732 .
225 2692 344 2730 Nobis
375 2693 565 2741 baptisma
593 2696 765 2745 suscipit,

226 2749 345 2787 Nobis
376 2751 546 2788 ieiunans
579 2754 708 2798 esurit,
761 2787 763 2790 .

226 2805 345 2843 Nobis
366 2811 401 2843 et
424 2807 540 2846 Satan
562 2809 661 2846 hunc
677 2813 852 2859 temptat,

226 2861 345 2900 Nobis
375 2868 621 2912 temptantem
654 2870 821 2913 superat.

948 426 1011 465 10.

946 709 1010 748 11.

946 992 1010 1031 12.

949 1276 1012 1314 13.

944 1560 1008 1599 14.

944 1845 1009 1883 15.

947 2129 1012 2167 16.

946 2411 1010 2451 17.

945 2697 1010 2738 18.

1045 426 1165 463 Nobis
1194 431 1278 464 orat
1309 430 1346 463 et
1376 427 1583 473 praedicnt,

1045 484 1120 521 Pro
1150 483 1258 520 nobis
1291 487 1425 520 cuncta
1457 482 1618 528 factitat,

1047 539 1194 586 Verbis,
1226 540 1344 587 signis
1376 544 1413 576 et
1444 540 1591 577 actibus

1046 595 1123 633 Nos
1146 607 1344 644 quaerens,
1366 607 1440 634 non
1458 607 1497 633 sc
1515 597 1677 643 penitus.

1044 710 1119 747 Pro
1152 709 1259 746 nobis
1292 710 1638 758 comprehenditur,

1041 765 1292 814 Flagellatur,
1327 767 1560 815 conspuitur,

1041 822 1174 861 Crucis
1202 822 1349 869 perfert
1380 823 1604 870 patibulum,

1041 880 1115 917 Pro
1145 879 1253 916 nobis
1285 879 1403 917 tradit
1434 880 1622 927 spiritum.

1045 992 1164 1030 Nobis
1194 993 1315 1040 surgit
1345 1005 1367 1030 a
1398 994 1567 1030 mortuis.

1042 1049 1162 1086 Nobis
1194 1060 1234 1086 se
1265 1048 1450 1086 transfert
1482 1051 1644 1096 superis,

1041 1105 1162 1144 Nobis
1193 1117 1300 1143 suum
1334 1107 1399 1144 dat
1429 1107 1605 1155 spiritum

1041 1163 1084 1199 In
1116 1162 1244 1210 robur,
1276 1163 1315 1200 in
1345 1163 1539 1200 solacium.

1045 1276 1144 1313 Vere
1175 1277 1263 1314 talis
1297 1277 1448 1313 dilectio

1043 1333 1129 1370 Non
1161 1333 1292 1371 audita
1323 1344 1345 1371 a
1375 1333 1526 1370 saeculo

1042 1389 1101 1426 De
1133 1394 1307 1427 creatura
1338 1391 1464 1436 aliqua

1042 1446 1218 1484 Humana
1251 1447 1310 1484 vel
1341 1447 1525 1493 angelica.

1040 1560 1163 1597 Homo
1194 1561 1308 1597 talem
1340 1572 1412 1598 non
1447 1560 1588 1602 habuit,

1042 1617 1138 1663 Quia
1169 1621 1433 1664 transgressor
1462 1617 1619 1661 exstitit,

1041 1673 1175 1711 Defuit
1206 1674 1277 1711 hoc
1309 1679 1346 1710 et
1376 1674 1510 1721 angelo

1042 1730 1212 1768 Fervore
1242 1731 1353 1768 nimis
1385 1731 1528 1777 tepido.

1042 1844 1136 1893 Dic,
1168 1845 1251 1891 quis
1283 1856 1444 1891 unquam
1476 1846 1678 1891 spirituum

1040 1901 1116 1938 Hic
1148 1912 1217 1948 pro
1249 1901 1372 1938 salute
1404 1902 1595 1938 hominum

1041 1958 1239 1994 Incarnari
1270 1948 1310 1994 s'e
1341 1958 1509 2006 pertulit,

1041 2014 1127 2052 Non
1161 2014 1245 2051 dico
1278 2025 1425 2051 crucem
1457 2015 1601 2051 subiit?

1045 2128 1128 2165 Hoc
1159 2139 1324 2165 summus
1357 2127 1448 2165 fecit
1478 2128 1662 2166 Dominus

1045 2185 1118 2222 Sua
1150 2185 1319 2222 bonitate
1351 2188 1506 2230 tractus,

1046 2242 1114 2287 Qui
1149 2247 1259 2278 natus
1292 2242 1398 2279 dedit
1428 2243 1605 2289 pretium,

1045 2298 1124 2344 Quo
1157 2299 1289 2335 mortis
1321 2298 1433 2336 solvit
1467 2298 1647 2339 debitum,

1044 2412 1143 2449 Hinc
1174 2422 1219 2448 ex
1251 2412 1364 2458 plena
1391 2412 1536 2450 laetitia

1042 2468 1292 2506 Concinamus
1323 2479 1422 2505 nunc
1453 2468 1591 2506 Gloria

1039 2525 1100 2562 Sit
1129 2524 1215 2562 Deo
1247 2525 1288 2561 in
1320 2525 1521 2563 altissimis

1041 2582 1126 2620 Una
1155 2592 1237 2618 cum
1269 2581 1378 2618 laetis
1409 2582 1565 2629 angelis

1043 2698 1123 2734 Hos
1154 2697 1186 2734 si
1217 2697 1339 2743 replet
1369 2696 1424 2733 sic
1453 2697 1591 2744 gaudio

1041 2754 1171 2791 Nostri
1203 2753 1493 2801 congratulatio,

1040 2810 1129 2858 Nos,
1154 2821 1187 2859 o,
1213 2814 1393 2857 quantum
1411 2810 1670 2857 gaudebimus,

1038 2863 1672 2918 [Pro]quibusChristusestnatus!
