1914 3223
714 209 762 213 —
827 188 905 225 1155
966 209 1019 214 —

358 299 424 337 10.
473 299 649 338 Caesaris
680 300 790 337 huius
821 291 1045 348 valeat'per
1076 307 1206 339 aevum

470 355 621 393 Nobilis
652 357 812 394 coniunx
844 368 909 394 seu
942 358 1045 395 clara
1076 358 1216 408 proles,

470 411 645 450 Gaudeat
676 411 767 450 felix
799 414 962 460 populus
992 415 1198 462 domusque

604 470 702 507 Pace
734 470 906 516 perenni.

357 564 422 603 11.
467 565 647 602 Muniunt
677 565 809 602 urbem
841 566 938 603 hanc
968 577 1146 613 proceres
1180 567 1324 616 fideles,

467 621 536 667 Qui
568 622 631 670 pio
663 622 818 661 Christo
849 633 917 659 sua
948 623 1176 661 dedicarunt.

468 677 599 715 Hostis
630 679 784 716 adversi
814 680 1015 716 tolerando
1047 680 1148 718 bella

603 735 774 782 Corpora
805 740 922 774 casta.

356 832 421 870 12.
469 831 521 868 Hi
553 832 668 869 duces
697 832 819 869 sancti
850 833 1084 879 reducesque
1115 838 1239 880 sunto,

468 888 522 926 Ut
551 889 620 936 tui,
654 889 807 937 Caesar,
841 888 1068 937 foveantque
1099 895 1227 938 temet,

468 944 613 982 Horum
647 950 684 982 et
709 945 865 983 obtentu
896 956 1052 994 superes
1086 947 1244 994 duelles,

605 1002 799 1040 Poscimus
830 1013 972 1041 omnes,

358 1098 425 1136 13.
471 1097 633 1136 Actibus
663 1100 808 1136 cunctis
840 1100 992 1145 placeas
1023 1100 1171 1136 tonanti

469 1155 519 1192 Et
551 1155 624 1192 Dei
654 1155 756 1203 leges
787 1156 983 1193 mediteris
1015 1157 1147 1204 almas,

469 1212 559 1258 Quis
592 1212 690 1249 viam
723 1213 824 1250 vitae
856 1213 983 1250 valeas
1013 1217 1144 1250 tenere-

606 1269 777 1306 Tramite
808 1274 925 1307 recto.

358 1365 425 1404 14.
472 1365 672 1411 Temporis
704 1365 814 1402 huius
845 1367 969 1413 spatio
1000 1372 1156 1413 peracto

469 1422 563 1459 Alta
594 1423 853 1459 conscendens
885 1423 1020 1460 subeas
1052 1424 1238 1470 polorum,

470 1479 524 1516 Te
556 1479 640 1525 pius
672 1484 799 1526 captet
834 1479 970 1516 chorus
1001 1481 1220 1527 angelorum

606 1535 658 1572 Et
689 1536 763 1572 sibi
793 1536 936 1583 iungat.

357 1632 422 1671 15.
470 1632 500 1670 Ο
533 1631 648 1668 decus
679 1633 798 1682 regni,
830 1632 981 1681 imperii
1012 1645 1194 1680 propago,

475 1688 605 1725 Macte
633 1694 673 1725 tu
704 1700 856 1736 semper
886 1690 1025 1739 vigeas,
1060 1689 1252 1737 Hluthari,

473 1745 526 1782 Et
560 1747 682 1792 patris
712 1747 841 1783 sedem
873 1753 1002 1784 teneas
1032 1752 1206 1793 potenter

609 1802 743 1841 Saecla
773 1814 843 1851 per
873 1805 1012 1851 ampla.

360 1899 425 1937 16.
474 1898 531 1937 Sit
561 1899 663 1945 patri
695 1904 729 1935 et
762 1903 852 1936 nato
882 1899 952 1936 tibi
984 1900 1216 1946 spiritusque

471 1955 662 2002 Splendor
693 1960 870 1993 aeternus
902 1956 1023 1993 honor
1053 1962 1167 2003 atque
1198 1967 1349 2005 perpes,

472 2012 583 2049 Nunc
614 2018 655 2049 ut
687 2013 724 2049 in
756 2024 950 2063 praesens,
985 2013 1039 2050 ita
1070 2018 1107 2050 et
1136 2014 1174 2050 in
1207 2012 1336 2051 futura

610 2068 769 2107 Saecula
800 2081 961 2117 semper.

175 2176 303 2207 Poetae
328 2176 416 2208 Aevi
443 2176 601 2208 Carolini
631 2177 662 2214 I,
697 2173 762 2207 529
787 2176 894 2208 nach:
929 2176 1012 2208 Cod.
1040 2176 1242 2218 Sangallen.
1268 2173 1346 2208 899.
1373 2187 1462 2209 saec.
1489 2174 1520 2207 9.
1548 2176 1589 2208 A.
1615 2192 1660 2197 —

86 2221 274 2259 Mabillon,
302 2222 379 2253 Vet.
405 2221 507 2253 Anal.
531 2219 599 2253 410
622 2220 653 2261 (e
680 2221 761 2253 Cod.
789 2223 824 2254 S.
850 2223 984 2261 Vitonisl
1011 2223 1047 2253 Β.
1074 2240 1118 2243 —
1142 2220 1181 2261 2,
1212 2221 1227 2253 1
1256 2221 1412 2253 Cermius
1439 2222 1479 2253 A.
1506 2239 1551 2242 —
1575 2219 1612 2258 2,
1639 2219 1661 2253 4

87 2265 218 2298 Censor
241 2270 274 2298 et
298 2267 401 2298 iudex
427 2268 465 2298 B.
490 2285 534 2288 —
559 2265 590 2305 3,
618 2267 634 2298 1
661 2268 766 2299 decus
792 2267 914 2299 sudam
939 2268 986 2306 A3
1015 2268 1136 2299 sudam
1163 2268 1401 2309 ecclesiaeque
1428 2271 1526 2308 pater
1543 2267 1658 2298 fehlen

86 2312 125 2343 B.
150 2329 195 2333 --
219 2311 251 2351 4,
279 2310 300 2344 3
326 2313 495 2344 subiendo
522 2313 561 2344 A.
587 2331 632 2334 —
656 2311 687 2351 5,
717 2310 732 2343 1
761 2312 912 2344 adventu
939 2315 978 2344 A.
997 2331 1041 2334 —
1066 2312 1097 2351 6,
1126 2311 1141 2343 1
1170 2315 1265 2353 agito
1291 2314 1371 2353 AB,·
1397 2323 1457 2354 per
1482 2323 1592 2344 annos
1619 2314 1657 2343 B.

86 2374 130 2380 —
163 2356 201 2397 7,
234 2355 255 2390 3
280 2362 425 2390 ovanter
449 2359 489 2389 B.
514 2376 559 2380 —
590 2355 623 2396 8,
648 2356 668 2389 2
694 2360 847 2390 retinens
874 2360 913 2389 A.
940 2376 983 2379 —
1016 2358 1055 2393 ὃ,
1081 2356 1102 2390 3
1128 2363 1166 2389 ut
1190 2359 1275 2390 fehlt
1301 2360 1348 2397 133
1381 2358 1465 2389 deus
1492 2358 1659 2399 operandi

87 2403 126 2434 B.
145 2421 186 2426 —
215 2401 265 2441 11,
291 2401 312 2434 2
331 2405 407 2443 Qua
424 2404 462 2435 Β.
481 2421 524 2425 ——
553 2402 602 2442 11,
629 2401 649 2435 3
675 2404 857 2435 toleranda
875 2405 911 2435 Β.
933 2421 972 2425 -
1002 2403 1054 2442 12,
1084 2402 1098 2434 1
1120 2404 1188 2435 Hic
1207 2405 1246 2435 B.
1265 2421 1309 2425 —
1337 2401 1386 2437 12.
1413 2401 1433 2434 2
1450 2404 1659 2445 faveantque

88 2449 126 2480 Β.
152 2466 192 2470 -
223 2447 274 2485 12,
300 2448 320 2480 3
345 2449 477 2481 duelles
503 2449 589 2481 fehlt
615 2449 655 2480 A.
681 2467 725 2470 —-
764 2447 814 2487 13,
839 2449 860 2479 3
886 2452 961 2489 Quo
987 2450 1024 2480 B.
1051 2467 1095 2471 —-
1125 2447 1175 2487 15,
1202 2448 1222 2480 2
1247 2449 1400 2480 hlothari
1428 2449 1464 2480 Β.
1492 2465 1535 2470 >-
1563 2446 1614 2487 16,
1641 2446 1661 2480 2

89 2494 229 2536 Semper
254 2498 414 2526 aeternus
440 2496 480 2526 A.
508 2513 552 2516 —
573 2493 622 2535 16,
641 2492 662 2526 3
679 2495 779 2526 Nunc
808 2498 842 2526 et
869 2496 904 2526 B.
930 2512 975 2516 —
1000 2496 1040 2526 In
1066 2496 1095 2526 A
1120 2495 1196 2526 dem
1223 2494 1433 2536 Naclifolger
1457 2494 1662 2533 Theodulfs,

91 2539 194 2571 Ionas
220 2540 501 2582 zugeschrieben.

561 2651 641 2686 120.
676 2652 734 2693 (4.)
769 2652 814 2686 In
840 2651 1021 2686 Adventu
1050 2652 1186 2694 Regis.

393 2751 429 2791 1.
477 2751 506 2788 O
539 2755 648 2797 pater
680 2751 771 2787 cleri
803 2750 1009 2798 populique
1042 2751 1167 2799 decus,

479 2807 619 2844 Caesar
643 2807 782 2854 insigni
814 2807 956 2853 pietate
988 2807 1148 2853 ponem,

477 2863 529 2901 Ut
561 2863 662 2901 fores
695 2868 843 2900 nostras
875 2864 991 2901 adeas
1023 2863 1200 2912 libenter,

616 2921 810 2957 Poscimus
841 2930 982 2960 omnes.
