2031 3289
243 539 295 576 45

246 819 298 856 50

243 1099 294 1137 55

244 1381 297 1419 60

243 1665 295 1701 65

248 2227 297 2264 75

246 2508 296 2545 80

248 2790 298 2827 85

854 196 1160 236 -410-

346 311 606 357 Sempiternus
637 310 872 358 temporalis,

346 367 555 405 Moriturus
586 366 822 411 immortalis,

345 424 467 460 Verus
500 423 621 471 homo,
654 433 764 458 verus
796 423 911 471 Deus,

343 479 612 526 Impermixtus
645 478 881 517 homo—deus,

343 536 428 573 Non
459 545 659 572 conversus
681 535 743 570 hie
763 535 801 572 in
825 544 975 571 carnem

344 592 424 629 Nec
449 592 612 627 minutus
636 595 793 638 propter
811 601 973 640 carnem,

346 649 421 685 Hic
451 651 667 693 assumptus
699 651 756 684 est
786 648 823 684 in
855 648 977 685 Deum

347 705 430 741 Non
444 707 687 749 consumptus
698 708 855 750 propter
866 704 1001 751 Deum,

346 761 450 797 Patri
482 770 635 805 compar
669 760 821 808 deitate,

347 817 476 854 Minor
508 818 631 853 carnis
665 817 835 855 veritate.

342 873 446 910 Deus
478 877 587 919 pater
617 876 762 909 tantum
796 873 878 919 Dei,

346 930 463 977 Virgo
495 932 617 965 mater
648 929 715 967 sed
748 933 784 965 et
816 930 900 967 Dei.

345 987 389 1023 In
421 990 497 1022 tam
530 996 624 1022 nova
658 986 824 1032 ligatura

343 1041 405 1079 Sic
440 1047 598 1088 utraque
629 1045 702 1079 stat
734 1047 880 1091 natura,

343 1099 396 1136 Ut
422 1102 634 1144 conservet,
668 1098 853 1145 quidquid
876 1103 970 1149 erat,

343 1155 462 1192 Facta
474 1154 666 1201 quiddam,
681 1155 779 1201 quod
791 1166 862 1191 non
877 1159 971 1194 erat.

344 1211 484 1248 Noster
514 1211 586 1247 iste
616 1211 814 1254 mediator,

344 1268 422 1304 Iste
452 1272 582 1303 noster
612 1268 820 1315 legislator,

345 1323 612 1371 Circumcisus,
645 1323 872 1371 baptizatus,

345 1379 568 1428 Crucifixus,
599 1381 815 1430 tumulatus,

342 1436 580 1474 obdormivit
612 1441 647 1472 et
681 1437 891 1485 descendit,

341 1493 563 1529 Resurrexit
595 1497 632 1529 et
662 1493 846 1539 ascendit,

343 1548 406 1586 Sic
438 1550 484 1585 ad
519 1550 643 1585 caelos
675 1550 842 1586 elevatus

343 1605 534 1642 Iudicabit
566 1606 767 1643 iudicatus.

406 1662 614 1698 Paraclitus
646 1663 850 1709 increatus,

345 1718 475 1764 Neque
506 1718 628 1755 factus
661 1729 781 1764 neque
812 1722 936 1768 natus,

348 1775 451 1811 Patri
483 1785 636 1811 consors
668 1774 870 1821 genitoque

345 1831 407 1868 Sic
438 1831 614 1877 procedit
645 1831 691 1868 ab
724 1835 897 1878 utroque,

343 1887 399 1923 Ne
431 1888 479 1923 sit
511 1887 633 1924 minor
664 1892 852 1934 potestate

345 1943 415 1981 Vel
449 1940 635 1981 discretus
666 1944 861 1991 qualitate.

346 2000 484 2045 Quanti
515 2000 584 2046 illi,
617 2004 744 2037 tantus
767 2000 852 2049 iste,

346 2056 483 2103 Quales
514 2057 583 2103 illi,
616 2057 703 2094 talis
734 2057 818 2101 iste,

343 2113 402 2149 Ex
436 2124 507 2159 quo
540 2113 608 2160 illi,
641 2124 686 2150 ex
718 2118 807 2150 tune
837 2113 922 2151 iste.

345 2169 461 2205 Pater
493 2170 602 2215 alter,
636 2170 703 2207 sed
735 2169 936 2216 gignendo,

346 2225 468 2262 Natus
500 2226 610 2275 alter,
643 2227 710 2262 sed
742 2227 946 2273 nascendo,

344 2281 501 2318 Flamen
545 2282 591 2319 ab
630 2283 688 2319 1115
718 2283 975 2330 procedendo,

344 2338 439 2374 Tres
471 2343 557 2375 sunt
579 2350 691 2376 unum
714 2339 973 2379 subsistendo,

346 2394 510 2440 Quisque
539 2396 652 2432 trium
685 2396 818 2442 plenus
849 2396 965 2443 Deus,

344 2451 422 2487 Nos
445 2455 521 2487 tres
545 2455 670 2489 tamen
695 2452 743 2501 di,
769 2453 836 2489 sed
859 2452 974 2490 Deus.

344 2507 386 2543 In
419 2507 489 2543 1100
521 2508 614 2554 Deo,
648 2509 727 2545 Deo
759 2519 860 2554 vero,

344 2565 439 2601 Tres
471 2568 507 2600 et
538 2576 649 2601 unum
683 2575 872 2611 assevero,

344 2619 449 2656 Dans
481 2621 585 2657 usiae
615 2622 797 2658 unitatem

345 2676 396 2712 Et
428 2677 600 2722 personis
632 2678 853 2716 trinitatem.

345 2733 387 2768 111
421 2734 592 2778 personis
624 2734 728 2770 nulla
760 2734 877 2780 prior,

347 2788 461 2826 Nulla
493 2790 626 2834 minor,
661 2791 761 2827 nulla
794 2790 927 2839 maior,

347 2845 604 2891 Unaquaeque
636 2857 786 2893 semper
815 2847 899 2893 ipsa

347 2901 409 2939 Sic
447 2905 502 2937 cst
535 2907 710 2939 constans
741 2907 853 2950 atque
884 2902 971 2954 fixa,

1088 423 1139 460 90

1091 705 1142 742 95

1062 986 1140 1024 100

1060 1269 1139 1307 105

1062 1551 1141 1589 110

1062 1834 1140 1872 115

1064 2115 1142 2153 120

1062 2396 1140 2435 125

1185 309 1239 348 Ut
1268 320 1339 346 nec
1368 309 1406 346 in
1437 320 1478 346 se
1512 308 1680 346 varietur

1182 366 1264 403 Nec
1293 366 1331 402 in
1362 366 1476 413 ullam
1501 367 1784 402 transmutetur.

1242 422 1348 458 Haec
1369 427 1426 458 est
1447 422 1540 459 fides
1562 420 1786 470 orthodoxa,

1186 478 1270 515 Non
1303 478 1363 514 hic
1395 489 1501 515 error
1529 478 1607 514 sive
1638 472 1747 520 noxa,

1188 535 1293 571 Sicut
1324 534 1421 580 dico,
1453 535 1508 570 sic
1539 538 1575 571 et
1607 533 1720 570 credo

1189 591 1270 627 Nec
1286 591 1324 626 in
1343 596 1488 636 partem
1506 601 1663 637 pravam
1681 589 1787 627 cedo.

1189 647 1284 683 Inde
1314 647 1427 693 venit,
1461 647 1557 684 bone
1586 646 1702 695 Deus,

1190 703 1249 740 Ne
1278 704 1474 749 desperem
1497 703 1666 750 quamvis
1688 713 1788 740 reus,

1188 760 1289 796 Reus
1320 760 1452 796 mortis
1483 771 1555 796 non
1588 760 1764 805 despero,

1189 816 1263 854 Sed
1291 816 1329 852 in
1351 822 1472 852 morte
1494 816 1610 852 vitam
1632 825 1785 862 quaero,

1186 873 1265 918 Quo
1288 877 1324 908 te
1346 873 1490 918 placem
1509 872 1562 908 nil
1578 871 1788 919 praetendo

1188 928 1273 965 Nisi
1303 927 1433 977 fidem,
1467 939 1577 976 quam
1610 926 1787 966 defendo.

1187 985 1322 1023 Fidem
1352 985 1479 1035 vides3
1512 985 1582 1021 hac
1613 984 1787 1030 imploro,

1185 1042 1288 1078 Leva
1319 1041 1473 1089 fascem,
1505 1052 1579 1088 qua
1608 1042 1753 1088 laboro,

1188 1099 1261 1135 Per
1294 1098 1363 1134 hoc
1385 1109 1534 1135 sacrum
1556 1098 1790 1143 cataplasma

1187 1154 1438 1201 Convaleseat
1460 1165 1610 1200 aegrum
1629 1154 1787 1200 plasma.

1240 1211 1360 1247 Extra
1370 1215 1518 1257 portum
1527 1211 1600 1247 iam
1610 1210 1790 1249 delatum.

1189 1267 1268 1304 Iam
1301 1266 1518 1313 foetentem,
1550 1266 1774 1303 tumulatum

1187 1324 1298 1362 Vitta
1328 1323 1433 1370 ligat,
1466 1323 1564 1369 lapis
1595 1327 1717 1369 urget,

1186 1381 1275 1427 Sed,
1308 1380 1490 1426 si‘iubes‚
1521 1380 1582 1416 hic
1604 1383 1786 1425 resurget,

1185 1437 1291 1481 Iube,
1325 1436 1422 1482 lapis
1455 1436 1682 1481 revolvetur,

1189 1493 1293 1542 Iube,
1327 1493 1422 1530 vitta
1455 1493 1723 1538 disrumpetur,

1187 1549 1369 1587 Exiturus
1400 1549 1520 1586 nescit
1551 1559 1688 1595 moras,

1187 1607 1390 1652 Postquam
1404 1606 1544 1643 clamas
1558 1618 1565 1642 z
1580 1605 1654 1642 Exi
1667 1602 1786 1641 foras!

1244 1663 1289 1699 In
1323 1662 1393 1699 hoc
1424 1663 1503 1700 salo
1535 1672 1616 1698 mea
1648 1661 1741 1698 ratis

1188 1717 1397 1755 Infestatur
1427 1730 1449 1755 a
1479 1719 1627 1765 piratis,

1188 1775 1290 1811 Hinc
1321 1775 1497 1822 assultus,
1529 1774 1619 1811 inde
1639 1772 1789 1818 fluctus,

1188 1832 1288 1868 Hinc
1310 1836 1344 1867 et
1369 1832 1457 1868 inde
1477 1842 1577 1867 mors
1599 1835 1635 1867 et
1651 1830 1787 1868 luctus,

1188 1887 1263 1925 Sed
1295 1892 1348 1931 tu,
1381 1888 1476 1924 bone
1507 1891 1634 1936 nauta,
1666 1885 1763 1932 veni,

1188 1946 1262 1982 Pro
1299 1954 1357 1980 me
1390 1948 1531 1992 ventos,
1565 1953 1669 1980 mare
1698 1941 1788 1991 leni,

1186 2001 1278 2046 Fac,
1311 2000 1519 2038 abscedant
1550 2000 1587 2036 111
1619 1999 1777 2045 piratae,

1188 2058 1272 2094 Due
1303 2057 1351 2094 ad
1383 2061 1533 2104 portum
1563 2056 1669 2093 salva
1694 2058 1787 2095 rate.

1246 2112 1456 2150 Infecunda
1486 2123 1569 2149 mea
1599 2111 1703 2160 ficus,

1189 2170 1303 2208 Cuius
1341 2181 1467 2207 ramus
1498 2180 1623 2206 ramus
1654 2167 1788 2216 siccus,

1188 2227 1394 2273 Incidetur,
1426 2226 1662 2270 incendetur,

1188 2283 1227 2319 Si
1248 2284 1478 2330 promulgas,
1501 2292 1595 2328 quae
1612 2284 1788 2319 meretur.
1841 2308 1844 2312 -

1189 2339 1263 2378 Sed
1294 2339 1363 2375 1100
1394 2350 1492 2376 anno
1524 2338 1748 2383 dimittatur,

1188 2395 1439 2439 Stet-coretum
1471 2394 1649 2443 fodiatur,

1187 2452 1328 2498 Quodsi
1351 2452 1511 2489 necdum
1530 2448 1786 2497 respondebit,

1189 2509 1304 2546 Flens
1335 2509 1403 2545 1100
1433 2509 1578 2556 loquor,
1609 2512 1697 2544 tune
1726 2516 1785 2543 ar-

1532 2563 1645 2600 debit.

1246 2621 1361 2657 Vetus
1394 2621 1511 2658 hostis
1541 2620 1579 2657 111
1602 2629 1659 2655 1110
1680 2616 1785 2667 furit,

1188 2678 1310 2724 Aquis
1334 2681 1485 2724 mersat,
1518 2675 1676 2713 flammis
1696 2674 1784 2720 urit,

1191 2734 1284 2770 Inde
1316 2734 1495 2780 languens
1528 2737 1565 2769 et
1595 2730 1758 2769 afflictus

1188 2790 1275 2826 Tibi
1306 2790 1376 2826 5011
1408 2801 1488 2826 511111
1520 2789 1686 2826 relictus,

1188 2846 1237 2884 Ut
1270 2847 1329 2883 hie
1361 2847 1480 2883 hostis
1511 2848 1723 2891 evanescat,

1188 2904 1239 2942 Ut
1269 2904 1438 2940 infirmus
1470 2901 1718 2943 convalescat,
