1914 3223
726 193 1035 234 —385—

70 327 73 330 >
131 309 169 346 9.
215 307 334 353 Quam
365 306 542 344 virtutem
574 311 610 342 et
641 306 801 344 salutem
919 309 980 346 11.
1028 307 1137 346 Unde
1168 305 1258 355 r'ogo
1289 312 1326 344 te
1358 311 1395 344 et
1426 315 1529 357 cogo,

267 363 411 401 Mentis
441 372 530 400 suae
561 362 707 409 puritas
1087 363 1216 401 Nostri
1249 364 1369 401 lector
1399 363 1525 410 epodi‚

210 419 272 457 Illi
305 419 422 470 dedit,
456 419 555 457 sicut
586 418 708 456 credit
1027 421 1134 466 Sero,
1168 431 1276 457 mane
1306 431 1452 458 mecum
1484 430 1576 457 cane

269 475 408 514 Sensus
439 475 558 512 nostri
590 475 771 522 parvitas,
1083 477 1311 519 Monachum
1344 476 1569 524 huiusmodi,

213 533 335 572 Causa
366 532 494 579 pravis
526 532 592 568 leti
622 532 747 580 gravis
1029 533 1290 570 Retractemus
1323 538 1358 570 et
1389 543 1584 571 narremus

269 588 431 626 Exstitit
462 588 688 635 malignitas,
1085 589 1147 627 Sui
1180 595 1326 627 textum
1358 590 1486 629 exodi.

100 669 164 708 10.
210 667 311 705 Vera
341 666 416 704 fide
445 667 657 711 homicidae
916 669 979 708 12.
1029 668 1149 715 Digne
1182 669 1293 705 laude
1325 655 1405 706 {iro
1435 668 1588 715 plaude,

268 723 502 771 strangulati
533 728 705 770 pereunt,
1083 725 1233 761 Mecum
1265 725 1336 762 ede
1367 725 1567 772 canticum,

208 780 267 818 Ibi
298 781 405 817 stulti
435 785 522 817 sunt
553 780 691 827 sepulti
1030 781 1154 818 Verba
1184 782 1312 826 misce,
1346 792 1488 818 mecum
1521 781 1625 818 disce

267 836 348 874 Nec
377 837 427 874 ad
457 847 525 874 sua
556 837 716 874 redeunt
1082 838 1242 875 Carmen
1266 838 1368 876 istud
1390 838 1662 887 rhythmicum,

209 893 271 932 Sic
301 893 445 940 iniusti,
478 893 546 931 sed
575 904 660 930 mox
690 894 779 931 iusti
1030 893 1167 941 Lyram
1198 900 1327 943 tange,
1361 905 1504 931 mecum
1536 905 1662 941 pange

265 950 323 988 De
352 950 532 997 spelunca
565 955 715 990 exeunt.
1081 951 1204 988 Melos
1236 951 1519 998 panegyricum.

426 1030 490 1070 13.
537 1031 655 1067 Aetas
687 1028 865 1077 frequens
898 1034 935 1067 et
965 1029 1074 1077 plebs
1105 1041 1277 1077 sequens,

598 1086 775 1124 Universi
806 1087 952 1134 posteri

537 1143 650 1181 Docti
680 1142 785 1189 fiant,
818 1143 935 1180 vitam
964 1143 1085 1180 sciant

595 1199 716 1237 Huius
747 1200 866 1237 nostri
899 1201 1021 1247 pueri,

541 1255 638 1293 Nam
671 1256 852 1303 benignus
883 1260 939 1293 est
973 1262 1010 1293 et
1042 1257 1178 1304 dignus

594 1313 715 1350 Menti
746 1324 864 1359 purae
895 1314 1026 1350 inseri.

185 1413 327 1446 Collect.
356 1424 419 1445 ms.
445 1413 659 1456 Tegurinum
685 1423 774 1446 saec.
803 1411 854 1445 12.
906 1413 991 1446 Clm.
1016 1414 1198 1446 Monacen.
1227 1411 1268 1445 18
1279 1412 1354 1446 580.
1382 1414 1421 1445 A.
1447 1431 1490 1434 —
1515 1414 1659 1446 Collect.

96 1469 158 1491 ms.
190 1458 351 1491 Roffense
382 1468 472 1490 saec.
510 1457 559 1491 15.
608 1459 692 1492 Cod.
726 1460 898 1492 Oxonien.
929 1459 1039 1491 Laud.
1072 1460 1220 1491 Miscell.
1253 1458 1308 1491 40.
1347 1461 1384 1491 B.
1409 1477 1453 1482 —
1477 1458 1512 1498 4,
1547 1458 1568 1490 4
1601 1460 1658 1491 lue

93 1504 226 1536 decaris
251 1506 291 1536 A.
317 1521 360 1525 —
385 1502 423 1543 4,
450 1502 470 1535 5
494 1505 613 1546 Ipsum
639 1506 692 1536 eio
719 1505 759 1536 A.
784 1522 828 1525 —
855 1505 896 1536 In
922 1506 948 1536 B
974 1506 1019 1536 ist
1043 1505 1104 1536 das
1129 1505 1218 1536 Lied
1243 1515 1280 1536 so
1307 1504 1549 1544 abweichend,
1582 1504 1659 1536 dass

95 1560 130 1582 es
158 1550 341 1592 angezeigt
365 1550 422 1589 ist,
449 1551 570 1582 seinen
595 1550 712 1582 vollen
736 1550 826 1582 Text
850 1549 926 1582 hier
952 1550 1068 1593 folgen
1092 1561 1135 1581 zu
1160 1551 1295 1582 lassen:

95 1617 123 1649 1.
162 1618 232 1650 Suo
257 1617 455 1659 rhythmum
481 1617 573 1648 hune
599 1622 632 1649 et
656 1617 821 1659 hymnum
908 1616 939 1648 4.
977 1618 1043 1649 Dei
1069 1617 1209 1655 donum,
1237 1617 1331 1659 quod
1355 1617 1494 1649 leonum

206 1663 415 1695 Dedicemus
440 1663 585 1700 nomini,
1024 1664 1124 1694 Dono
1151 1673 1270 1704 sospes
1297 1664 1442 1701 viveret,

161 1708 214 1740 Ad
239 1708 404 1740 honorem
430 1711 464 1739 et
489 1718 641 1740 amorem
978 1708 1064 1740 Cum
1090 1709 1225 1739 saevire
1251 1711 1285 1740 et
1311 1710 1422 1749 perire

207 1753 336 1786 Christi
361 1756 478 1785 tamen
503 1754 656 1785 Domini.
1027 1753 1116 1785 Suos
1141 1753 1258 1784 hostes
1285 1753 1425 1784 viderit.

92 1819 123 1852 2.
161 1822 226 1853 Per
251 1831 352 1863 quem
373 1824 481 1861 tanta,
509 1822 632 1862 scripsi
659 1825 799 1862 quanta,
911 1820 940 1852 5.
978 1821 1090 1860 Quam
1115 1819 1285 1853 virtutem'
1306 1825 1341 1852 et
1366 1821 1513 1853 salutem

204 1866 364 1899 Malchus
389 1868 459 1908 egit
483 1866 629 1905 fortiter,
1023 1867 1152 1898 Mentis
1178 1866 1274 1898 dedit
1299 1868 1443 1906 puritas,

161 1912 220 1944 Illi
245 1912 346 1944 detur
371 1915 405 1943 et
429 1914 588 1943 cantetur
979 1913 1125 1943 Mortem
1152 1912 1273 1951 hostis,
1301 1912 1391 1943 sieut
1413 1913 1535 1950 nostis,

205 1958 300 1989 Laus
327 1961 360 1989 et
385 1957 496 1989 honor
520 1958 659 1999 pariter.
1026 1958 1097 1989 Sua
1121 1957 1180 1989 dat
1206 1959 1386 1999 iniquitas.

93 2022 124 2057 3.
163 2026 258 2068 Ergo
283 2025 344 2057 ille
371 2028 511 2057 sanctus
537 2025 633 2057 mille
914 2022 945 2057 6.
983 2025 1083 2057 Unde
1109 2035 1192 2067 rogo
1217 2029 1251 2057 te
1277 2030 1310 2057 et
1335 2035 1432 2067 cogo,

210 2071 348 2103 Sanctis
373 2071 464 2101 vixit
489 2071 656 2109 sanetius,
1029 2071 1147 2103 Nostri
1172 2071 1281 2102 lector
1306 2071 1419 2112 epodi,

161 2117 227 2149 Cui
251 2117 343 2149 bona
368 2117 458 2147 inter
481 2115 572 2147 dona
984 2118 1079 2150 Sero,
1106 2126 1205 2148 mane
1231 2127 1362 2148 mecum
1389 2126 1474 2148 eane

208 2163 320 2194 Datur
344 2161 410 2193 hoc
436 2161 608 2193 excelsius
1027 2161 1236 2193 Monachum
1263 2161 1472 2193 huiusmodi.

524 2229 542 2237 ,-

531 2240 553 2262 ι.
590 2231 708 2272 Digna
731 2230 834 2262 laude
860 2241 997 2262 mecum
1023 2230 1159 2272 plaude,

635 2276 771 2307 Mecum
799 2275 861 2307 ede
887 2278 1074 2315 canticum,

593 2321 695 2352 Illum
720 2321 836 2355 lando.
862 2321 916 2352 illi
944 2321 1072 2363 plaudo

637 2366 782 2399 Carmen
809 2366 913 2398 edens
942 2366 1184 2408 rhythmicum.

473 2522 554 2558 296.
589 2522 670 2565 (10.)
704 2523 762 2557 ne
788 2523 887 2566 quot
914 2522 1012 2566 quot
1039 2523 1079 2557 et
1104 2523 1167 2557 tot
1195 2523 1274 2557 tot.

95 2630 132 2666 1.
173 2629 270 2675 Quot
291 2632 377 2665 sunt
399 2628 513 2665 horae
536 2634 572 2664 et
589 2634 678 2675 quot
694 2639 834 2677 morae,
906 2630 943 2666 2.
991 2632 1087 2674 Quot
1103 2633 1189 2665 sunt
1206 2632 1351 2665 montes
1369 2632 1404 2665 et
1426 2633 1514 2675 quot
1528 2626 1652 2666 fontes

232 2686 330 2732 Quot
361 2695 543 2722 annorum
574 2685 709 2733 spatia,
1048 2685 1098 2721 Et
1128 2689 1218 2731 quot
1250 2685 1354 2731 ignes
1386 2685 1564 2731 aetheris,

176 2741 273 2787 Quot
285 2741 510 2778 suntlaudes
521 2741 833 2788 etquotfraudes,
992 2746 1089 2787 Quot
1119 2746 1206 2777 sunt
1236 2751 1327 2787 apes
1359 2745 1397 2778 et
1417 2746 1507 2788 quot
1529 2741 1647 2788 dapes

235 2798 333 2844 Quot
362 2798 402 2835 in
433 2797 548 2835 caelis
579 2797 728 2845 gaudia,
1047 2798 1097 2834 Et
1129 2801 1219 2844 quot
1247 2808 1334 2834 aves
1365 2797 1477 2842 aeris,

177 2854 274 2900 Quot
303 2859 390 2891 sunt
420 2854 522 2891 visus
554 2859 591 2891 et
611 2859 700 2900 quot
721 2855 834 2901 risus⁷
992 2856 1089 2900 Quot
1109 2859 1195 2891 sunt
1217 2858 1338 2891 metus
1360 2858 1397 2891 et
1418 2857 1507 2901 quot
1523 2852 1648 2903 fletus,

230 2910 328 2956 Quot
357 2911 523 2948 virorum
554 2911 701 2956 studia3
1047 2911 1142 2957 Quot
1174 2910 1323 2948 labores
1354 2910 1523 2959 miseris;

159 2979 324 3011 Dreves,
350 2978 555 3006 Lateinisehe
576 2978 863 3012 Hymnendichter.
903 2978 946 3004 11.
1407 2975 1449 3008 ‘25
