2031 3289
977 183 1258 223 -18-

541 296 688 346 Xriste,
720 299 792 336 Dei
823 298 960 345 genite,
991 295 1146 333 flectens
1176 295 1438 334 moderamina
1467 306 1604 343 rerum,

626 355 730 393 Audi
761 366 828 392 nos
859 354 1032 400 humiles,
1066 352 1228 398 Christe,
1262 352 1333 389 Dei
1362 352 1499 399 genite.
1541 371 1545 373 ‡

541 408 772 452 Ymnidicas
801 411 953 457 placeat
982 409 1067 457 tibi,
1101 408 1263 453 Christe⁷
1295 409 1441 446 solvere
1474 409 1620 458 laudes,

628 468 749 505 Ferre
778 467 849 503 tibi
879 469 1004 513 grates
1034 464 1275 513 hymnidicas
1306 465 1466 511 placeat.

446 525 513 563 45.
547 521 663 564 Zelus
696 523 828 560 obesse
859 522 987 569 nequit
1019 527 1058 559 te
1089 521 1335 558 conculcante
1366 521 1579 569 draconem,

629 581 683 617 Te
713 583 917 628 superante
947 578 1087 616 malum
1117 578 1220 614 zelus
1251 577 1384 615 obesse
1413 578 1554 625 nequit.

967 675 990 699 ²1<
1252 675 1274 698 *

1108 708 1130 731 *

543 789 639 832 Alta
668 793 747 840 poli
777 802 906 830 resera
936 791 1007 828 tibi
1038 795 1126 829 vota
1158 790 1368 830 ferentibus
1399 792 1511 839 alma,

631 851 722 888 Post
752 849 894 886 obitum
926 848 1035 886 nobis
1067 848 1144 885 alta
1175 848 1253 895 poli
1285 859 1425 886 resera.

544 901 742 945 Moenibus
773 906 812 942 in
843 905 991 952 superis
1022 916 1108 942 nam
1142 905 1289 942 cantica
1319 904 1479 951 pulchra
1509 905 1707 951 resultant,

446 962 513 1000 50.
629 963 804 1009 Regnant
834 965 871 998 et
901 962 1022 999 sancti
1053 961 1249 999 moenibus
1278 962 1318 998 in
1348 961 1508 1010 superis.

544 1014 659 1067 Ecce,
686 1019 757 1056 tibi
787 1017 900 1055 facile
930 1022 987 1054 est
1017 1027 1158 1064 supero
1188 1028 1254 1054 nos
1284 1017 1439 1064 iungere
1469 1027 1584 1065 regno

630 1075 692 1119 Et,
725 1075 973 1122 quodcunque
1003 1074 1119 1118 voles,
1151 1083 1251 1119 ecce,
1283 1073 1353 1110 tibi
1385 1072 1510 1112 facile.

545 1127 707 1171 Nomina
736 1136 867 1169 nostra
896 1135 986 1168 nota
1016 1131 1117 1168 vitae
1149 1130 1322 1167 caelestis
1352 1129 1391 1166 in
1421 1129 1508 1167 albo

630 1189 683 1226 Et.
713 1199 796 1225 cum
828 1187 1022 1226 Swithuno
1052 1186 1205 1224 nomina
1233 1190 1364 1223 nostra
1393 1190 1495 1224 nota.

431 1277 642 1309 Aufschrift:
679 1278 862 1319 „Hymnus
893 1277 934 1308 ad
965 1276 1107 1308 laudem
1133 1276 1346 1307 sanctissimi
1371 1274 1562 1316 pontificis,
1596 1276 1707 1306 sancti
1733 1271 1905 1305 swithuni

339 1323 496 1364 eleganti
533 1324 734 1356 urbanitate
769 1323 933 1354 metricae
969 1323 1054 1353 artis
1090 1322 1200 1363 perite
1232 1318 1477 1362 compositus“.
1513 1339 1554 1344 —
1588 1321 1713 1352 Dieser
1744 1320 1905 1360 Hymnus

341 1369 390 1400 ist
409 1378 479 1401 von
504 1369 688 1401 Ordericus
714 1369 842 1400 Vitalis
869 1369 965 1400 einer
991 1367 1231 1407 Bearbeitung
1257 1366 1354 1397 nicht
1379 1370 1600 1408 unterzogen.
