2031 3289
14 1607 25 1693 *sem—-

923 154 1228 195 —428—

317 273 354 310 2.
387 271 490 309 Caeli
521 275 673 318 stupent
703 271 740 308 in
770 271 907 320 Maria,

386 328 454 365 Cui
487 331 543 364 tot
572 327 777 374 singularia

385 383 480 421 Sunt
511 384 648 421 collata
680 383 847 422 donaria.

319 476 356 513 3.
387 473 513 511 Ferax
543 477 599 509 est
633 477 736 509 terra
763 472 916 509 Domini

387 531 530 568 Venter
559 534 731 566 sacratae
762 528 934 576 virginis

387 586 457 633 Qui
487 586 703 622 thesaurum
736 584 812 622 fert
842 585 1003 621 hominis

386 643 549 680 Nostrae
578 653 708 688 parem
740 641 927 689 imaginis.

450 767 503 803 In
546 768 582 805 2.
626 766 900 805 Nocturno.

557 843 790 885 Antiphonae.

316 925 353 963 1.
385 924 549 960 Verbum
581 923 732 968 bonum,
764 923 882 970 virgo,
915 922 1032 968 paris,

387 980 548 1018 Manens
581 990 717 1026 expers
749 980 868 1016 omnis
899 979 1027 1023 maris,

443 1037 666 1075 Fecundata
695 1040 909 1082 pneumate.

319 1130 357 1167 2.
389 1127 554 1164 Torrens
584 1126 723 1163 sacrati
753 1124 916 1162 flaminis

446 1183 590 1222 Urbem
623 1182 693 1219 Dei
724 1181 917 1225 laetificat,

391 1240 489 1278 Dum
520 1239 645 1277 Maria
675 1238 711 1275 vi
744 1238 906 1275 numinis

444 1297 519 1334 Ore
549 1296 670 1333 Deum
701 1294 927 1342 magnificat.

321 1389 357 1426 3.
390 1387 419 1424 O
453 1387 592 1423 dilecta
623 1386 755 1421 civitas

390 1443 474 1493 Dei,
508 1443 562 1479 rei
594 1442 795 1488 poscimus,

387 1500 457 1546 Qui
488 1503 525 1536 te
554 1498 755 1543 noscimus,

388 1557 464 1595 Ora
493 1567 563 1605 pro
594 1555 702 1592 nobis
732 1554 864 1591 Deum.

551 1678 797 1717 Responsoria.

318 1762 357 1799 2.
388 1759 537 1797 Felices
569 1762 722 1805 matres,

443 1816 510 1852 sed
541 1815 620 1852 nati
652 1814 852 1859 feliciores,

384 1873 448 1918 Et,
480 1882 575 1918 quae
607 1881 768 1917 gessere,

445 1927 572 1965 felicia
603 1927 705 1965 facta
734 1926 851 1964 fuere.

302 1986 348 2023 V.
385 1985 495 2024 Felix
525 1985 668 2029 domus,

448 2041 539 2078 felix
571 2040 727 2085 familia,

388 2098 529 2145 Quibus
561 2101 647 2134 sunt
678 2097 758 2134 visa

443 2159 500 2192 tot
529 2154 739 2191 mirabilia!

319 2247 358 2286 3.
390 2245 420 2283 Ο
451 2245 650 2291 praeclara
681 2244 793 2281 stella
823 2243 950 2291 maris,

393 2301 510 2347 Virgo
540 2305 663 2337 mater
693 2300 905 2346 singularis,

389 2358 491 2403 Quae
526 2361 720 2404 cognatam
754 2356 928 2405 visitasti,

392 2414 595 2451 Iohannem
628 2413 853 2450 illuminasti

446 2471 559 2508 Prole
590 2470 905 2518 praeclarissima,

389 2527 444 2564 Te
473 2537 673 2573 precamur
703 2527 741 2563 in
772 2526 842 2563 hoc
872 2524 983 2574 festo,

389 2583 449 2620 Sis
480 2584 647 2620 solamen
678 2583 777 2620 omni
809 2586 964 2630 maesto,

389 2640 496 2686 Fuga
526 2644 697 2688 mortem,
732 2637 863 2676 confer
892 2642 1031 2676 sortem

447 2696 566 2733 Nobis
598 2696 635 2733 in
668 2696 758 2733 caeli
790 2695 927 2742 patria.

305 2752 350 2790 V.
390 2753 451 2790 Ad
484 2757 521 2788 te
553 2753 713 2789 clamant
745 2762 873 2788 omnes
905 2752 973 2799 rei,

392 2809 516 2855 Larga
549 2809 673 2845 datrix
706 2813 859 2845 sanctae
890 2809 984 2856 spei,

446 2865 476 2903 Ο
511 2864 592 2902 fons
622 2864 855 2903 indeficiens

1285 265 1391 297 Aliud
1415 266 1698 306 Responsorium.

1114 335 1159 375 R.
1191 335 1221 373 Ο
1254 334 1335 371 dies
1365 335 1464 372 omni

1255 394 1342 427 voto
1373 390 1587 439 recolenda,

1199 447 1228 485 O
1261 447 1342 483 dies
1372 447 1471 484 omni

1255 503 1381 540 studio
1414 502 1640 551 veneranda,

1199 559 1243 596 In
1274 570 1346 605 qua
1377 564 1432 595 tot
1462 559 1599 595 misero

1258 614 1443 652 fulserunt
1475 615 1613 662 gaudia
1644 615 1804 651 mundo!

1115 672 1160 711 V.
1197 672 1308 708 Haec
1320 671 1409 720 dies,
1426 683 1540 718 quam
1552 671 1641 717 fecit
1651 671 1858 721 Dominus,

1201 727 1427 766 exsultemus
1458 731 1491 765 et
1520 727 1705 765 laetemur
1733 727 1776 765 in
1803 738 1859 766 ea.

1266 842 1320 878 In
1364 841 1401 878 3.
1444 839 1716 879 Nocturno.

1373 911 1604 952 Antiphonae.

1136 988 1172 1025 1.
1203 987 1345 1033 Magna
1374 986 1564 1023 mirabilia

1202 1044 1247 1081 In
1276 1041 1367 1088 filia,

1259 1099 1377 1144 Quam
1408 1099 1481 1135 sibi
1511 1099 1636 1148 elegit,
1691 1119 1700 1126 -

1195 1156 1346 1192 ¹Terrae
1376 1155 1567 1202 marisque
1598 1155 1794 1202 Dominus,

1205 1211 1309 1250 Caeli
1341 1212 1597 1257 nibilominus,

1259 1268 1461 1315 Signanter
1493 1268 1651 1314 peregit,

1132 1349 1169 1385 2.
1201 1347 1379 1384 Exsultet
1406 1351 1510 1384 terra
1542 1357 1719 1395 propere,

1201 1404 1347 1441 Multae
1378 1404 1568 1440 laetentur
1599 1404 1759 1452 insulae,

1203 1461 1275 1506 En,
1309 1460 1445 1496 nubem
1477 1470 1563 1496 rore
1595 1460 1752 1497 caelitus

1202 1517 1379 1563 Implevit
1410 1522 1562 1553 sanctus
1596 1516 1773 1563 spiritus!

1132 1598 1170 1634 3.
1203 1596 1351 1632 Novum
1383 1595 1464 1638 tibi,
1500 1596 1617 1645 virgo,
1654 1595 1840 1632 canticum

1261 1652 1528 1699 Decantamus‚

1203 1710 1257 1748 Ut
1287 1719 1355 1755 per
1386 1715 1423 1746 te
1454 1709 1555 1745 vitae
1587 1708 1765 1745 viaticum

1258 1765 1487 1802 Habeamus.

1367 1865 1612 1907 Responsoria.

1136 1935 1172 1973 1.
1204 1934 1403 1981 Speciosas
1433 1934 1543 1978 filias,

1206 1991 1447 2029 Cumulantes
1480 1990 1647 2035 divitias,

1207 2047 1401 2085 Thesauro
1433 2047 1576 2083 ventris
1607 2046 1755 2093 gravidi

1205 2104 1458 2141 Transcendit
1491 2109 1612 2140 mater
1642 2103 1806 2143 Domini.

1119 2160 1165 2200 V.
1203 2160 1366 2198 Exsulta
1399 2162 1432 2197 et
1462 2159 1595 2206 lauda,
1627 2159 1813 2197 habitatio

1201 2217 1312 2262 Sion,
1350 2217 1442 2263 quia
1472 2227 1639 2263 maynus
1669 2216 1711 2253 in
1741 2216 1867 2254 medio

1207 2274 1265 2312 tui
1298 2276 1454 2311 sanctus
1483 2272 1622 2310 Israel.

1300 2374 1436 2415 Tropus
1461 2373 1505 2405 ad
1532 2374 1635 2412 Resp.
1660 2371 1691 2405 3.

1205 2444 1332 2481 Mater
1363 2443 1504 2482 Christi
1530 2442 1760 2487 veneranda,

1262 2500 1511 2537 Sublevamen
1542 2499 1703 2547 miseris,

1204 2557 1316 2593 Prole
1347 2561 1411 2593 tua
1441 2556 1636 2593 adoranda

1261 2613 1427 2650 Subveni
1457 2611 1663 2659 pestiferis.

1203 2692 1267 2729 Ad
1298 2696 1335 2727 te
1366 2691 1419 2727 rei
1449 2692 1694 2737 suspiramus,

1261 2747 1347 2785 Dux
1378 2747 1706 2794 excellentissima,

1203 2805 1258 2842 Te
1287 2804 1422 2841 devote
1450 2813 1660 2848 exoramus,

1261 2859 1401 2900 Confer
1431 2860 1530 2897 vitae
1559 2860 1709 2907 gaudia.
