2031 3289
937 224 989 229 —
1048 200 1130 241 302
1187 224 1243 229 —

791 355 873 391 308,
919 355 1002 398 (10.)
1037 355 1067 390 Ο
1093 360 1214 391 sancte
1237 357 1360 392 Paule.

354 490 362 498 .
395 462 489 505 Ave,
523 460 655 497 doctor
685 461 863 509 gentium,
1139 464 1176 500 3.
1209 464 1303 510 Ave,
1336 463 1400 509 qui
1429 473 1636 510 peraspera

396 518 512 556 Sacer
543 517 664 553 cultor
693 517 883 566 mentium,
1209 519 1282 555 Per
1310 519 1432 556 tulisti
1463 519 1629 557 verbera

452 573 562 610 Fidei
594 576 747 622 tutator,
1265 575 1427 612 Satanae
1460 576 1639 622 damnati,

394 630 492 666 Dum
524 629 734 675 scripturas
765 631 904 678 aperis,
1206 631 1311 668 Neve
1342 632 1524 669 revelatio

396 685 534 732 Legem
564 696 677 733 auges
709 684 886 736 foederis,
1209 687 1344 725 Cordis
1374 687 1619 725 inflammatio

450 741 601 779 Domini
633 742 787 780 zelator.
1264 743 1393 781 Fieret
1424 745 1527 782 elati.

354 873 362 881 .
393 843 489 890 Ave,
519 853 629 880 mane
660 843 860 881 comedens
1139 847 1176 884 4.
1209 845 1239 882 O
1270 844 1413 882 utinam
1445 845 1638 892 Dominus,

395 900 592 945 Praedam,
626 910 710 936 sero
742 900 916 937 dividens
1209 901 1279 947 Qui
1310 912 1462 938 suorum
1494 902 1636 939 eminus

453 956 583 1003 Spolia
612 960 773 1006 matura,
1266 958 1447 995 Providet
1477 957 1682 1008 profectus,

394 1012 492 1049 Dum
523 1012 694 1050 saeviens
726 1013 913 1060 primitus,
1209 1014 1284 1051 Det
1313 1014 1384 1050 hoc
1415 1026 1548 1062 aegros
1579 1026 1724 1063 sapere,

395 1070 485 1107 Post
517 1079 718 1107 conversus
749 1069 907 1106 caelitus
1208 1071 1261 1109 Ut
1290 1071 1480 1108 laetentur
1509 1072 1614 1108 luere

449 1126 633 1172 Explicas
661 1126 834 1164 obscura.
1264 1126 1407 1165 Noxios
1439 1127 1623 1168 defectus,

778 1299 860 1334 309.
893 1299 977 1342 (11.)
1013 1299 1043 1332 0
1069 1303 1189 1334 sancte
1213 1299 1401 1334 Iohannes.

353 1433 362 1441 .
396 1406 491 1450 Ave,
524 1404 603 1441 veri
634 1404 785 1441 luminis
1141 1407 1176 1444 3.
1210 1408 1304 1449 Ave,
1337 1406 1400 1452 qui
1431 1406 1576 1443 acutius

397 1461 574 1507 Lampas,
607 1472 737 1498 sacrae
771 1462 926 1509 virginis
1210 1463 1253 1500 In
1283 1463 1404 1499 Deum
1435 1469 1473 1499 et
1499 1464 1629 1509 purius

451 1517 613 1554 Humilis
644 1518 775 1564 tutela,
1264 1520 1394 1556 Aciem
1427 1519 1559 1566 fixisti,

397 1574 585 1622 Languori
617 1573 814 1612 mortifero
1210 1575 1306 1612 Dum
1339 1580 1511 1613 naturam
1542 1576 1611 1613 filii

391 1631 527 1668 Mundi
559 1631 663 1667 cuius
693 1636 801 1669 utero
1209 1632 1280 1669 Dei
1311 1633 1396 1678 plus
1427 1644 1538 1679 quam
1571 1634 1636 1670 alii

454 1687 600 1725 Prodiit
630 1688 790 1729 medela.
934 1718 937 1721 .
1265 1689 1410 1726 Lucide
1441 1690 1675 1736 prompsisti.

355 1820 363 1828 .
395 1791 490 1837 Ave,
523 1800 632 1837 quem
662 1790 855 1837 praesidio
1141 1793 1176 1828 4.
1210 1791 1240 1829 Ο
1273 1802 1337 1828 vos
1369 1791 1484 1828 saecli
1515 1792 1672 1839 iudices,

394 1847 466 1883 Dei
496 1845 647 1883 fervens
680 1847 781 1885 dolio
1213 1847 1325 1884 Vobis
1358 1858 1490 1894 preces
1521 1849 1712 1895 supplices

451 1903 583 1940 Oleum
614 1914 687 1940 non
719 1904 842 1951 laesit,
1264 1904 1388 1943 Offero
1419 1909 1608 1952 precatus,

395 1960 517 1997 Locus
551 1960 727 1997 Pathmos
758 1961 903 1998 insulae
1209 1961 1266 1998 Ne
1298 1962 1366 1997 sim
1396 1973 1540 1998 summo
1570 1961 1687 1998 iudici

395 2017 448 2053 Te
479 2027 548 2062 pro
580 2017 731 2054 Christo
763 2018 891 2054 exsule
1004 2061 1006 2066 λ
1209 2018 1259 2055 Et
1290 2018 1390 2054 trino
1422 2023 1459 2055 et
1488 2018 1652 2065 simplici

450 2073 561 2111 Fidei
594 2073 778 2112 adhaesit.
1266 2075 1435 2112 Moriens
1451 2072 1484 2125 ¹)
1517 2075 1700 2121 ingratus

802 2249 884 2284 310.
919 2248 1001 2291 (12.)
1034 2248 1092 2283 De
1117 2247 1372 2291 Magdalena.

867 2349 896 2384 O
922 2354 1048 2385 sancta
1075 2349 1306 2395 Illagydaleom.

750 2424 846 2467 Ave,
879 2422 983 2459 cuius
1014 2432 1103 2459 vera
1135 2422 1310 2459 contritio

807 2480 859 2516 Et
890 2482 1067 2516 aeternae
1099 2479 1197 2515 vitae
1228 2478 1379 2526 fiducia,

754 2536 820 2573 Pia
850 2546 995 2582 quoque
1026 2536 1160 2572 mentis
1193 2535 1343 2573 devotio

807 2593 1029 2629 Meruerunt
1062 2603 1135 2629 non
1167 2592 1284 2630 solum
1317 2592 1426 2629 venia

807 2649 861 2686 Te
891 2648 1082 2696 perfundi,
1116 2649 1183 2687 sed
1216 2647 1292 2687 fovi
1323 2650 1466 2698 gratia3

750 2707 826 2745 Ora
857 2705 1061 2754 Christum,
1094 2706 1140 2742 ad
1173 2715 1283 2752 quem
1314 2705 1451 2751 esurio,

750 2763 804 2801 Ut
833 2763 1004 2809 impurae
1035 2763 1135 2799 vitae.
1167 2761 1354 2800 confessio

806 2819 870 2856 Me
902 2819 1087 2856 conducat
1117 2819 1165 2856 ad
1199 2819 1291 2856 caeli
1322 2819 1472 2867 gaudia.

425 2931 448 2966 ¹)
471 2930 501 2971 4,
528 2932 547 2963 ὕ
579 2933 708 2963 Moriar
734 2932 795 2963 Hs.
