2031 3289
600 635 621 670 ωε

570 2332 634 2369 10.

570 2672 633 2709 11.

994 184 1300 225 —466—

631 323 640 332 .
672 296 795 346 Salve,
830 297 965 342 Maria,
999 298 1071 334 iam
1104 299 1269 336 secundo
1301 299 1472 346 dicimus,

671 352 794 396 Salve,
823 357 865 389 ut
894 358 970 390 tam
1002 353 1050 390 ab
1081 354 1182 392 intra
1212 366 1322 401 quam
1354 356 1521 393 exterius

670 409 743 445 Per
772 413 810 445 te
841 410 1110 457 custodiamur,
1143 422 1165 447 o
1195 412 1433 449 sanctissima

674 465 785 511 Virgo
818 465 965 515 Maria3
997 467 1096 513 quod
1128 468 1304 514 petimus,
1336 468 1511 518 impetra,

669 520 765 558 Sunt
796 521 877 558 sine
908 526 945 558 te
975 532 1108 569 preces
1140 528 1291 561 nostrae
1321 524 1527 563 invalidae.

628 663 636 671 .
668 633 735 670 Ad
762 636 797 670 te
826 634 1040 672 clamamus
1071 635 1296 672 circumdati
1326 636 1494 683 undique

668 690 909 728 Inimicorum
939 691 1089 728 insidiis
1120 692 1271 737 valide3

669 746 708 783 Si
739 747 889 784 tardam
921 758 1050 784 vocem
1084 748 1291 785 amittimus
1323 749 1533 799 clamando,

669 803 753 841 Cito
783 804 934 854 adiuva,
966 815 1014 841 ne
1043 805 1118 841 tuis
1151 805 1341 842 clientulis

668 859 840 906 Unquam
872 861 1208 907 praedominentur
1238 862 1364 898 hostes
1392 863 1557 908 pessimi.

628 1001 637 1010 .
668 972 813 1010 Exules
843 973 917 1020 filii
947 974 1055 1011 Evae
1082 985 1104 1011 a
1135 974 1261 1021 patria

666 1029 847 1079 Petimus,
880 1035 922 1067 ut
951 1041 1024 1068 non
1057 1032 1206 1068 exsules
1236 1042 1258 1068 a
1289 1032 1412 1078 gratia

667 1085 790 1123 Simus
823 1087 882 1123 vel
914 1098 936 1123 a
965 1093 1002 1123 te
1034 1088 1094 1125 vel
1125 1099 1147 1125 a
1178 1087 1331 1126 Christo
1362 1088 1499 1135 capite,

667 1142 741 1180 Sed
773 1148 811 1180 te
841 1149 994 1190 regente
1026 1155 1131 1181 mens
1162 1149 1292 1182 nostra
1323 1143 1528 1182 conformis
1559 1145 1610 1183 sit

667 1199 858 1236 Voluntati
890 1200 945 1236 tui
977 1200 1107 1237 dilecti
1136 1200 1221 1240 filii.

627 1341 634 1349 .
667 1311 734 1349 Ad
760 1314 795 1349 te
823 1313 1068 1359 suspiramus
1099 1325 1166 1350 nos
1197 1318 1387 1360 tamquam
1418 1314 1583 1362 parvuli,

667 1369 737 1414 Qui
770 1374 929 1406 matrum
961 1380 1095 1417 sugere
1125 1370 1283 1416 cupiunt
1312 1370 1453 1416 ubera3

666 1429 783 1463 Amor
813 1437 984 1475 namque,
1017 1437 1090 1473 quo
1120 1437 1247 1463 sumus
1276 1427 1467 1474 inebriati,

665 1482 775 1529 Cogit
805 1493 873 1519 nos
904 1483 952 1520 ad
984 1487 1022 1519 te
1053 1483 1256 1533 suspirare,
1292 1483 1466 1531 domina3

665 1539 816 1576 Exaudi
848 1550 914 1576 nos
946 1550 1034 1586 ergo
1066 1540 1377 1578 misericorditer.

626 1681 634 1688 .
665 1650 865 1688 Gementes
895 1655 928 1689 et
956 1653 1086 1697 flentes
1116 1656 1265 1689 nostras
1296 1652 1468 1689 miserias

664 1707 715 1744 In
746 1705 820 1746 hac
850 1708 1103 1745 lacrumarum
1136 1708 1233 1745 valle
1264 1708 1514 1756 deposcimus,

663 1765 782 1802 Tuum
814 1765 996 1802 auxilium
1028 1776 1074 1802 ne
1103 1765 1304 1802 subtrahas
1335 1764 1457 1811 nobis,

662 1822 769 1870 Quia,
804 1822 835 1858 si
866 1826 906 1858 tu
938 1833 1005 1858 nos
1037 1822 1194 1867 deseris,
1228 1832 1313 1858 mox
1346 1822 1514 1859 cadimus

662 1878 698 1914 A
730 1889 810 1926 spe,
843 1889 864 1915 o
894 1878 1015 1927 virgo,
1046 1889 1155 1925 quam
1189 1879 1235 1914 de
1266 1883 1303 1914 te
1335 1879 1588 1926 concepimus.

622 2019 631 2029 .
663 1991 753 2037 Eia,
788 1991 847 2028 eia
880 2002 976 2041 erqo,
1011 1991 1197 2029 advocatu
1229 1995 1374 2039 nostru,

666 2048 769 2085 Tuae
800 2059 867 2085 nos
899 2048 1052 2094 pietatis
1083 2048 1285 2085 advocatio

665 2104 909 2141 Commendet
941 2105 986 2153 ei,
1019 2105 1081 2151 qui
1112 2109 1280 2141 nostram
1311 2105 1532 2142 advocatam

665 2161 717 2197 'I'e
749 2161 893 2210 statuit,
927 2162 981 2198 uti
1014 2161 1213 2198 caelestem
1245 2162 1406 2207 patriam

670 2218 820 2254 Donare
852 2218 941 2254 velit
972 2218 1080 2254 nobis
1113 2223 1195 2264 post
1228 2217 1413 2254 exsilium.

667 2331 760 2368 Illos
785 2335 869 2369 tuos
899 2332 1163 2369 misericordes
1195 2331 1321 2369 oculos

665 2388 730 2425 2th
758 2400 827 2425 oms
859 2391 1042 2434 converte,
1072 2389 1134 2435 qui
1163 2396 1334 2425 catervas
1367 2388 1589 2425 daemonum

661 2446 823 2492 Fugant,
857 2445 1051 2491 expellunt
1082 2445 1258 2482 tenebras
1290 2445 1480 2492 vitiorum,

664 2502 790 2538 Corda
820 2502 1041 2550 accendunt,
1075 2502 1230 2548 trahunt
1260 2502 1310 2538 ad
1342 2500 1542 2546 caelestia3

665 2557 744 2594 Hos
776 2559 904 2595 oeulos
935 2559 982 2594 ad
1015 2570 1081 2594 nos
1115 2562 1302 2608 converte,
1337 2558 1500 2595 domina.

665 2672 717 2709 Et
746 2672 878 2709 Iesum
906 2671 1140 2709 benedictum
1171 2673 1341 2718 fructum
1371 2671 1512 2708 ventris
1542 2671 1612 2714 ἰπὶ,

661 2729 878 2766 Creatorem
911 2734 947 2764 et
975 2728 1252 2774 redemptorem
1283 2727 1461 2776 omnium,

661 2786 730 2831 Qui
762 2790 920 2831 propter
950 2796 1016 2821 nos
1048 2789 1279 2831 propterque
1307 2788 1474 2821 nostram
1507 2783 1666 2820 salutem

667 2842 788 2878 Homo
821 2841 944 2878 faetus
976 2846 1030 2878 est
1063 2852 1270 2888 passusque
1302 2840 1559 2887 turpissimam

664 2898 840 2945 Mortem,
875 2899 1010 2947 Iesum,
1044 2908 1197 2947 quaeso,
1230 2896 1393 2934 fructum
1423 2896 1566 2935 ventris
1598 2896 1664 2941 tui,
