2031 3289
994 174 1271 214 -20-

783 315 790 324 .
823 286 963 323 Debita
992 288 1073 324 iure
1103 298 1256 334 precum
1288 287 1420 326 famuli

821 342 1019 388 Solvimus,
1051 354 1110 391 en,
1142 345 1359 383 holocausta
1387 346 1468 393 tibi,

819 399 994 445 Quaeque
1025 400 1078 436 tui
1110 401 1261 447 capiant
1279 403 1401 450 .oculi,

819 454 946 492 Rebus
978 460 1014 491 et
1045 456 1149 503 eripe
1180 468 1320 504 nosque
1348 459 1437 496 mali

819 510 875 548 Ob
904 511 1074 548 meritum
1108 513 1228 560 patris
1258 514 1424 553 almifici.

775 676 783 684 .
815 645 889 682 Hie
921 647 1092 693 equidem
1125 648 1270 694 genitus
1301 650 1445 687 tumido

815 701 1005 752 Germine,
1036 705 1215 750 prosapia
1246 706 1365 743 nitido

814 759 990 806 Principe
1022 760 1102 797 cive
1134 762 1387 811 Petragorico,

813 815 990 861 Praedia,
1022 828 1208 854 marmora
1240 828 1321 854 cum
1352 820 1516 858 thalamo

814 871 956 909 Terrea
986 874 1141 919 tempsit
1170 885 1296 911 amore
1327 879 1404 914 tuo.

771 1035 780 1044 .
810 1007 863 1044 At
893 1008 979 1053 quia
1011 1019 1166 1056 pauper,
1199 1020 1310 1056 egens
1340 1016 1377 1046 et
1406 1012 1514 1059 inops

811 1061 887 1102 Hic
916 1075 1050 1112 gazeos
1081 1065 1205 1101 renuit
1235 1066 1390 1116 loculos,

812 1119 865 1156 Te
896 1119 1070 1165 faciente,
1104 1122 1218 1169 Deus,
1250 1123 1392 1169 niveos,

810 1175 892 1212 Rex
923 1177 998 1223 pie,
1030 1188 1129 1213 nunc
1160 1178 1273 1215 habet
1305 1179 1387 1225 ipse
1417 1181 1562 1232 thoros,

810 1231 995 1279 Topazios
1026 1244 1171 1280 quoque
1203 1245 1410 1274 caesareos.

768 1397 777 1406 .
809 1368 1051 1415 Quaesumus,
1085 1370 1193 1407 huius
1224 1382 1350 1407 amore
1380 1383 1488 1410 sacro

806 1425 932 1462 Patris
962 1425 1158 1474 Eparchii,
1192 1427 1387 1465 dulcisono

807 1481 876 1526 Qui
908 1481 1069 1519 Domino
1100 1484 1268 1520 canimus
1299 1486 1463 1531 modulo,

806 1537 884 1574 Nos
917 1537 1048 1575 famuli
1078 1539 1266 1577 tribuente
1298 1541 1378 1578 Deo

806 1593 1067 1632 Salvificemur
1098 1601 1135 1632 ut
1162 1597 1389 1637 omnimodo.

763 1759 772 1768 .
803 1730 861 1767 De
894 1731 986 1768 solio
1018 1732 1137 1777 patris
1169 1733 1326 1770 artificis

801 1787 963 1824 Munera
993 1799 1139 1825 sumere
1169 1790 1223 1826 sic
1253 1792 1388 1827 animis

803 1844 954 1881 Caelica
985 1855 1065 1881 cum
1098 1846 1363 1892 paradisicolis

801 1901 1006 1938 Commoda
1036 1902 1329 1949 corporibusque
1360 1904 1447 1953 suis,

799 1957 905 2003 Quod
938 1958 1073 2004 rogitet
1105 1970 1213 1995 sacer
1243 1960 1303 1996 hic
1334 1961 1491 2001 meritis.

759 2121 767 2131 .
800 2092 972 2129 Christus
1003 2093 1049 2130 ab
1082 2105 1151 2130 axe
1183 2095 1284 2132 Deus
1315 2107 1451 2143 supero

797 2149 888 2187 Cum
921 2154 1029 2195 patre
1059 2152 1318 2198 paraclitoque
1349 2164 1456 2190 sacro

797 2205 938 2242 Nostra
968 2213 1146 2252 perornet
1177 2219 1303 2245 amore
1334 2220 1400 2246 suo

797 2261 932 2308 Corda,
965 2264 1024 2299 cui
1056 2265 1104 2300 sit
1132 2264 1250 2301 honor
1282 2265 1441 2303 Domino

796 2318 870 2354 Hic
901 2325 938 2354 et
969 2320 1005 2355 in
1037 2321 1161 2357 omnia
1191 2327 1388 2368 perpetuo.

887 2530 918 2564 6.
954 2530 1015 2571 (2.)
1038 2530 1090 2566 Ad
1114 2531 1325 2568 Nocturnos.

759 2675 767 2684 .
799 2648 936 2683 Annua
968 2645 1065 2684 festa
1096 2649 1221 2695 vigent
1253 2650 1365 2687 rutilo

798 2703 920 2740 Patris
951 2703 1132 2750 Eparcliii
1163 2706 1343 2755 tripudio,

797 2759 930 2797 Contio
961 2766 1090 2797 sancta
1122 2762 1215 2797 nitet
1247 2763 1358 2800 solito

795 2815 1016 2862 Fulgidiore
1047 2817 1169 2856 nitore
1201 2830 1319 2868 sacro,

795 2872 925 2909 Gloria
950 2873 1091 2910 vertice
1121 2874 1281 2914 sidereo.

1997 1532 2000 1533 Ἰ
2023 431 2031 1468 ψμ-,ῥ
2016 0 2031 368 ψ-Λμ--Λ-..Δ
