2031 3289
865 190 914 196 -
975 166 1057 206 432

252 283 319 321 27.
353 282 576 319 Dominator
607 286 644 318 et
673 282 841 318 salvator

407 337 542 376 Mundi
572 337 853 385 benignissime,

352 394 411 432 Da
443 395 618 432 virtutem
651 398 685 430 et
718 393 876 430 salutem

409 450 591 497 Corporis
622 455 659 486 et
689 449 848 497 animae,

1069 280 1133 318 28.
1166 280 1218 318 Ut
1250 279 1362 317 saluti
1393 279 1555 316 restituti

1223 336 1277 373 Te
1308 335 1517 383 laudemus,
1548 336 1721 384 Dtmine,

1167 392 1236 437 Qui
1267 392 1434 437 salvasti,
1468 403 1560 438 quos
1591 392 1746 443 creasti,

1222 448 1342 485 Natus
1372 448 1471 485 alma
1501 447 1677 495 virgine·

665 564 730 601 29.
767 563 878 599 Pater
907 561 1023 608 Deus,
1057 560 1110 598 fili
1142 560 1257 606 Deus,

822 617 924 654 Deus
955 617 1053 654 alme
1083 617 1253 663 spiritus,

772 675 844 712 Per
873 678 1028 710 aeterna
1058 684 1125 710 nos
1155 672 1334 721 guberna,

819 730 921 767 Deus
952 740 1060 775 unus,
1093 729 1254 766 saecula.

832 898 1108 945 Rhythmus
1150 897 1193 935 V.

282 1015 319 1052 1.
353 1013 481 1050 Mater
512 1012 665 1059 Christi.
697 1022 794 1058 quae
825 1010 944 1047 tulisti

407 1069 533 1106 Sacris
564 1069 662 1105 hune
696 1066 904 1105 visceribus

350 1126 507 1172 Absque
537 1125 618 1162 viro
649 1130 762 1171 partu
792 1123 901 1169 miro,

407 1183 487 1228 Quo
518 1193 593 1229 pax
626 1182 738 1218 datur
769 1179 953 1226 gentibus.

280 1298 318 1334 2.
351 1295 436 1332 Huc
464 1298 671 1341 aspectum,
703 1293 776 1329 huc
806 1291 980 1329 affectum

407 1351 539 1398 Dirige
569 1349 789 1397 propitium,

355 1407 668 1445 Condescendens
700 1410 738 1443 et
757 1404 980 1451 impendens

411 1463 565 1501 Miseris
596 1463 790 1501 auxilium.

285 1579 322 1616 3.
354 1575 475 1623 Virgo
505 1576 619 1621 mitis,
652 1585 749 1621 quae
780 1573 951 1611 contritis

409 1633 522 1679 Spem
552 1631 703 1679 largiris
734 1631 880 1677 veniae,

350 1691 470 1728 Posce
500 1689 634 1733 Deum,
666 1693 706 1724 ut
738 1692 933 1733 tropaeum

406 1745 503 1783 Suae
536 1745 598 1782 det
630 1744 826 1781 ecclesiae.

283 1861 320 1897 4.
352 1858 462 1895 Dona
492 1867 624 1905 pacem
657 1861 693 1893 et
725 1855 897 1894 fallacem

410 1915 602 1951 Inimicum
636 1917 800 1957 contere,

355 1971 413 2008 Ne
443 1971 569 2018 ignitis
600 1971 632 2006 is
662 1969 810 2015 sagittis

412 2028 536 2066 Possit
567 2037 634 2063 nos
665 2026 819 2065 elidere.

286 2143 322 2179 5.
356 2140 582 2186 Iucundare,
613 2149 708 2185 quae
739 2142 891 2185 portare

410 2196 587 2234 Meruisti
617 2195 830 2243 Dominum,

354 2253 491 2290 Mundi
521 2253 656 2296 lucem,
688 2251 789 2287 vitae
822 2251 967 2296 ducem,

413 2309 647 2347 Salvatorem
678 2307 882 2347 hominum.

286 2425 323 2463 6.
356 2424 580 2468 Incorrupta
611 2425 648 2457 et
678 2421 821 2458 intacta

412 2477 585 2516 Genuisti
614 2488 783 2524 puerum,

357 2535 511 2573 Nullum
533 2538 657 2571 tamen
674 2533 762 2570 hinc
779 2543 981 2579 gravamen

413 2591 530 2628 Tuum
562 2590 671 2627 laesit,
701 2594 861 2629 uterum.

290 2706 325 2743 7.
358 2705 469 2741 Alter
499 2707 630 2749 partus
660 2706 794 2749 gravat
823 2707 942 2748 artus,

414 2760 554 2798 Incutit
585 2759 770 2805 suspiria3

360 2817 460 2854 Tuus
493 2815 636 2852 fructus
668 2815 778 2861 pellit
808 2816 930 2852 luctus

413 2873 517 2909 Dans
547 2875 701 2909 aeterna
731 2871 881 2919 gaudia.

1095 1010 1131 1049 8.
1167 1009 1335 1047 Aliarum
1369 1010 1593 1053 teminarum

1222 1066 1350 1103 Proles
1381 1065 1471 1102 fletu
1503 1064 1686 1113 funditur,

1168 1123 1301 1160 Partus
1330 1123 1401 1159 iste
1432 1122 1484 1158 nil
1517 1122 1587 1158 scit
1618 1123 1738 1169 triste,

1221 1179 1378 1224 Quando
1410 1178 1511 1215 Deus
1539 1178 1718 1219 nascitur,

1093 1292 1130 1330 9.
1163 1291 1383 1338 Benedicta,
1415 1301 1509 1338 quae
1541 1291 1679 1328 delicta

1223 1348 1370 1385 Primae
1400 1347 1531 1384 matris
1563 1347 1688 1394 operis

1165 1404 1215 1441 Et
1249 1404 1414 1442 divinam
1445 1403 1669 1441 medicinam

1222 1460 1441 1507 Impetrasti
1471 1460 1633 1499 miseris,

1068 1575 1131 1612 10.
1165 1573 1406 1618 Benedictus,
1435 1573 1498 1620 qui
1529 1572 1688 1610 amictus

1222 1631 1265 1667 In
1296 1634 1333 1665 te
1365 1629 1487 1667 carnis
1518 1629 1650 1666 trabea

1165 1687 1244 1723 Nos
1275 1686 1396 1723 erexit
1428 1690 1465 1722 et
1495 1686 1618 1722 evexit

1220 1743 1281 1780 Ad
1312 1753 1427 1789 regna
1457 1742 1617 1780 siderea.

1069 1857 1132 1895 11.
1166 1856 1195 1893 O
1227 1865 1337 1902 quam
1368 1854 1453 1891 letis
1484 1866 1506 1892 a
1537 1854 1733 1901 prophetis

1222 1911 1274 1949 Es
1306 1911 1460 1949 laudata
1490 1911 1658 1959 vocibus,

1165 1969 1248 2005 Hoc
1267 1972 1466 2013 secretum,
1485 1968 1584 2014 quod
1599 1967 1795 2014 impletum

1224 2024 1291 2061 Est
1324 2025 1361 2060 in
1392 2028 1443 2072 te,
1474 2023 1720 2062 mirantibus!
1843 2025 1846 2027 ’

1073 2140 1136 2176 12.
1169 2137 1223 2174 Te
1256 2136 1404 2173 beatam
1436 2140 1474 2172 et
1503 2136 1714 2182 praelatam

1226 2192 1378 2230 Cunctis
1410 2202 1492 2230 esse
1524 2192 1663 2241 docuit,

1168 2250 1260 2289 Cum
1292 2259 1405 2286 suave
1435 2249 1530 2285 illud
1561 2250 1644 2286 Ave

1225 2305 1382 2343 Gabriel
1412 2305 1573 2352 aperuit.

1069 2420 1132 2459 13.
1166 2419 1223 2455 Tu
1253 2417 1415 2465 portasti
1446 2422 1483 2454 et
1513 2417 1675 2466 lactasti,

1223 2470 1431 2511 Benedicta
1463 2474 1626 2519 domina,

1164 2532 1280 2578 Quem
1312 2531 1460 2577 adorat,
1492 2540 1600 2577 quem
1633 2530 1792 2567 honorat

1221 2587 1354 2625 Mundi
1386 2587 1486 2623 trina
1516 2585 1701 2623 machina.

1074 2701 1136 2740 14.
1170 2699 1370 2738 Adorabas
1401 2703 1438 2736 et
1468 2698 1637 2736 lactabas

1230 2757 1346 2793 Deum
1379 2754 1518 2792 factum
1550 2754 1750 2803 hominem,

1174 2813 1243 2858 Qui
1276 2824 1342 2849 nos
1374 2811 1468 2848 lavit
1499 2816 1534 2848 et
1566 2811 1727 2848 salvavit

1229 2869 1340 2906 Suum
1373 2878 1515 2914 ponens
1548 2867 1779 2914 sanguinem.
