1914 3223
897 142 968 181 157

157 260 192 296 2.
227 258 267 294 ln
299 257 378 294 Noe
409 256 549 303 primus
582 254 623 292 fit
967 260 1004 295 4,

283 314 414 351 aetatis
447 312 639 355 terminus,

228 372 353 408 Instar
382 367 563 407 infantiae

281 437 387 474 quam
420 429 520 462 reete
549 424 735 476 ponimus,

225 482 476 521 Similitudine

281 539 439 586 quadam
471 538 519 576 ad
551 538 697 584 singula

229 597 304 633 linx
338 596 457 642 prima
489 595 651 632 eontinet

281 653 409 689 horum
441 652 632 699 mysteria.

965 733 986 767 vi

154 735 191 769 13.
224 732 328 769 'l'unc
360 732 603 778 incomposita

279 787 378 825 faeta
411 788 583 825 materies

223 844 437 882 Formanda
467 845 644 891 deinceps

279 906 357 939 erat
387 902 424 938 in
456 901 614 948 speeies,

220 959 269 996 Et
300 959 394 995 rude
421 958 609 995 saeculum

276 1015 391 1061 legem
426 1027 497 1051 non
530 1018 696 1058 noverat,

222 1072 299 1108 Nee
328 1077 430 1108 aetas
463 1077 611 1108 terrena

278 1134 417 1165 rectum
449 1128 539 1175 quid
571 1128 721 1175 cogitat.

556 1209 592 1245 6.
629 1207 788 1244 Perenni
818 1206 978 1243 Domino

1039 256 1173 293 Deleta
1203 256 1308 304 prior
1338 260 1391 291 est

1093 318 1196 348 :telas
1229 313 1382 353 diluvio,

1035 369 1096 405 Sic
1129 374 1161 404 et
1195 368 1391 406 infantiam

1093 426 1190 462 delet
1223 425 1374 471 oblivio,

1039 483 1079 518 in
1112 482 1232 528 primo
1265 482 1325 519 die
1357 483 1419 518 lux

1093 543 1269 576 narratur
1299 539 1461 588 condita,

1036 595 1083 631 1⁴:t
1114 595 1223 632 istam
1255 596 1400 632 inchoat

1094 652 1212 688 lucem
1245 652 1414 689 infantia.

993 759 1001 768 .
1034 731 1104 767 Est
1135 735 1171 766 et
1202 732 1266 768 lux
1298 732 1386 769 tidei

1088 788 1270 834 quaedam
1303 788 1522 834 minoribus,

1034 846 1151 889 Quam
1183 845 1289 891 quasi
1322 845 1471 892 ²iai-vuli

1090 901 1250 947 primum
1283 902 1528 952 suscepimuS,

1034 958 1141 994 Hane
1172 968 1318 1004 quoque
1349 959 1495 1005 species

1088 1015 1171 1062 ipsa
1204 1015 1369 1061 diluerit,

1030 1071 1135 1113 Cum,
1168 1082 1274 1117 quem
1307 1082 1406 1108 nune
1437 1072 1638 1118 eredimus,

1088 1128 1209 1164 videri
1242 1129 1420 1174 coeperit..

679 1273 816 1310 perpes
849 1263 897 1299 sit
929 1263 1060 1310 gloria,

624 1320 682 1356 Ex
714 1331 786 1366 quo
817 1324 916 1365 sunt,
959 1330 1028 1365 per
1057 1329 1165 1366 quem
1197 1323 1295 1366 sunt,

679 1377 715 1412 in
745 1386 818 1423 quo
848 1380 931 1412 sunt
965 1376 1110 1419 omnia;

621 1433 681 1471 Ex
712 1443 784 1480 quo
815 1436 912 1478 sunt,
946 1436 1055 1479 pater
1085 1437 1154 1478 est,

678 1500 747 1536 per
777 1500 883 1536 quem
917 1492 1014 1534 sunt,
1049 1487 1161 1534 filins,

622 1547 666 1584 In
698 1557 770 1593 quo
802 1551 900 1595 sunt,
932 1545 1052 1592 patris
1083 1550 1120 1581 et

677 1602 747 1639 filii
778 1602 946 1650 spiritus.

232 1681 260 1712 B
286 1681 342 1712 fol.
369 1678 450 1712 8521.
477 1698 520 1702 —
545 1678 575 1718 2,
601 1677 621 1710 6
646 1690 666 1712 a
693 1681 841 1722 singula.
869 1698 909 1700 —
935 1678 967 1719 3,
997 1678 1011 1712 l
1037 1681 1146 1712 nunc.
1173 1698 1214 1702 ——
1241 1680 1273 1721 3,
1300 1680 1319 1713 7
1344 1685 1440 1714 aetas
1466 1686 1633 1716 etei-rena.
1658 1702 1701 1706 —

142 1724 173 1763 4,
198 1724 219 1758 8
245 1727 435 1758 infantiam.
462 1743 504 1748 -
529 1725 560 1765 5,
586 1724 605 1757 7
631 1728 717 1758 Cum
742 1726 797 1757 vel
824 1737 924 1757 nunc.

655 1848 725 1884 129.
761 1849 841 1891 (19.)
876 1848 983 1884 Feria
1008 1848 1184 1884 Secunda.

791 1909 842 1940 Ad
868 1909 1050 1949 vesperas.

144 1989 178 2029 1.
211 1988 383 2027 Secunda
416 1990 554 2027 desinit
954 1991 991 2027 3.

265 2051 368 2084 aetas
398 2046 435 2084 in
466 2047 676 2088 Abraham,

207 2104 265 2140 Ac
296 2103 326 2139 si
357 2103 430 2140 iam
463 2109 611 2140 ventum
644 2104 693 2139 sit.

263 2160 311 2196 ad
343 2160 554 2209 pueritiam,

210 2215 292 2254 Non
325 2217 421 2254 hanc
454 2218 633 2254 diluvium

262 2278 422 2311 aetatem
452 2274 574 2321 diluit,

206 2329 297 2367 Cum
329 2331 512 2378 pueritiae

261 2387 416 2435 quisque
447 2387 674 2426 meminerit.

137 2469 173 2505 2.
205 2467 286 2504 Hae
316 2466 593 2506 firmamentum
622 2471 678 2504 est
948 2469 985 2507 4.

258 2524 296 2561 in
328 2525 389 2562 die
420 2525 625 2570 eonditum,

204 2581 255 2619 Ut
285 2592 400 2628 aquas
433 2581 580 2619 dividat

259 2637 316 2675 his
346 2638 624 2685 interpositum,

202 2695 235 2732 A
268 2695 567 2742 compluentibus

258 2756 295 2788 et
325 2752 597 2789 inundantibus

201 2808 321 2855 Aquis
353 2809 539 2846 consuluit

257 2876 345 2902 area
374 2865 562 2903 fidelibus

1025 1989 1108 2026 Non
1142 1991 1217 2027 Dei
1247 1991 1427 2038 populum

1080 2046 1173 2084 haee
1202 2053 1306 2085 aetas
1337 2049 1477 2098 genuit,

1024 2103 1134 2150 Legis
1164 2104 1364 2141 instructio

1079 2171 1161 2198 eum
1194 2161 1358 2199 nondum
1390 2160 1518 2211 fuerit,

1022 2217 1102 2254 Nec
1134 2218 1232 2255 vires
1263 2222 1469 2265 suppetunt

1076 2274 1254 2321 gignendi
1285 2285 1416 2323 puero,

1019 2331 1103 2368 Etsi
1134 2332 1355 2368 memoriam

1076 2388 1150 2425 iam
1182 2387 1305 2425 firmet
1336 2388 1472 2427 animo.

1019 2468 1109 2504 Post
1140 2467 1261 2504 lucem
1292 2466 1382 2505 fidei

1073 2534 1160 2570 spes
1191 2535 1258 2561 nos
1291 2524 1511 2562 corroborat

1018 2581 1070 2618 Et
1095 2581 1169 2618 iam
1200 2581 1248 2618 ad
1281 2580 1395 2618 fortia

1075 2638 1290 2675 credentem
1322 2638 1476 2685 animat,

1019 2694 1070 2733 Ut
1101 2704 1169 2742 spe
1200 2695 1415 2732 caelestium

1075 2755 1112 2788 et
1141 2762 1252 2789 verae
1281 2752 1424 2799 gloriae

1018 2810 1096 2846 Iam
1129 2812 1262 2845 cuneta
1293 2808 1430 2846 toleret

1072 2866 1180 2902 huius
1211 2865 1397 2903 miseriae.
