1914 3223
272 989 337 1027 10.

272 1271 337 1310 15.

275 1555 342 1593 20.

275 1838 343 1877 25.

278 2121 344 2160 30.

281 2405 347 2442 35.

282 2687 350 2725 40.

838 138 1116 178 —27—

666 304 713 339 15.
750 304 830 346 (11).
870 305 916 339 lle
943 305 1068 339 sancto
1094 302 1291 350 Eparchim

892 375 1060 406 Lectio.

368 479 556 524 Tempora
587 478 713 523 prisca
746 477 848 514 Deus
880 478 1020 514 sanctis
1051 477 1248 524 insigniter
1279 476 1386 513 almis

367 535 633 573 Condecorans
666 534 843 570 mundum
877 534 1063 580 quondam
1096 533 1279 582 respersit
1309 533 1517 577 honestum,

368 590 526 628 Florida
557 600 624 627 ceu
655 595 806 636 pratum
840 590 1049 637 distingunt.
1080 591 1249 636 germina
1279 589 1492 635 pulchrum,

368 648 501 685 Clarus
534 647 701 693 Appollo
733 648 830 684 calet
861 647 984 683 medio
1018 647 1105 683 dum
1136 646 1277 683 vertice
1308 646 1414 691 caeli,

328 735 335 743 .
367 706 424 742 Ac
456 703 551 741 bene
581 703 700 741 mixta
730 704 825 740 rosis
858 703 1025 740 albentia
1055 703 1136 740 lilia
1166 702 1291 739 rubris

370 759 553 798 Inflorant
582 759 694 797 nitidi
725 760 887 810 sparsim
919 760 1076 797 violaria
1108 759 1243 806 campi,

369 817 431 855 Sic
463 817 566 854 Deus
597 816 773 863 astrigeri
804 821 1002 863 rectorque
1034 821 1182 853 creator
1212 815 1362 862 Olympi

368 873 754 912 Ordine-sanctorum
783 873 962 910 mundum
995 873 1190 909 decoravit
1220 882 1428 912 amoenum,

368 930 560 977 Principio
591 930 893 977 patriarcharum
925 930 1060 966 chorus
1091 929 1156 965 ille
1187 928 1319 965 beatus

371 986 540 1033 Sumpsit.
568 986 615 1023 ab
647 986 738 1023 orbe
770 990 895 1034 caput,
928 986 1030 1023 claro
1063 985 1110 1022 de
1140 985 1306 1032 germine
1338 987 1521 1031 comptus.

366 1043 462 1081 Inde
493 1043 716 1090 prophetica
747 1043 938 1090 consurgit
968 1043 1032 1080 lux
1066 1043 1186 1079 altera
1217 1041 1345 1087 saecli,

369 1100 502 1138 Contio
532 1104 590 1136 ter
621 1100 782 1137 Domino
813 1100 992 1147 Sanctus,
1023 1102 1180 1137 sanctus
1212 1107 1357 1145 quoque
1387 1100 1545 1135 sanctus

369 1156 613 1195 Coniubilans
645 1157 826 1204 sequitur,
859 1157 994 1194 rutilus
1026 1166 1118 1202 quos
1150 1155 1283 1192 ordine
1314 1165 1456 1192 summo

369 1213 508 1252 Coetus
539 1213 781 1260 apostolicus,
815 1211 916 1250 fama
946 1223 1060 1259 super
1091 1212 1245 1249 aethera
1276 1215 1398 1249 notuS.

369 1270 482 1316 Ecce,
517 1270 686 1307 coronati
716 1270 823 1307 lauro
855 1270 1054 1316 palmaque
1088 1268 1237 1305 venusti

370 1326 588 1363 Procedunt
618 1327 764 1363 alacres
795 1326 956 1364 Domino
987 1336 1056 1372 per
1088 1323 1222 1362 funera
1253 1327 1380 1360 testes.

370 1383 519 1421 Emicat
549 1383 639 1420 inde
669 1383 908 1419 sacerdotum
941 1382 1004 1430 pia
1035 1386 1160 1418 turma
1191 1381 1372 1417 bonorum

369 1439 638 1477 Mortificando
669 1440 746 1476 suis
777 1440 956 1476 mundum
988 1449 1057 1486 per
1089 1448 1250 1484 corpora
1280 1435 1471 1473 membris.

372 1497 472 1542 Quos
502 1496 602 1532 inter
632 1496 786 1543 renites,
820 1496 927 1532 miles
959 1496 1033 1532 iam
1066 1493 1175 1531 fortis
1206 1492 1387 1540 Eparchi,

373 1552 538 1590 Divitias
569 1563 752 1599 spernens
780 1553 895 1590 saecli
926 1563 994 1599 pro
1026 1551 1175 1589 nomine
1206 1549 1348 1588 Christi

373 1609 675 1657 Pauperiemque
707 1620 878 1656 sequens,
913 1609 1005 1646 caeli
1037 1619 1110 1655 quo
1140 1607 1294 1644 numina
1323 1615 1454 1652 posses

373 1666 557 1714 Tangere,
591 1666 769 1703 virtutum
805 1667 892 1703 dote
922 1666 1097 1702 redimite
1129 1663 1324 1708 bonarum,

374 1721 609 1769 Pauperibus
640 1723 780 1769 largus,
813 1722 1005 1760 monachis
1036 1731 1183 1768 quoque
1214 1729 1363 1766 semper
1392 1717 1589 1767 amandus,

373 1779 560 1826 Moribus,
593 1779 775 1827 exemplis
807 1778 947 1816 formas
979 1789 1071 1825 quos
1102 1777 1243 1824 optime
1273 1775 1427 1821 sanctis,

375 1836 438 1874 Ad
470 1836 585 1873 vitam
617 1846 798 1873 revocans
830 1836 961 1873 mortis
991 1836 1029 1872 in
1062 1833 1195 1871 funera
1224 1842 1380 1879 mersos,

375 1892 536 1930 Lumina
567 1893 770 1930 restituens
802 1893 999 1940 caecisque
1032 1891 1168 1928 viatica
1199 1889 1358 1936 claudis,

374 1949 555 1987 Morbida
584 1960 793 1996 persanans
825 1960 1020 1996 aegrorum
1053 1947 1156 1984 milia
1186 1946 1338 1993 passim.

376 2007 502 2052 Unde,
535 2006 743 2053 Egolisma‚
776 2006 904 2053 places
932 2010 1038 2042 tanto
1068 2003 1220 2040 suffulta
1251 2008 1411 2049 patrono

376 2063 540 2109 Plusque
570 2063 674 2100 vales
705 2063 825 2100 sancti
859 2062 1002 2099 meritis
1034 2072 1143 2107 quam
1176 2058 1343 2096 turribus
1374 2057 1475 2096 altis,

378 2119 612 2166 Suppliciter
640 2130 726 2156 nam
759 2120 926 2166 quisquis
959 2118 1039 2156 adit
1070 2117 1254 2154 tumulata
1285 2113 1437 2160 benigni

374 2175 550 2214 Membra
580 2177 701 2223 patris
733 2176 842 2225 sacri,
877 2176 953 2213 voti
986 2174 1057 2212 sibi
1091 2184 1244 2220 compos
1275 2170 1425 2209 abunde

376 2231 556 2271 Efficitur
586 2233 754 2280 gaudens
785 2233 899 2270 aedes
929 2231 1178 2278 propriasque
1207 2228 1352 2273 revisit⁷

378 2290 478 2327 Hinc
509 2289 656 2327 animae
688 2288 858 2326 referens
888 2289 976 2325 hinc
1007 2287 1176 2334 corporis
1206 2290 1318 2332 atque
1347 2283 1546 2321 medelam.

379 2347 495 2393 Quam
526 2346 676 2383 miseris
706 2346 852 2383 tribuas
880 2345 1001 2392 nobis7
1034 2355 1054 2381 0
1086 2343 1186 2380 mitis
1217 2340 1399 2388 Eparchi‚

379 2403 555 2440 Pondere
585 2403 649 2449 qui
680 2403 864 2439 scelerum
896 2402 1054 2438 iacimur
1084 2400 1164 2437 sine
1194 2398 1267 2435 fine
1297 2397 1493 2442 malorum,

378 2456 562 2497 Labimur
600 2460 798 2497 undisonis
830 2459 954 2496 saeclo
986 2462 1023 2494 et
1055 2457 1228 2493 volvente
1259 2452 1451 2501 procellis.

379 2516 486 2553 Haec
516 2516 600 2559 tibi,
633 2520 762 2553 sancte
793 2519 914 2562 pater,
948 2514 1126 2559 canimus,
1159 2522 1253 2558 quae
1286 2509 1382 2546 ferto
1412 2508 1587 2546 libenter.

383 2572 440 2609 Sit
470 2573 629 2619 veniale,
662 2572 716 2609 tui
747 2576 926 2620 reputant
954 2570 1051 2607 male
1082 2570 1111 2606 si
1145 2568 1235 2616 quid
1266 2566 1418 2615 alumni,

382 2629 479 2666 Nam
510 2629 666 2675 psalmis
699 2629 847 2665 canitur
876 2628 1043 2664 mendax
1073 2626 1197 2663 omnis
1228 2624 1338 2661 homo
1371 2621 1502 2659 sacris.

383 2685 526 2731 Quodsi
559 2685 672 2732 digna
703 2685 776 2722 tuis
808 2684 1006 2721 reboamus
1038 2683 1202 2720 carmina
1233 2679 1406 2728 sceptris,

383 2742 488 2779 Haec
519 2741 589 2778 tibi
619 2752 780 2788 semper,
813 2741 972 2778 amande
1002 2740 1095 2778 Deo,
1129 2739 1201 2774 sint
1234 2736 1432 2783 praestita,
1465 2733 1571 2771 cordi

383 2799 545 2836 Munera
575 2808 670 2845 quae
700 2799 875 2845 placeant
906 2797 1024 2833 oculis
1055 2796 1302 2842 placeantque
1334 2791 1488 2829 serenis.

385 2854 504 2892 Nobis
537 2859 697 2901 quantus
728 2865 834 2891 amor
865 2854 911 2891 de
941 2859 978 2890 te
1009 2853 1057 2889 sit
1089 2850 1265 2889 cordibus
1296 2849 1394 2896 imis,
