1914 3223
683 220 734 224 -
795 195 877 235 419
943 221 987 226 -

76 314 112 352 3.
144 311 291 350 Mariae
319 321 406 358 spes
443 321 514 347 nou
545 310 672 357 periit..

140 367 252 405 Plebs
283 370 364 404 tota
393 368 564 413 quamvis
594 367 701 415 abiit,

73 449 76 453 -
138 424 245 462 Haec
275 424 356 461 sola
386 423 499 462 fidem
531 424 653 460 tenuit

140 481 318 528 Sperans‚
351 481 452 527 quod
483 481 565 527 ipse
597 481 748 521 dixerit.

69 596 107 635 4.
139 594 169 632 Ο
198 593 390 630 lucernam
423 593 684 638 clarissimam,

137 652 240 698 Quae
278 654 395 687 totam
426 650 558 687 mundi
588 650 800 688 machinam

139 707 409 746 Obumbratam
441 707 602 753 ealigine

138 763 212 801 Suo
244 763 431 800 lustrabat.
462 763 623 800 lumine!

889 315 927 351 5.

887 596 924 634 6.

959 313 1118 350 Ramum
1150 310 1322 348 columba
1355 310 1530 348 deferens

958 369 1040 406 Noe
1073 368 1219 415 signum
1235 368 1474 405 ‚clementiae

957 423 1104 462 Mariae
1133 430 1263 471 typum
1295 429 1478 472 gesserat,

959 483 1072 528 Spem
1104 481 1295 518 afferentis
1327 482 1471 520 veniae.

956 595 1148 632 Memento
1180 595 1312 638 nostri,
1346 594 1510 644 domina,

958 651 1118 688 Nostras
1149 655 1293 687 mentes
1324 651 1481 697 irradia,

956 707 1032 754 Spe
1063 706 1185 754 firma,
1218 706 1295 744 fide
1325 708 1473 754 integra

955 764 1007 801 Et
1039 764 1197 800 caritate
1229 762 1392 805 fervida,

140 873 179 915 3,
214 874 236 908 4
261 876 396 907 dixerat
420 875 622 917 Klemming
645 884 755 917 gegen
780 877 877 908 seine
903 876 1036 915 Quelle.
1064 893 1106 898 —
1132 874 1172 914 4,
1209 874 1222 907 1
1251 877 1394 908 lucerna
1419 877 1618 910 clarissima

53 923 124 955 BD.
161 938 199 943 —
234 921 435 963 Klemming
464 922 514 958 ΙΙ,
552 918 614 952 140
645 931 677 952 u.
710 921 731 952 f.
765 938 808 944 —
842 921 1038 953 Sabbato
1072 921 1116 953 ad
1149 922 1248 954 Noet.
1281 922 1342 954 der
1377 923 1555 964 Hymnus:
1591 925 1619 952 f)

53 968 256 1011 gloriosa
281 966 477 1008 domina,
504 966 606 999 Anal.
632 967 677 1004 ΙΙ,
704 967 764 998 Nr.
791 965 845 1005 27,
871 966 938 999 Str.
964 965 984 998 5
1009 967 1041 998 tl'.

618 1150 700 1187 386.
737 1151 818 1193 (25.)
854 1151 1048 1187 Sabbato.

702 1234 769 1271 Ad
797 1233 969 1273 Laudes.

69 1361 105 1400 1.
137 1359 223 1397 Non
253 1369 387 1406 passus
419 1362 477 1395 est
507 1369 573 1396 rex
605 1359 748 1406 gloriae

137 1413 284 1463 Corpus
311 1415 442 1452 matris
474 1420 704 1464 putrescere,

134 1473 194 1510 Ex
225 1484 297 1519 quo
327 1472 495 1519 suscepit
525 1472 698 1520 hostiam,

137 1529 217 1575 Qua
248 1540 430 1566 summam
461 1530 596 1576 pandit
624 1529 797 1576 gratiam.

65 1644 103 1682 2.
133 1643 250 1680 Immo
281 1643 384 1680 vexit
415 1653 498 1680 curn
525 1643 651 1680 anima

136 1699 219 1737 Hoc
249 1700 288 1737 in
319 1699 414 1736 caeli
444 1699 600 1746 palatia,

136 1755 405 1803 Suscepturum
436 1756 619 1803 perennia

137 1813 226 1850 Cum
256 1813 427 1850 trinitate
458 1813 609 1861 gaudia,

886 1361 924 1398 3.
958 1360 1009 1398 Ut
1041 1359 1140 1395 sieut
1170 1363 1250 1396 tota
1280 1360 1431 1396 trinitas

883 1645 925 1682 4.

957 1415 1076 1453 Simul
1107 1416 1247 1454 mansit
1276 1415 1315 1452 in
1343 1416 1502 1465 virgine,

955 1473 1015 1510 Ita
1047 1483 1130 1509 cum
1161 1473 1245 1519 ipsa
1276 1473 1429 1510 sisteret

955 1529 1053 1566 Tota
1083 1529 1189 1576 virgo
1219 1529 1300 1566 sine
1330 1529 1416 1570 fine.

956 1642 1058 1679 Hinc
1089 1643 1249 1689 plaudat
1279 1643 1364 1680 aula
1397 1643 1550 1690 caelica,

952 1699 1089 1736 Mundi
1122 1700 1286 1736 laetetur
1316 1701 1503 1749 machina,

954 1756 1084 1794 Omnis
1116 1755 1264 1794 factura
1294 1757 1429 1794 iubilet

954 1813 1180 1860 Laudesque
1210 1814 1291 1850 Deo
1322 1819 1513 1860 personet.

472 1928 509 1963 5.
543 1926 774 1972 Linguarum
804 1926 911 1963 nulla
940 1926 1061 1975 sileat,

543 1982 624 2019 Nec
654 1982 850 2020 iubilando
880 1987 1032 2028 torpeat

539 2039 664 2077 Ullius
696 2050 774 2085 eor,
808 2039 876 2076 sed
905 2039 1082 2088 gaudeat,

540 2096 594 2134 Ut
625 2096 707 2133 Deo
737 2100 864 2143 grates
896 2095 1052 2134 referat.

138 2204 171 2245 2,
198 2205 214 2238 1
239 2208 350 2240 vescit
375 2208 412 2240 C.
439 2225 482 2229 —
507 2205 540 2247 3,
568 2206 583 2239 l
612 2208 659 2240 Et
683 2209 774 2239 sicut
798 2208 843 2239 D.
868 2227 911 2230 —
936 2208 1138 2251 Klemming
1162 2209 1207 2247 ΙΙ,
1237 2206 1311 2241 132.
1339 2226 1381 2230 -

613 2393 695 2428 337.
731 2393 812 2435 (26.)
850 2392 1044 2429 Sabbato.

710 2476 776 2514 Ad
804 2477 952 2516 Horas.

69 2599 105 2638 1.
138 2599 263 2648 Virgo,
294 2604 511 2647 pascentem
542 2601 695 2648 angelos

137 2655 187 2692 Et
215 2661 486 2694 sustentantem
516 2659 643 2695 omnia.

136 2711 237 2757 Quae
266 2714 416 2761 pavisti,
448 2726 516 2751 nos
546 2715 712 2761 pupillos

137 2767 222 2806 Non
251 2770 410 2817 linquas,
444 2771 557 2818 plena
587 2772 721 2818 gratia.

876 2604 914 2640 2.
946 2604 981 2639 A
1012 2606 1076 2639 tuo
1108 2602 1208 2640 celso
1240 2602 1334 2639 solio

948 2659 1002 2695 Te
1033 2659 1270 2705 requirentes
1302 2660 1463 2706 respice,

950 2717 1082 2760 Pasce,
1114 2716 1252 2763 solare,
1285 2715 1362 2752 filio

949 2772 1030 2809 Tuo
1062 2772 1217 2809 devotos
1249 2771 1370 2809 effice.

143 2876 170 2916 l,
196 2877 216 2910 3
241 2890 310 2912 non
335 2882 488 2923 pupillos
513 2883 556 2921 D,
582 2894 645 2914 nos
672 2883 818 2925 pusillos
845 2884 882 2915 C.
906 2901 950 2904 —
975 2884 1174 2925 Klemming
1198 2884 1242 2922 ΙΙ,
1274 2881 1345 2915 151.
1371 2901 1416 2904 -
1441 2883 1493 2915 Ad
1511 2885 1617 2927 Vesp.

55 2921 115 2955 der
139 2924 314 2964 Hymnus:
343 2927 372 2959 Ο
404 2938 528 2970 quam
562 2929 781 2970 glorifica
814 2929 914 2960 luce
947 2940 1178 2967 eoruscas,
1214 2929 1315 2960 Anal.
1342 2930 1387 2966 ΙΙ,
1412 2925 1465 2961 40.

1337 2984 1408 3017 27*
