2031 3289
983 156 1291 196 —414—

851 322 933 359 371.
969 322 1050 363 (10.)
1081 322 1202 358 Feria
1223 320 1419 358 Secunda.

942 404 1008 442 Ad
1039 403 1351 452 Oompletorium,

375 524 412 562 1.
445 523 628 561 Caelestis
660 526 741 559 erat
771 522 875 559 curia
1189 524 1227 561 3,
1259 523 1302 559 In
1334 522 1433 559 valle
1465 521 1590 559 virens
1620 521 1740 573 lilium

447 579 619 617 Pulchris
651 579 798 625 repleta
828 577 997 624 floribus,
1260 578 1390 616 Crevit
1420 588 1466 615 ex
1497 578 1601 614 cuius
1632 578 1785 626 semine,

444 636 538 673 Pars
569 646 667 672 nona
697 646 854 681 quorum
887 635 1049 672 marcuit
1258 635 1402 671 Montis
1432 635 1504 671 Dei
1536 632 1727 681 fastigium

444 692 503 729 Ex
534 691 720 738 aquilonis
753 690 863 730 furia.
1259 690 1409 728 Decoro
1439 689 1550 727 floret
1581 691 1759 737 germine.

380 796 418 832 2.
450 793 551 830 Hinc
580 796 708 829 austro
738 791 853 829 flante
882 792 1034 838 placido
1194 795 1234 831 4.
1267 792 1426 840 Christe,
1459 802 1584 828 semen
1616 791 1868 838 peroptimum

447 849 576 885 Tellus
607 848 753 895 rigatur
783 849 924 885 sterilis
1265 848 1427 886 Pulchre
1457 846 1627 885 florentis
1657 847 1739 897 lilii,

447 905 574 943 Imbre
605 915 693 941 vere
724 904 905 950 salvifico⁷
1266 904 1386 941 Nobis
1416 909 1455 941 te
1484 904 1607 951 ipsum
1639 905 1762 940 insere

447 963 521 1000 Per
550 971 660 1008 quem
690 960 806 998 fiebat
837 960 989 999 fertilis.
1264 961 1401 998 Dando
1433 959 1595 998 fructum
1626 960 1769 998 solacii.

455 1060 482 1100 1,
502 1059 523 1093 3
535 1061 621 1093 Pars
635 1071 726 1093 nova
740 1062 782 1093 D.
797 1078 842 1083 ——-
854 1059 884 1100 2,
904 1058 925 1093 3
938 1061 1053 1093 Imber
1065 1061 1109 1092 D.
1124 1078 1167 1083 --
1179 1059 1211 1101 4,
1230 1059 1246 1092 1
1262 1062 1342 1102 Ipse
1356 1071 1473 1093 semen
1485 1062 1528 1092 D.
1542 1079 1586 1082 -—
1599 1061 1799 1103 Klemming
1809 1060 1854 1099 11,
1871 1057 1926 1092 36.

880 1227 962 1263 372.
998 1228 1078 1270 (11.)
1114 1227 1235 1263 Faria
1260 1227 1411 1264 Tertia.

971 1311 1038 1349 Ad
1065 1308 1322 1351 Nocturnum.

383 1431 421 1469 1.
452 1429 645 1476 Deceptae
675 1428 792 1466 verbo
823 1429 990 1476 coniugis
1200 1431 1236 1468 3.
1269 1429 1499 1467 Immortalis
1530 1429 1593 1479 qui
1624 1427 1760 1474 fuerat,

453 1486 602 1523 Primus
633 1486 744 1523 homo
776 1487 1014 1522 consentiens
1267 1487 1409 1524 Factus
1440 1490 1497 1522 est
1527 1486 1638 1522 morti
1670 1485 1834 1532 deditus,

455 1542 578 1579 Stulte
607 1542 719 1579 iussis
757 1542 953 1579 dominicis
1270 1541 1342 1579 Vir
1372 1541 1452 1579 fere
1483 1552 1636 1588 compar
1665 1542 1807 1589 angelis

452 1598 594 1636 Factus
625 1603 683 1635 est
711 1598 970 1639 inoboediens,
1270 1599 1406 1636 Mundi
1438 1597 1604 1635 ferarum
1635 1598 1771 1636 socius.

385 1702 424 1739 2.
456 1700 530 1737 Hic
561 1701 701 1737 eiectus
731 1706 789 1739 est
818 1701 956 1738 misere
1201 1703 1237 1740 4.
1270 1701 1370 1737 Huic
1399 1700 1502 1737 Deus
1533 1700 1754 1748 intellegere

454 1758 489 1794 A
521 1757 690 1803 paradisi
722 1758 854 1806 gloria,
1271 1757 1400 1797 Dedit,
1433 1757 1532 1804 quod
1563 1758 1667 1794 nasci
1698 1757 1816 1795 voluit

451 1814 637 1851 Mundum
669 1819 820 1850 coactus
848 1814 970 1850 visere
1270 1814 1330 1850 Ex
1361 1825 1434 1850 una
1465 1814 1569 1850 clara.
1600 1813 1766 1861 virgine;

456 1870 630 1908 Vivendo
660 1870 699 1907 in
730 1871 902 1917 penuria.
1271 1870 1369 1907 Nam
1401 1880 1440 1907 se
1470 1880 1648 1916 peccasse
1681 1870 1813 1908 doluit.

463 1968 493 2010 2,
523 1968 538 2001 1
564 1971 670 2002 miser
695 1971 731 2003 C.
757 1988 801 1992 —
825 1970 1026 2012 Klemming
1050 1971 1096 2011 ΙΙ,
1122 1968 1164 2002 37
1190 1981 1222 2002 u.
1249 1971 1270 2002 f.

896 2138 977 2174 373.
1013 2138 1093 2180 (12.)
1117 2138 1236 2173 Feria
1260 2138 1413 2174 Tertia.

1022 2220 1088 2258 Ad
1116 2220 1286 2259 Laudes.

391 2333 427 2371 1.
459 2332 602 2370 Dolens
634 2332 756 2369 Adam
790 2343 835 2369 ex
867 2332 1019 2379 famine,
1205 2336 1242 2372 3.
1275 2333 1390 2370 Luxit
1419 2343 1573 2370 uxorem
1604 2333 1799 2379 propriam

457 2390 564 2436 Quod
598 2389 701 2426 Evae
731 2399 886 2436 serpens
919 2390 1052 2431 edidit,
1276 2391 1410 2427 Fuisse
1439 2390 1760 2436 superbissimam,

459 2446 608 2492 Lugens
641 2456 687 2482 ex
718 2446 974 2492 paenitudine.
1275 2446 1454 2483 Gaudens
1487 2446 1690 2492 praescivit
1722 2445 1838 2483 filiam

459 2503 566 2548 Quod
598 2502 681 2549 ipsa
712 2502 783 2539 sibi
816 2503 992 2546 credidit,
1276 2503 1319 2539 In
1349 2503 1520 2539 omnibus
1550 2503 1810 2540 humillimam.

392 2606 430 2642 2.
463 2604 626 2641 Gavisus
658 2608 715 2640 est
747 2604 793 2640 de
824 2604 981 2650 virgine,
1208 2605 1247 2642 4.
1279 2605 1381 2650 Quae
1411 2614 1480 2650 per
1510 2603 1788 2641 oboedientiam

461 2662 578 2705 Quam
610 2660 713 2697 novit
746 2660 864 2697 Deum
897 2670 1045 2706 parere,
1281 2660 1383 2697 Caeli
1413 2665 1543 2706 portas
1573 2661 1734 2707 aperuit,

465 2717 703 2763 Suggestoris
734 2717 958 2764 intellegens
1277 2718 1378 2763 Quas
1408 2723 1529 2754 mater
1559 2728 1628 2763 per
1657 2715 1873 2762 superbiam

464 2774 601 2810 Verbis
624 2773 720 2810 hanc
740 2785 928 2820 nunquam
952 2773 1120 2811 eredere.
1279 2773 1432 2812 Cunctis
1462 2773 1660 2820 praecludi
1691 2773 1839 2809 meruit.

466 2870 495 2913 2,
515 2870 535 2903 3
554 2873 812 2914 Suggestorum‚
830 2873 1029 2915 Klemming
1045 2883 1156 2916 gegen
1174 2874 1270 2905 seine
1289 2873 1422 2912 Quelle.
1442 2890 1485 2894 ——
1502 2873 1701 2917 Kleinmiug
1718 2875 1763 2912 II,
1785 2871 1849 2905 123
1867 2883 1899 2905 u.
1914 2872 1940 2904 f.
2005 2877 2012 2903 2
