1914 3223
696 230 741 233 >-
805 207 886 246 465
949 230 996 234 -—

520 397 601 433 450.
637 397 698 437 (5.)
730 397 786 431 De
814 396 943 431 Beata
968 395 1099 430 Maria
1125 396 1170 432 V.
1219 410 1222 411 ⁷

108 534 117 550 ‚
150 501 289 544 Frater
319 514 399 551 ego,
432 503 494 550 qui
525 514 599 539 non
630 512 724 549 nego
896 504 933 539 3.
969 498 1093 539 Iesum
1118 500 1321 549 Christum,
1349 500 1477 536 mitem
1498 499 1626 549 istum,

207 561 272 599 Me
302 570 480 609 peccasse
511 558 726 606 plurimum,
1024 557 1053 594 Ο
1086 557 1216 604 regina
1246 556 1402 603 gloriae,

150 614 271 665 Rogo,
303 617 367 664 pia
397 628 419 653 o
451 615 588 656 Maria.
971 610 1028 651 Ex
1061 617 1097 649 te
1129 617 1271 661 natum,
1303 617 1380 650 tam
1412 611 1562 650 beatum

204 674 319 712 Placa
350 673 441 710 mihi
471 672 603 717 filium,
1028 671 1126 708 Puro
1158 670 1274 706 corde
1306 670 1475 716 colimus,

148 727 214 771 Ad
227 728 807 778 quemtendam‚uttremenslam
970 723 1110 773 Regem
1141 736 1270 763 verum
1302 730 1415 773 atque
1446 736 1571 763 rerum

204 787 377 825 Evadam
409 786 646 823 sententiam.
1026 783 1246 821 Creatorem
1278 783 1456 821 omnium.

109 920 117 928 .
150 883 210 926 Tu
240 897 280 924 es
310 887 389 932 illa⁷
422 896 518 933 quae
551 886 717 922 mamiila
897 887 935 923 4.
969 882 999 923 Ο
1032 884 1168 933 Maria,
1200 888 1322 921 mater
1352 885 1427 931 pia,

205 943 344 980 Filium
381 943 606 990 lactaveras‚
1027 941 1110 978 Hoc
1138 953 1160 978 a
1191 944 1228 977 te
1261 941 1512 991 deposcimus,

151 996 204 1040 Et
233 1001 264 1037 si
297 1000 400 1036 mille
431 1000 542 1048 petis,
573 999 639 1035 ille
971 995 1025 1037 Nc
1056 997 1168 1035 saluti
1201 997 1366 1034 restituti

207 1056 271 1094 Nil
304 1067 441 1104 negare
471 1056 630 1105 poterit3
1024 1054 1102 1091 Nos
1134 1064 1333 1101 peccemus
1364 1055 1524 1101 iterum;

148 1109 256 1161 Rogo
287 1123 389 1162 ergo,
421 1123 530 1150 sacra
560 1113 681 1159 virgo,
967 1108 1055 1150 Iesu
1086 1111 1194 1160 bone,
1227 1111 1283 1148 sic
1315 1111 1486 1161 dispone,

205 1170 271 1208 Me
302 1174 339 1207 et
368 1180 497 1207 omnes
529 1169 679 1206 adiuva.
1027 1168 1076 1206 Ut
1106 1173 1267 1205 matrem
1296 1167 1527 1215 rogavimus,

486 1273 523 1310 5.
558 1267 674 1309 Maris
706 1270 830 1315 stella,
864 1270 1070 1317 interpella

612 1328 748 1372 Iesum,
782 1332 886 1364 tuum
916 1326 1048 1372 filium,

557 1379 609 1423 Ut
640 1382 750 1421 finita
782 1384 906 1421 carnis
938 1384 1017 1422 vita

615 1441 658 1477 In
690 1440 845 1478 caelesti
874 1441 1001 1489 patria

557 1494 682 1536 Simus
713 1498 795 1534 siue
826 1507 977 1544 semper
1006 1496 1081 1534 fine

614 1554 770 1592 Gloriae
800 1554 1021 1601 participes.

159 1656 302 1690 Collect.
339 1665 401 1688 ms.
439 1655 702 1687 Lunaelacense
738 1665 827 1687 saec.
870 1653 920 1686 15.
978 1655 1061 1688 Cod.
1099 1657 1342 1689 Vindobonen.
1382 1653 1482 1689 3604.
1514 1656 1556 1689 A.
1589 1673 1634 1680 —·

72 1702 213 1736 Collect.
231 1712 293 1734 ms.
311 1701 372 1734 SS.
390 1700 548 1734 Udalrici
567 1705 602 1733 et
618 1701 722 1732 Afrae
741 1702 824 1732 anni
845 1698 942 1732 1481.
982 1701 1069 1734 Clm.
1088 1702 1270 1734 Monacen.
1290 1700 1378 1735 4423
1395 1703 1435 1734 Β.
1453 1719 1498 1724 -
1517 1702 1638 1744 „Haec

71 1747 285 1780 leronimus“
312 1748 340 1779 Β
366 1747 424 1779 fol.
454 1744 515 1779 131
536 1747 568 1778 b.
594 1764 638 1768 —
661 1746 908 1778 Acrostiehon:
935 1747 1086 1779 Frater
1118 1748 1382 1780 Ieronimus.

517 1937 599 1974 451.
635 1938 694 1980 (6.)
730 1937 858 1982 Super
884 1938 1003 1974 Salve
1030 1938 1202 1982 Regina.

335 2043 370 2082 1.
401 2042 524 2093 Salve,
557 2044 705 2093 regina,
740 2043 809 2080 sub
840 2048 904 2080 tuo
935 2044 1117 2090 regimine

396 2100 568 2138 Militare
599 2100 808 2148 cupientes,
842 2111 864 2136 o
897 2100 1062 2150 domina,

398 2156 486 2194 Tibi
517 2168 585 2194 nos
616 2161 717 2194 totos
751 2157 1034 2202 committimus,
1065 2163 1107 2194 ut
1137 2161 1274 2205 mente,

399 2213 566 2261 Corpore
597 2224 745 2260 quoque
776 2224 885 2260 regas
916 2225 985 2251 nos
1016 2214 1201 2262 totaliter,

398 2270 580 2308 Reotores
611 2281 772 2317 namque
802 2281 929 2307 sumus
961 2281 1028 2308 nos
1061 2271 1227 2310 inutiles.

329 2373 368 2410 2.
401 2371 698 2410 Misericordiae
725 2370 809 2408 fons
841 2377 944 2408 recte
978 2373 1117 2410 ‹liceris

397 2428 468 2475 Eo,
500 2428 599 2475 quod
631 2428 701 2465 tibi
733 2429 970 2466 commissum
1002 2428 1168 2466 officium

399 2484 471 2522 Est
501 2485 727 2532 miserendi3
760 2484 860 2522 absit
890 2496 991 2531 (ξι-ἕο,
1026 2486 1192 2532 domina,

402 2542 456 2580 Ut
487 2541 753 2589 desperemus;
788 2541 1010 2579 confidimus
1043 2543 1166 2589 potius

403 2597 553 2635 Salvari
583 2608 652 2645 per
682 2603 782 2635 tuam
815 2598 1130 2638 misericordiam.

336 2700 372 2740 3.
408 2699 509 2745 Vita,
542 2699 698 2738 dulcedo
730 2703 763 2737 et
791 2711 876 2746 spes
906 2703 1041 2738 nostra
1072 2700 1215 2739 solida:

404 2755 505 2802 Vita,
536 2756 624 2803 quia
655 2759 695 2792 tu
724 2762 892 2793 mortuos
925 2756 1107 2803 vivificas,

402 2811 574 2850 Dulcede
604 2823 660 2857 eo,
693 2813 792 2859 quod
822 2814 1113 2850 amaritudinem

403 2868 557 2906 Peccati
588 2869 713 2916 pellis,
746 2880 833 2916 spes
865 2880 922 2919 eo,
953 2871 1053 2916 quod
1085 2869 1154 2906 filii

404 2924 475 2962 Tui
506 2925 585 2962 cari
615 2937 742 2963 sumus
775 2926 963 2973 redempti
995 2927 1188 2974 sanguine.

148 2988 316 3025 Droves,
336 2992 583 3028 Hymnographi
603 2993 722 3020 Latini.
761 2994 786 3020 Ι.
1391 2989 1437 3025 30
