1914 3223
61 282 138 316 na:
166 278 321 316 Clausus
352 285 503 313 carcere

122 380 126 383 ²
159 334 433 380 Oculorumque
463 331 600 368 lumine

215 392 291 428 Iam
324 389 504 436 privatim,

158 447 270 494 Quasi
301 445 456 493 geminis

159 504 221 541 Ad
252 503 388 540 molam
419 501 559 538 sudans
590 500 756 537 tenebris

216 560 284 597 Est
312 568 525 605 oppressus,

162 616 286 653 Ludos
318 614 476 652 Martios

164 673 250 710 Plus
281 680 456 708 exercere
486 670 624 719 solitos·

218 728 374 774 Frangit
402 731 518 766 artus.

776 156 858 199 229

869 273 941 311 3b.
975 272 1053 309 Hos
1085 271 1227 308 cibario

972 329 1042 365 Vix
1073 331 1288 373 sustentans
1319 326 1447 364 edulio

1026 385 1294 430 Iumentorum,

968 442 1074 488 Quod
1107 447 1145 479 et
1177 441 1312 478 nimius

971 499 1096 535 Labor
1126 498 1186 534 hio
1214 502 1250 534 et
1282 496 1454 534 insolitus

1027 555 1148 592 Sumit
1179 565 1319 601 rarum,

970 612 1123 648 Crebris
1155 610 1317 647 stimulis

967 669 1145 714 Agitatur
1174 667 1222 704 ab
1253 666 1408 704 aemulis

1028 726 1080 764 Ut
1110 725 1330 763 iumentum.

412 875 482 912 30.
515 873 611 919 Quid
642 878 693 915 tu,
728 872 879 921 Dalida,

520 930 615 975 Quid
648 931 696 966 ml
729 930 820 966 hace
853 929 947 966 dicis
977 929 1109 976 impia,

574 988 675 1033 Quae
707 985 862 1022 fecisti?

518 1045 705 1090 Quaenam
736 1054 890 1079 munera

524 1101 592 1137 l‘er
623 1104 728 1136 tanta
760 1099 829 1135 tibi
861 1100 1005 1136 scelera

577 1156 805 1203 Conquisisti
818 1156 836 1193 Ῥ

521 1213 623 1249 Nulli
658 1213 779 1259 gratia

526 1270 595 1305 Per
625 1270 735 1315 longa
769 1274 892 1306 manet
926 1273 1098 1315 tempora

581 1326 782 1366 Proditori.

802 1540 851 1580 II.

68 1679 133 1715 la.
169 1677 322 1715 chatis
353 1677 424 1714 iam
457 1676 620 1713 crinibus

219 1729 524 1785 Reparatis[que]
557 1733 698 1770 viribus

162 1790 392 1827 'l'cmulcntis
424 1791 592 1827 hostibus

164 1846 327 1883 Lusurus
359 1846 562 1895 inducitur,

163 1904 210 1941 Ut
243 1909 360 1939 morte
392 1898 599 1951 doloribus}

162 1960 290 1997 Finem
323 1965 437 2006 ponat
468 1959 652 1998 omnibus.

64 2108 133 2143 iza.
166 2106 195 2144 Ο
226 2116 374 2152 semper
406 2105 557 2143 fortium

217 2162 373 2200 Ruinam
404 2163 602 2200 maximam

162 2218 211 2259 Et
241 2219 276 2255 in
309 2219 459 2255 exitium

218 2274 388 2312 Creatam
423 2275 618 2313 feminam!

65 2423 134 2459 3a.
168 2422 289 2459 David
322 2423 498 2471 sanctior,

163 2478 358 2515 Salomone
388 2480 610 2526 prudentior

217 2535 309 2581 Quis
339 2535 520 2584 putetnr‘?

162 2593 213 2628 At.
243 2592 325 2638 quis
356 2593 493 2639 impius

161 2648 284 2694 Magis
316 2659 383 2694 per
412 2649 509 2686 hanc
539 2649 596 2686 vel
628 2649 752 2688 fatuus

219 2704 448 2750 Reperitur?

162 2760 252 2805 Quis
282 2771 326 2798 ex
359 2760 520 2798 fortibus

162 2816 244 2853 Non
276 2823 315 2854 ut
346 2817 500 2855 Samson
533 2817 759 2859 fortissimus

218 2873 457 2911 Enervatur'?

873 1675 944 1714 1b.
977 1677 1012 1714 A
1042 1675 1134 1713 iocis
1166 1676 1214 1712 ad
1247 1676 1346 1713 seria

1027 1732 1166 1770 Fertur
1206 1743 1309 1769 mens
1348 1733 1411 1769 diu
1442 1733 1601 1781 concita,

969 1790 1059 1827 Tam
1091 1790 1200 1826 laeva
1230 1800 1340 1836 quam
1374 1789 1531 1827 dextera

972 1846 1164 1884 Columnis
1195 1846 1380 1893 adplicita

969 1903 1145 1940 Hostium
1178 1907 1216 1940 et
1246 1903 1405 1949 propria

967 1960 1106 1997 Miscet
1137 1959 1244 1997 dolor
1276 1958 1420 1996 funera.

869 2107 942 2146 2b.
977 2107 1080 2144 Haec
1108 2111 1252 2154 patrem
1286 2106 1448 2143 omniurn

1025 2163 1172 2201 Deiecit
1202 2163 1374 2210 protinus

969 2220 1019 2257 Et
1050 2221 1180 2258 mortis
1212 2220 1385 2266 poculum

1027 2278 1209 2324 Propinat
1238 2277 1422 2314 omnibus.

866 2425 938 2464 3b.
972 2426 1108 2475 Adam,
1142 2425 1266 2462 nobile

968 2482 1130 2519 Divinae
1162 2482 1307 2528 plasma
1339 2482 1531 2529 dexterae,

1026 2539 1118 2576 Mox
1151 2539 1243 2575 haec
1273 2538 1422 2585 stravit,

970 2596 1089 2641 Quam
1121 2596 1158 2632 in
1190 2595 1382 2642 proprium

968 2653 1182 2698 Acceperat
1212 2652 1403 2695 auxilium,

1025 2709 1181 2746 Hostem
1213 2709 1356 2756 sensit3

970 2765 1029 2802 Ex
1061 2769 1152 2802 tunc
1180 2764 1320 2802 femina

970 2822 1144 2859 Virorum
1175 2822 1251 2858 tela
1282 2821 1444 2859 maxima

1027 2878 1261 2923 Fabricavit.
