2031 3289
918 157 1224 198 —258—

585 272 648 310 13.
679 270 746 308 Bis
777 274 910 317 quater
939 270 1094 307 summis
1124 270 1335 320 speciebus,
1367 280 1466 315 ecce,

679 326 881 363 Praeditus
911 326 1090 372 splendet
1119 331 1229 374 pater
1258 326 1321 363 hic
1352 325 1496 373 beatus,

679 381 862 421 Omnibus
890 382 998 419 nobis
1030 383 1177 420 veniam
1209 382 1391 430 benignus

786 437 967 475 Conferat
996 438 1109 478 idem.

584 519 648 556 14.
680 517 775 554 Inde
799 527 899 553 nunc
929 517 1025 554 caeli
1056 517 1216 554 rutilans
1246 517 1285 554 in
1316 517 1402 554 aula

681 572 784 610 Civis
812 578 990 610 aeternae
1019 573 1217 620 sociusque
1246 577 1392 610 turmae

683 628 824 666 Nostra
853 629 1028 676 placatus
1058 630 1142 676 pius
1174 634 1211 666 et
1242 629 1425 677 benignus

791 685 960 723 Crimina
989 690 1124 733 tergat.

584 767 650 805 15.
683 766 857 803 Praestet
886 765 958 802 1100
987 764 1097 801 1101115
1127 764 1276 811 genitor
1306 765 1484 811 perennis

681 821 803 859 Natus
834 826 872 857 et
901 821 1035 868 plenus
1066 821 1183 868 patrii
1214 820 1354 868 vigoris

681 877 847 925 Spiritus
879 877 1000 914 sancti
1031 877 1253 914 moderante
1282 881 1432 914 nostros

789 933 948 970 Lumine
977 944 1122 972 sensus,

389 1024 495 1063 Trop.
522 1034 585 1055 ms.
604 1022 832 1064 Sangallense
857 1033 948 1054 saec·
977 1020 1028 1054 10.
1071 1022 1154 1054 Cod.
1180 1022 1382 1065 Sangallen.
1399 1019 1477 1054 381.
1494 1023 1632 1053 —Von
1651 1022 1854 1064 Schubiger‚

301 1070 356 1101 die
383 1068 637 1110 Sangersehule
663 1068 713 1100 st.
738 1067 901 1107 Gallens‚
934 1067 968 1099 S.
993 1065 1048 1105 38,
1074 1067 1162 1099 doch
1187 1067 1276 1100 ohne
1300 1068 1445 1109 Angabe
1470 1068 1585 1099 seiner
1608 1067 1748 1100 Grfinde
1773 1068 1856 1100 Rat-

301 1119 417 1157 pertus
451 1113 725 1156 zugeschrieben
755 1113 825 1144 und
859 1113 947 1144 auch
978 1123 1048 1144 von
1081 1113 1277 1151 Dummler,
1309 1113 1424 1145 Neues
1460 1112 1588 1144 Archiv
1613 1113 1673 1151 IV,
1703 1110 1770 1144 542
1793 1113 1857 1150 (als

301 1161 360 1192 Nr.
388 1158 432 1199 X)
453 1164 555 1191 unter
579 1159 766 1200 Ratpertus
790 1149 984 1190 Gedichten
1008 1158 1216 1200 aufgeffihrt.
1259 1159 1319 1190 Bei
1344 1158 1519 1195 Canisius,
1544 1159 1654 1190 Lectt.
1680 1158 1798 1199 Antiq.
1816 1159 1845 1189 V
1850 1182 1857 1195 ,

300 1203 366 1237 750
391 1205 443 1236 als
470 1205 622 1246 „Versus
647 1204 853 1245 Ratperti
879 1203 920 1235 de
945 1206 1065 1234 sancto
1090 1200 1253 1245 Magno‘st

468 1325 548 1361 194.
585 1326 643 1368 (7.)
677 1325 723 1360 In
748 1325 1011 1370 susceptione
1035 1325 1313 1369 Reliquiarum
1338 1325 1469 1361 sancti
1492 1325 1643 1368 Magni.

320 1422 356 1459 1.
390 1422 469 1458 Iam
501 1419 627 1457 fidelis
658 1419 769 1456 turha
801 1418 961 1456 fratrum
1133 1421 1170 1458 4.
1204 1419 1305 1457 Hinc
1335 1419 1526 1456 exsultent
1555 1423 1658 1458 astra
1689 1418 1785 1456 caeli

445 1486 536 1513 voce
568 1476 670 1514 dulci
701 1480 892 1524 consonet,
1262 1475 1479 1523 lacteusque
1510 1475 1685 1522 circulus,

391 1533 583 1582 Hymnum
616 1532 719 1569 dicat
749 1536 786 1568 et
816 1542 951 1569 serena
1207 1532 1322 1579 Signa
1353 1537 1431 1569 tum
1462 1532 1520 1569 bis
1550 1543 1641 1569 sena
1670 1533 1810 1570 saltent

445 1589 634 1636 partiatur
666 1589 850 1637 dramata,
1263 1593 1300 1625 et
1331 1599 1469 1626 corona
1505 1588 1643 1625 nobilis

390 1646 510 1683 Dulce
540 1645 688 1692 pondus
719 1650 756 1681 et
786 1645 936 1682 beatum
1208 1645 1444 1692 Ornatusque
1475 1649 1575 1682 totus
1607 1645 1678 1682 soli

448 1703 485 1739 111
516 1702 651 1738 lectica
684 1700 875 1739 deferens.
1265 1702 1453 1738 conditori
1484 1702 1668 1748 cognitus.

323 1784 360 1820 2.
394 1781 587 1818 Scandens
618 1785 655 1817 et
687 1781 894 1817 descendes
925 1781 1026 1817 inter
1141 1783 1178 1819 5.
1211 1780 1290 1817 Nos
1320 1783 1478 1817 istorum
1509 1790 1661 1827 semper
1691 1781 1794 1818 clara

449 1837 631 1876 montium
664 1836 826 1874 confinia
1266 1837 1456 1873 consecuti
1487 1837 1614 1874 munia

393 1894 581 1932 Silvarum
613 1893 818 1931 scrutando
849 1893 932 1930 loca
1212 1893 1413 1930 Sanctitati
1443 1897 1572 1931 tantae
1603 1897 1716 1930 cantu

451 1951 681 1997 valliumque
710 1961 887 1997 concava,
1265 1960 1509 1996 personemus
1541 1949 1726 1996 bombico,

397 2007 532 2044 Nullus
564 2017 699 2054 expers
730 2011 771 2043 ut
801 2007 905 2043 locus
937 2006 985 2042 sit
1208 2006 1405 2043 Exaudire
1435 2007 1535 2053 quod
1568 2007 1730 2044 delectet

451 2064 561 2100 istius
592 2063 798 2103 solaminis,
1267 2063 1390 2100 cuncti
1420 2063 1569 2109 plasten
1599 2062 1753 2101 saeculi.

327 2145 366 2181 3.
401 2144 553 2188 Iamque
594 2142 737 2178 caelum
773 2141 921 2188 iamque
953 2145 1055 2178 terra
1141 2142 1177 2178 6.
1210 2141 1281 2178 His
1311 2141 1472 2190 inceptis
1501 2141 1595 2179 assit
1625 2141 1724 2178 alma

454 2199 604 2245 iamque
634 2204 770 2245 pontus
802 2197 979 2235 laudibus
1269 2196 1361 2234 felix
1392 2202 1429 2234 et
1459 2197 1664 2247 theotocos,

401 2255 590 2292 l‘laudant
621 2261 734 2301 atque
765 2255 1055 2301 circumquaque
1210 2254 1316 2291 Assit
1350 2255 1496 2303 Petrus,
1528 2253 1627 2292 hunc
1657 2257 1835 2300 sequatur

454 2322 526 2348 vox
559 2312 694 2348 emissa
725 2311 899 2357 plebibus
1267 2311 1389 2347 omnis
1420 2317 1531 2356 atque
1561 2311 1768 2357 apostolus,

402 2371 606 2405 Auctorem
637 2374 858 2414 patremque
888 2367 985 2404 tanti
1214 2367 1367 2414 Marm
1398 2372 1432 2403 et
1467 2365 1661 2403 confessor
1690 2372 1802 2413 atque

458 2430 608 2471 tamque
640 2424 733 2461 clari
765 2424 930 2461 luminis.
1272 2423 1384 2460 turba
1415 2428 1546 2460 sancta
1577 2423 1773 2470 virginum.

710 2505 744 2542 7.
788 2503 897 2540 Nunc
927 2502 1147 2549 redemptor
1178 2507 1213 2538 et
1246 2507 1408 2548 creator,

857 2563 988 2596 auctor
1019 2559 1099 2596 veri
1130 2559 1270 2606 gaudii,

789 2617 994 2663 Largiatur
1024 2626 1149 2662 aptam
1185 2615 1292 2652 nobis

857 2672 1006 2709 virtutis
1038 2671 1226 2719 fiduciam,

790 2729 841 2766 L't
872 2729 944 2765 sibi
976 2728 1137 2764 volendo
1170 2728 1280 2775 digna

858 2790 1051 2831 captemus
1081 2788 1275 2831 perennia.

407 2875 510 2915 ”ri-op.
537 2886 597 2906 nis.
624 2874 850 2915 Sangallense
876 2885 964 2905 saec.
994 2873 1043 2906 10.
1093 2873 1175 2905 Cod.
1203 2872 1402 2915 Sangallen.
1427 2869 1504 2904 381.
