2031 3289
978 164 1254 204 ,84-

538 277 592 309 Ad
617 280 739 308 cantus
768 279 951 308 revocatur
976 277 1061 315 avis,
1088 286 1178 317 quae
1202 277 1354 308 carmine
1379 276 1498 308 clauso

584 323 722 363 Pigrior
747 322 892 353 hiberno
917 321 1046 362 frigore
1071 325 1167 353 muta
1190 321 1264 352 fuit.

538 368 633 399 Hinc
656 366 856 407 philomena
882 368 955 398 suis
980 369 1188 408 attemperat
1212 376 1342 408 organa
1366 367 1499 405 cannis,

588 413 713 452 Fitque
739 422 940 453 repercusso
967 410 1103 443 dulcior
1128 422 1215 444 aura
1244 412 1346 443 melo.

538 457 652 494 Salve,
679 457 768 488 festa
792 457 876 494 dies,
902 460 975 488 toto
1000 457 1212 489 venerabilis
1238 467 1336 496 aevo,

586 502 664 541 Qua
688 502 784 533 Deus
809 502 981 533 infernum
1005 502 1093 533 vicit
1117 505 1150 533 et
1175 505 1270 533 astra
1294 505 1398 533 tenet.

909 614 1146 646 Dominica
1177 614 1341 646 Tertia.

538 693 654 730 Salve,
680 693 770 724 festa
793 693 879 730 dies,
903 696 974 724 toto
1003 693 1217 724 venerabilis
1243 702 1341 729 aevo,

584 738 662 777 Qua
687 740 784 770 Deus
810 738 981 769 infernum
1005 739 1092 769 vicit
1117 742 1152 769 et
1175 741 1269 769 astra
1294 742 1396 770 tenet.

536 783 639 822 Ecce,
665 785 878 815 renascentis
903 786 1052 814 testatur
1076 784 1191 824 gratia
1216 783 1334 814 mundi

582 829 709 861 Omnia
733 839 811 860 cum
836 829 987 860 Domino
1013 828 1105 860 dona
1129 829 1261 860 redisse
1290 839 1363 860 suo.

536 875 697 915 Namque
722 874 953 915 triumphanti
979 877 1058 914 post
1081 874 1198 905 tristia
1222 877 1354 905 tartara
1378 873 1517 906 Christo

583 919 750 961 Undique
775 919 896 950 fronde
920 929 1053 956 nemus,
1079 921 1238 960 gramina
1261 919 1346 950 flore
1370 919 1498 951 favent.

536 965 692 1004 Legibus
719 964 854 996 infermi
881 965 1058 1005 oppressis
1084 974 1188 1005 super
1212 968 1307 996 astra
1330 968 1500 996 meantem

582 1009 747 1041 Laudant
771 1011 836 1041 rite
864 1010 975 1040 Deum
1002 1009 1072 1047 lux,
1099 1009 1211 1050 polus,
1241 1019 1336 1048 arva,
1362 1010 1497 1041 fretum.

537 1055 655 1092 Salve,
682 1055 773 1086 festa
797 1054 881 1090 dies,
907 1057 980 1085 toto
1005 1055 1217 1086 venerabilis
1242 1065 1339 1093 aevo,

586 1101 664 1140 Qua
690 1101 785 1132 Deus
811 1099 983 1131 infernum
1008 1100 1093 1131 vicit
1118 1103 1152 1132 et
1176 1103 1271 1131 astra
1294 1102 1399 1131 tenet.

880 1213 1118 1244 Dominica
1151 1214 1329 1252 Quarta.

537 1291 651 1330 Salve,
678 1292 767 1323 festa
791 1291 877 1330 dies,
903 1295 976 1323 toto
1003 1292 1215 1323 venerabilis
1240 1302 1338 1330 aevo,

584 1338 662 1377 Qua
689 1338 784 1368 Deus
811 1337 983 1369 infernum
1009 1338 1096 1368 vicit
1120 1340 1156 1368 et
1180 1340 1274 1369 astra
1299 1341 1403 1369 tenet.

535 1384 606 1423 Qui
631 1381 818 1414 crucifixus
843 1386 927 1420 erat,
954 1383 1061 1420 Deus,
1088 1392 1176 1421 ecee,
1203 1393 1264 1424 per
1289 1383 1407 1414 omnia
1432 1387 1563 1426 regnat,

583 1429 747 1469 Dantque
773 1429 922 1459 creatori
948 1431 1073 1459 cuncta
1097 1431 1213 1459 creata
1238 1438 1384 1469 precem.

539 1474 719 1506 Nobilitas
745 1474 839 1511 anni,
867 1483 1023 1504 mensum
1049 1472 1165 1510 decus,
1191 1482 1288 1505 arma
1311 1473 1456 1512 dierum,

584 1518 761 1550 Horarum
787 1518 952 1560 splendor
977 1518 1130 1559 scripula
1156 1522 1284 1559 puncta
1308 1519 1436 1550 favent.

538 1565 633 1596 Hinc
658 1564 724 1595 tibi
751 1564 842 1595 silva
866 1565 975 1595 comis
1000 1563 1146 1603 plaudit,
1172 1563 1254 1595 hinc
1278 1573 1420 1605 campus
1446 1566 1574 1604 aristis,

582 1610 678 1641 Hinc
703 1614 820 1650 grates
847 1611 952 1641 tacito
979 1609 1123 1650 palmite
1148 1610 1232 1640 vitis
1258 1610 1341 1651 agit.

536 1654 654 1693 Salve,
679 1654 769 1685 festa
793 1654 878 1693 dies,
904 1658 977 1685 toto
1003 1654 1216 1685 venerabilis
1241 1665 1338 1693 aevo,

583 1701 660 1739 Qua
686 1700 782 1731 Deus
809 1700 981 1731 infernum
1006 1700 1093 1730 vicit
1117 1703 1151 1730 et
1176 1703 1271 1731 astra
1295 1703 1398 1731 tenet.

899 1813 1135 1843 Dominica
1166 1813 1344 1852 Quinta.

535 1891 650 1928 Salve,
676 1891 765 1923 festa
790 1891 875 1929 dies,
902 1894 974 1923 toto
1000 1891 1213 1923 venerabilis
1238 1901 1337 1929 aevo,

581 1936 660 1975 Qua
686 1937 780 1967 Deus
806 1937 980 1968 infernum
1006 1938 1092 1968 vicit
1115 1941 1149 1968 et
1173 1939 1268 1968 astra
1293 1940 1397 1968 tenet.

536 1983 603 2022 Qui
630 1992 740 2023 genus
766 1982 955 2013 humanum
980 1992 1124 2014 cernens
1150 1983 1311 2013 mersisse
1337 1981 1518 2023 profundo,

581 2029 628 2060 Ut
653 2027 828 2058 hominem
854 2029 1016 2068 eriperes,
1043 2038 1079 2059 es
1105 2037 1244 2069 quoque
1268 2028 1378 2058 factus
1404 2027 1517 2059 homo.

534 2072 606 2104 Nec
630 2072 775 2104 voluisti
805 2074 931 2104 etenim
956 2076 1092 2105 tantum
1117 2077 1151 2104 te
1176 2082 1318 2114 corpore
1343 2074 1452 2111 nasci,

581 2118 649 2150 Sed
674 2128 765 2155 caro,
793 2128 882 2159 quae
906 2120 1014 2155 nasci,
1041 2118 1185 2160 pertulit
1210 2122 1314 2159 atque
1339 2119 1438 2149 mori.

538 2163 685 2194 Funeris
710 2165 877 2201 (muneris
902 2162 980 2202 Hs.)
1004 2164 1170 2204 exequias
1196 2165 1335 2204 pateris,
1360 2165 1454 2195 vitae
1480 2166 1601 2195 auctor
1625 2167 1660 2195 et
1683 2163 1788 2201 orbis,

581 2209 696 2240 Intras
721 2210 844 2240 mortis
870 2211 936 2240 iter
961 2209 1073 2240 dando
1100 2209 1224 2240 salutis
1249 2219 1360 2250 opem.

535 2254 652 2293 Salve,
679 2255 766 2285 festa
791 2254 876 2287 dies.
903 2258 976 2285 toto
1001 2254 1216 2286 venerabilis
1241 2264 1338 2289 aevo,

581 2299 659 2337 Qua
684 2300 779 2331 Deus
804 2299 977 2331 infernum
1002 2300 1084 2331 vicit
1109 2302 1142 2331 et
1168 2301 1262 2331 astra
1286 2302 1390 2331 tenet.

423 2378 501 2420 Vgl.
526 2378 611 2410 iiber
627 2378 702 2409 dies
720 2378 972 2420 Ostergedicht,
996 2378 1052 2409 W.
1071 2379 1201 2419 Meyer,
1226 2378 1286 2410 der
1303 2378 1685 2420 Gelegenheitsdichter
1701 2378 1890 2410 venantius

334 2425 545 2455 Fortunatus
568 2422 701 2462 (Berlin
729 2421 838 2462 1901.)
863 2423 896 2455 S.
922 2421 964 2455 81
991 2434 1024 2455 u.
1049 2424 1071 2455 f.
1848 2421 1851 2423 ’

828 2601 884 2636 70.
921 2602 979 2643 (5.)
1015 2601 1192 2637 sabbato
1221 2600 1386 2637 Sancto.

351 2707 387 2745 1.
418 2706 504 2743 Tibi
535 2706 633 2757 laus,
666 2706 841 2754 perennis
872 2711 1015 2757 auctor,
1168 2707 1205 2744 2.
1238 2706 1324 2743 Nox
1357 2706 1460 2743 clara
1490 2706 1575 2752 plus
1607 2710 1644 2742 et
1673 2705 1772 2742 alma

416 2763 662 2809 Baptismatis
693 2767 875 2813 sacrator,
1236 2764 1354 2809 Quam
1384 2763 1474 2800 luna
1503 2763 1559 2800 sol
1589 2762 1649 2798 vel
1680 2767 1794 2803 astra.

416 2820 486 2864 Qui
518 2824 619 2856 sorte
650 2820 838 2867 passionis
1234 2820 1336 2865 Quae
1366 2819 1547 2856 luminum
1581 2829 1719 2855 corona

418 2876 496 2913 Das
529 2877 736 2922 praemium
769 2876 914 2914 salutis.
1235 2876 1380 2913 Reddis
1413 2876 1511 2912 diem
1543 2885 1611 2921 per
1640 2874 1821 2917 umbram,
