2031 3289
270 307 337 344 25.

272 1077 338 1114 26.

273 1849 340 1886 27.

272 2617 338 2654 28.

879 215 935 219 -
992 193 1076 234 372

369 304 506 342 Flores
527 303 688 341 fructum
707 305 1001 351 praetendentes

369 361 424 399 Ut
452 361 575 398 nuntii
607 366 896 407 praecurrentes

430 418 470 454 In
503 418 633 463 planta
664 428 782 454 novae
813 417 903 454 fidei

369 473 664 519 Apparuerunt,
699 478 738 510 ut
767 480 897 521 gentes

369 529 551 566 Fructum
583 530 722 566 habere
753 531 921 567 volentes

427 586 512 624 Cito
543 585 796 623 adhaererent
827 587 858 622 ei

368 642 421 678 In
451 645 553 679 terra
583 644 726 687 nostra,
759 654 867 689 quum
901 643 956 680 rei

370 698 427 735 De
458 697 598 734 semine
630 699 817 737 Cananaei

426 754 502 790 Diu
533 753 638 790 fuere
668 760 850 802 tenentes,

370 810 458 847 Erit
490 811 569 847 dies
600 810 753 848 iubilaei

370 867 530 903 Ratione
563 867 672 903 datae
703 868 784 913 spei

431 923 591 969 Propter
618 922 786 960 fidelium
817 927 973 964 mentes,

371 1074 539 1112 Acie-enit
560 1075 780 1120 putationis

370 1132 537 1177 Tempus
568 1136 603 1166 et
634 1131 857 1168 abiectionis

428 1186 711 1233 Superfluorum
741 1194 906 1235 actuum,

369 1244 519 1281 Audita
551 1246 601 1281 est
634 1256 703 1281 coa:
733 1245 916 1282 sermonis

371 1301 458 1338 Sive
488 1301 784 1347 praedicationis

425 1357 476 1394 In
506 1359 610 1394 terra
640 1359 786 1407 nostra,
818 1356 986 1402 fletuum,

369 1413 555 1451 Monitiva
587 1419 624 1450 et
657 1414 837 1455 luctuum,

371 1470 566 1507 Nutritiva
596 1471 797 1516 gemituum

427 1528 552 1572 Atque
582 1527 873 1573 lamentationis,

375 1583 425 1621 Ut
455 1583 618 1620 turturis
650 1588 820 1620 reatuum

370 1640 581 1686 Expulsiva
611 1651 680 1686 per
711 1651 915 1687 congruum

427 1696 529 1742 Opus
560 1695 844 1735 satisfactionis,

371 1848 491 1885 Ficus
522 1847 646 1885 fidelis
677 1850 812 1899 anima,

374 1905 447 1942 Per
477 1909 649 1952 tempora
679 1917 789 1952 quam
820 1907 983 1953 plurima

429 1961 591 1998 Fructus
621 1963 742 1998 nullos
774 1963 1001 2011 parturiens,

373 2017 627 2055 Circumfossa
658 2019 706 2055 ad
738 2019 877 2068 infima,

373 2075 589 2112 Stercorata
623 2086 705 2111 cum
736 2076 892 2113 lacrima

430 2131 702 2168 Paenitentiam
735 2131 890 2179 faciens,

371 2187 450 2224 Iam
484 2188 648 2234 vigorem
680 2189 867 2235 recipiens

371 2244 535 2281 Protulit
565 2255 605 2281 se
635 2245 808 2291 operiens

428 2300 589 2338 Grossos
618 2312 707 2339 suos
739 2307 775 2338 et
805 2302 949 2348 optima

372 2356 519 2394 Effecta
550 2362 607 2394 est
637 2358 710 2394 iani
743 2360 925 2407 nesciens,

373 2413 462 2450 Plus
493 2414 634 2451 sterilis
666 2425 747 2451 esse
778 2416 909 2462 quiens

430 2471 642 2508 Producere
672 2472 844 2510 utillima.

376 2617 517 2654 Vineae
546 2616 677 2654 fideles
708 2618 781 2654 mei

370 2673 569 2711 Florentes
599 2673 690 2711 flore
722 2674 811 2711 fidei

426 2730 625 2768 Dederunt
656 2731 811 2768 odorem
839 2741 964 2781 suum,

373 2786 641 2824 praedicantes
672 2788 827 2826 verbum
859 2787 931 2825 Dei

372 2841 572 2887 Fecerunt,
605 2845 706 2890 quod
737 2844 907 2882 extranei

431 2900 635 2936 Senserunt
671 2901 765 2938 illud
799 2912 1000 2948 congruum

1085 735 1150 774 29.

1087 1508 1152 1545 30.

1087 2283 1152 2320 31.

1183 308 1247 345 Ad
1278 318 1483 354 purgamen
1514 312 1696 360 reatuum,

1184 364 1431 411 Speculamen
1462 363 1661 401 affectuum

1238 420 1288 457 Et
1318 420 1489 456 internae
1519 418 1643 468 faciei,

1182 477 1244 513 Ad
1277 477 1420 524 gratiae
1449 476 1632 524 irriguum

1182 532 1408 570 Habendum
1438 533 1476 569 in
1507 537 1730 579 perpetuum

1239 589 1288 641 Et
1321 590 1546 626 erectionem
1577 590 1670 635 spei.

1184 738 1304 781 Surae
1333 734 1461 771 amica
1490 735 1606 781 igitur

1183 792 1289 836 Mea,
1323 791 1410 828 dum
1442 790 1577 828 bonum
1609 792 1748 829 dicitur

1240 847 1299 884 De
1329 852 1457 884 nostra
1487 852 1591 884 terra
1621 849 1783 896 perdita,

1185 903 1306 941 Saluti
1338 904 1561 948 restituitur,

1183 959 1235 996 Et
1265 960 1398 1006 cuique
1429 971 1540 1006 posse
1569 961 1734 999 traditur

1240 1017 1319 1053 Iam
1350 1017 1571 1063 acquirendi
1602 1018 1757 1066 merita3

1185 1073 1316 1121 Surge,
1349 1073 1513 1119 inquam,
1546 1074 1722 1112 redimita

1184 1129 1336 1175 Sponsa
1367 1141 1464 1178 mea,
1497 1131 1662 1177 gratuita

1243 1185 1354 1223 Ultra
1384 1187 1476 1224 satis
1498 1198 1607 1233 quam
1630 1187 1812 1234 ereditur,

1184 1237 1279 1278 Veni
1311 1248 1348 1278 et
1378 1253 1522 1279 mecum
1553 1243 1695 1292 habita,

1186 1298 1303 1335 Sedes
1332 1298 1473 1344 gloriae
1505 1300 1678 1345 praedita

1241 1354 1327 1391 Tibi
1358 1366 1380 1392 a
1410 1366 1468 1392 me
1496 1357 1741 1402 promittitur.

1184 1507 1236 1544 In
1259 1509 1396 1554 petrae
1425 1508 1696 1554 foraminibus,

1187 1564 1322 1600 Petrae
1352 1564 1423 1599 mei
1456 1565 1672 1601 vulneribus

1241 1619 1314 1657 Seu
1344 1621 1516 1657 cavernis
1545 1621 1735 1659 maceriae

1186 1677 1327 1713 Nidum
1358 1678 1450 1713 meis
1483 1677 1687 1724 doloribus,

1186 1733 1368 1771 Columba
1398 1745 1494 1781 mea,
1525 1734 1703 1780 gravibus

1242 1790 1385 1826 Fecisti
1415 1791 1485 1827 tibi
1515 1792 1664 1828 sauciae

1186 1846 1244 1883 Ibi
1274 1847 1428 1883 inventa
1458 1848 1585 1893 requie

1187 1903 1315 1950 Nulla,
1349 1903 1434 1940 dico
1465 1904 1678 1951 summarie,

1242 1960 1366 2007 Digna
1397 1960 1487 1997 meis
1518 1960 1767 2007 amplexibus,

1185 2017 1248 2054 Ad
1279 2027 1337 2052 me
1368 2016 1450 2053 Noe
1481 2017 1566 2054 vola
1596 2017 1670 2064 pie,

1187 2074 1240 2110 Te
1272 2073 1320 2110 ad
1352 2072 1557 2110 fenestram
1587 2074 1730 2121 gloriae

1242 2130 1432 2176 Exspecto
1463 2130 1502 2166 in
1534 2130 1770 2168 caelestibus.

1185 2281 1346 2320 Ostende
1375 2281 1470 2318 mihi
1501 2282 1640 2329 faciem

1184 2339 1218 2375 T
1220 2350 1327 2383 eumz,
1359 2339 1476 2388 virgo,
1510 2344 1548 2375 et
1577 2340 1741 2385 speciem

1242 2396 1345 2441 Quae
1375 2406 1433 2431 me
1464 2400 1501 2431 te
1532 2394 1623 2431 feeit
1652 2407 1792 2444 amare,

1187 2452 1388 2489 Oculorum
1419 2453 1622 2488 maneriem

1186 2508 1381 2556 Monstra,
1414 2509 1444 2544 si
1476 2507 1613 2545 babent
1646 2509 1813 2556 requiem

1242 2564 1312 2600 Vel
1342 2570 1587 2602 cessaverunt
1617 2565 1791 2613 plorare;

1184 2622 1218 2658 A
1250 2619 1340 2657 fletu
1372 2621 1510 2658 debent
1542 2632 1701 2669 cessare,

1184 2678 1243 2715 Ex
1275 2688 1348 2724 quo
1378 2678 1462 2715 volo
1493 2681 1530 2714 te
1561 2688 1708 2724 vocare,

1241 2733 1294 2772 Ut
1324 2738 1361 2770 te
1391 2734 1483 2771 mihi
1513 2735 1706 2785 associem,

1184 2790 1282 2827 Dum
1314 2794 1351 2826 te
1383 2791 1466 2828 volo
1497 2801 1678 2829 coronare

1185 2847 1236 2883 Et
1265 2847 1303 2883 in
1333 2847 1447 2884 caelis
1478 2847 1546 2884 tibi
1578 2847 1669 2886 dare

1241 2903 1366 2940 Meum
1399 2903 1600 2941 iubilaeum
1633 2905 1744 2943 «lium.

1987 2910 2008 2951 ,θ
1987 2836 2007 2904 σμ’
1991 2788 2003 2821 ¹—-
