1914 3223
132 315 198 354 33.

135 848 200 886 34.

136 1571 205 1610 35.

131 2295 202 2335 36.

747 222 802 226 —
861 199 939 240 391

232 314 333 363 Quia
361 314 417 352 sic
446 325 518 352 nos
551 313 758 359 adim-asti,

231 372 286 408 Te
317 371 473 408 amicam
507 370 772 407 demonstrasti

291 428 427 464 Veram
460 427 588 464 dilecti
619 427 733 470 illius,

233 484 342 521 Illum
374 484 493 522 solum
524 489 564 520 tu
595 484 742 528 amasti,

235 540 418 586 Quoniam
450 541 568 577 solum
601 539 750 577 lactasti

290 597 380 634 Cum
413 598 544 634 unicus
560 597 623 634 .sit
654 595 779 642 filius3

561 755 713 801 Virgo
756 754 1015 792 describit

953 846 1020 885 37.

233 846 407 884 Dilectus
437 857 543 883 meus
572 846 774 893 candidus,

235 903 417 950 Mundus,
451 908 576 939 castus
606 909 643 940 et
674 901 853 949 fulgidus,

294 960 506 998 Coruscans
538 959 834 1009 pulchritudine,

235 1015 463 1062 Splendens,
497 1016 622 1052 nitens
653 1020 690 1052 et
722 1016 869 1053 lucidus

236 1073 420 1120 Vernaus,
447 1071 628 1109 frondens
645 1077 682 1109 et
698 1071 869 1116 floridus,

292 1129 400 1167 Omni
433 1130 567 1177 plenus
601 1129 805 1167 dulcedine

233 1185 285 1222 Et
314 1186 553 1223 rubicuwdus
585 1186 767 1233 sanguine

235 1242 332 1280 Olim
366 1241 450 1279 fuso
482 1254 550 1288 pro
583 1242 745 1288 homine,

293 1299 441 1336 Pietate
473 1305 562 1336 tunc
594 1299 744 1336 mridus

234 1356 360 1393 Rosea
392 1355 433 1392 fit
464 1356 648 1392 rubedine

237 1412 432 1450 Permixta
465 1423 546 1449 cum
579 1412 757 1449 albedine

292 1469 419 1516 Magis
446 1469 600 1516 placens
623 1473 660 1505 et
683 1468 871 1515 placidus,

235 1570 300 1608 Ex
328 1569 500 1611 milibus,
533 1572 585 1607 est
616 1569 761 1620 electus,

237 1627 346 1665 Solus
377 1627 552 1664 inventus
584 1625 791 1674 perfectus,

294 1685 387 1722 Cum
420 1684 522 1720 solus
553 1685 601 1720 sit
632 1682 832 1731 perfectio,

237 1741 416 1787 Dirigens
447 1741 578 1777 mundi
611 1739 793 1790 defectus,

239 1797 329 1835 Sine
362 1808 435 1844 quo
466 1797 591 1834 nullus
624 1797 792 1835 directus

295 1854 370 1891 Suo
401 1858 458 1890 est
488 1853 690 1900 exerciti03

237 1911 337 1947 Vere
369 1910 461 1947 felix
492 1911 639 1957 electio,

241 1966 334 2004 Cum
367 1967 476 2004 homo
505 1971 585 2004 toto
617 1967 744 2004 studio

296 2024 340 2061 ln
372 2034 454 2060 eum
488 2024 594 2070 ponit
624 2023 796 2072 affectus,

236 2081 401 2118 Dicens:
435 2081 580 2117 cunctis
611 2081 799 2130 renuntio,

236 2137 323 2175 Tibi
353 2138 498 2174 servire
529 2137 652 2185 cupio,

292 2194 336 2231 In
359 2199 395 2230 te
419 2195 539 2230 solum
562 2205 642 2231 sum
664 2193 871 2240 proiectus,

237 2295 364 2342 Caput
404 2295 486 2333 eius
522 2306 664 2333 aurum
695 2295 871 2343 primum,

236 2350 435 2399 Optimum
467 2357 503 2388 et
533 2352 772 2400 aptissimum

294 2409 357 2446 Ad
388 2419 481 2455 opus
514 2408 683 2446 fabricae
715 2409 813 2457 diae,

237 2465 360 2511 Caput
390 2470 538 2512 patrem
569 2466 795 2502 altissimum

236 2522 332 2560 Dico
362 2526 399 2558 et
429 2533 562 2559 aurum
593 2523 770 2568 animum,

293 2579 373 2623 Quo
404 2577 447 2615 fit
477 2589 615 2616 corona
645 2579 810 2625 gloriae3

237 2634 408 2672 Dilectus
439 2645 586 2682 quoque
615 2636 771 2682 proprie

235 2691 393 2728 Habens
425 2692 462 2728 in
495 2702 608 2728 causa
639 2693 771 2728 veniae

292 2746 480 2785 Affectum
513 2748 814 2798 ductilissimum,
857 2788 859 2791 ,

235 2804 382 2841 Aurum
414 2803 581 2842 fabricae
613 2805 738 2852 regiae

237 2859 385 2909 Gestat,
423 2871 512 2898 suae
543 2860 722 2908 familiae,

297 2916 870 2965 Sepraebensbenignissimum.

959 1595 1026 1633 38.

959 2297 1023 2336 39.

1048 314 1150 360 Ergo
1181 313 1376 360 cognoscis
1406 313 1551 359 melius,

1049 370 1178 416 Qualis
1209 375 1266 406 est
1297 375 1334 405 et
1369 369 1586 417 perfectius,

1106 427 1200 463 Dum·
1235 437 1317 462 cum
1346 436 1389 462 eo
1421 426 1667 475 conversam,

1050 483 1351 529 Describereque
1379 483 1529 529 planius

1051 540 1146 576 Eum
1180 544 1286 586 potes
1318 545 1356 576 et
1387 539 1539 587 clarius,

1109 598 1224 642 Quem
1248 596 1320 632 iam
1342 596 1482 632 mundo
1503 605 1682 642 praeseu-

1466 652 1569 690 tasti.

1055 753 1230 793 filium.

1054 846 1196 883 Comae
1226 845 1306 882 eius
1337 846 1573 892 paenitentes

1053 901 1145 939 Sunt
1178 902 1297 939 eidem
1331 903 1580 939 adhaerentes

1108 959 1215 996 Sicut
1246 958 1366 996 elatae
1389 959 1631 1006 palmarwn,

1054 1016 1098 1053 In
1128 1016 1211 1062 ipso
1242 1014 1308 1052 fixi
1338 1020 1542 1062 manentes,

1054 1072 1128 1109 Pro
1159 1073 1309 1119 pectine
1339 1083 1413 1109 non
1445 1072 1623 1109 cadentes

1110 1129 1388 1175 Temptationis
1421 1129 1630 1175 culparum,

1055 1185 1125 1231 Qui
1157 1196 1273 1222 onera
1302 1185 1555 1222 iniunctarum

1056 1241 1136 1279 Sibi
1168 1243 1484 1289 paenitentiarum

1115 1298 1273 1345 Semper
1284 1309 1409 1335 secum
1423 1303 1508 1335 sunt
1523 1296 1688 1336 ferentes

1055 1355 1108 1393 Et
1139 1366 1207 1401 per
1238 1355 1383 1402 signum
1416 1355 1600 1392 elatarum

1056 1412 1239 1450 Mannum
1271 1418 1307 1448 et
1338 1412 1548 1449 levatarum

1113 1469 1267 1507 Sursum
1337 1479 1487 1515 semper
1550 1467 1691 1505 habent

1417 1530 1574 1562 mentes.

1059 1592 1180 1640 Quasi
1211 1603 1344 1630 corvus
1374 1593 1512 1640 niqrae
1542 1592 1635 1629 fiunt

1057 1649 1159 1686 Istae
1191 1659 1332 1697 comae,
1363 1661 1448 1686 nam
1480 1649 1653 1686 nesciunt

1115 1705 1357 1743 Paenitentes
1389 1717 1428 1742 se
1459 1705 1647 1752 blondire‚

1058 1763 1166 1799 Vana
1196 1773 1343 1810 quoque
1376 1763 1602 1810 despiciunt,

1055 1819 1160 1855 Viles
1191 1820 1330 1856 mundo
1361 1820 1479 1867 magis
1511 1820 1633 1856 sciunt

1113 1876 1213 1912 Filio
1244 1887 1326 1913 meo
1357 1877 1512 1925 servire,

1057 1932 1123 1970 Uti
1156 1933 1229 1970 cati
1261 1933 1452 1970 custodire

1058 1989 1189 2026 Sciunt
1221 1990 1370 2026 domum
1402 2000 1472 2026 nec
1502 1989 1606 2025 exire

1113 2047 1163 2084 Et
1185 2048 1271 2093 plus
1288 2046 1336 2083 ad
1354 2057 1503 2083 manum
1522 2046 1688 2096 veniunt,

1060 2103 1247 2140 Pulchrae
1278 2104 1398 2150 pelles
1430 2103 1644 2151 protervire

1059 2160 1228 2198 Suadent
1259 2164 1295 2195 et
1324 2160 1522 2208 superbire

1113 2216 1195 2253 Nec
1226 2216 1365 2253 dilecto
1396 2228 1436 2253 se
1466 2216 1610 2253 uniunt.

1054 2295 1155 2332 Eius
1186 2300 1273 2332 sunt
1304 2295 1531 2343 aspicientes

1056 2351 1166 2390 Oculi
1198 2352 1247 2389 ad
1279 2352 1515 2398 paenitentes

1113 2409 1236 2455 Super
1264 2420 1411 2445 cursum
1434 2408 1687 2457 lacrimarum,

1055 2465 1163 2504 Sicut
1192 2465 1387 2502 columbae
1419 2469 1614 2501 cernentes

1054 2523 1248 2568 Benignae
1281 2527 1317 2558 et
1349 2522 1538 2558 intuentes

1110 2579 1235 2624 Super
1264 2578 1408 2615 «rivulos
1439 2588 1659 2625 aquarum3

1055 2635 1203 2682 Typum
1235 2639 1370 2683 gerunt
1402 2634 1661 2671 columbarum

1053 2691 1227 2737 Animae,
1259 2702 1354 2738 quae
1384 2691 1591 2738 gratiarum

1111 2747 1274 2784 Fluenta
1302 2753 1387 2784 sunt
1418 2751 1642 2794 appetentes

1054 2804 1271 2851 Earumque
1301 2804 1557 2850 inspectamm

1055 2861 1180 2907 Atque
1210 2861 1510 2897 desideratarum

1111 2917 1260 2954 Haustu
1281 2917 1410 2954 lavant
1425 2928 1511 2954 suas
1529 2920 1686 2956 mentes.
