2031 3289
577 481 627 518 15

579 763 630 800 20

584 1045 634 1082 25

382 1257 605 1298 Martinengo
638 1256 661 1287 l.
687 1266 715 1286 c.
742 1267 774 1296 p.
800 1253 876 1286 209.
907 1271 943 1276 —
973 1253 992 1285 7
1018 1255 1169 1286 Dabitur
1193 1254 1273 1285 forti
1298 1271 1343 1274 —
1369 1250 1410 1284 18
1433 1254 1578 1295 Tegitur
1601 1251 1713 1284 miles.
1738 1269 1783 1273 —
1807 1249 1850 1283 25

291 1303 395 1334 Iuvat
427 1305 461 1333 et
494 1302 651 1332 multum.
677 1318 721 1322 —-
746 1298 789 1332 26
822 1301 954 1341 Caligis
988 1301 1084 1341 pacis
1117 1299 1264 1331 subdere
1296 1299 1396 1330 talos.
1422 1316 1466 1319 —
1489 1299 1582 1330 Zwei
1613 1298 1737 1329 Fehler
1771 1297 1853 1329 oder

293 1347 499 1379 Anomalien
532 1357 675 1388 vermag
705 1346 759 1377 ich
792 1345 889 1376 nicht
920 1356 963 1376 zu
995 1345 1167 1376 beheben:
1201 1343 1221 1375 5
1243 1345 1399 1384 portans
1423 1351 1561 1375 umeros
1585 1344 1634 1374 ist
1657 1344 1734 1374 eine
1759 1345 1850 1374 erste

292 1392 489 1424 Vershalfte
514 1401 559 1423 an
585 1392 693 1424 Stelle
718 1392 813 1423 einer
838 1392 998 1427 zweiten3
1024 1389 1068 1421 23
1097 1388 1190 1431 Cape
1210 1387 1358 1421 loricam
1374 1388 1559 1420 fehlerhaft
1576 1388 1658 1420 oder
1675 1387 1849 1420 allenfalls

293 1439 371 1469 eine
395 1439 515 1469 zweite
540 1437 737 1469 Vershiilfte
761 1446 805 1467 an
831 1435 939 1467 Stelle
963 1436 1059 1467 einer
1084 1440 1208 1467 ersten.

569 1698 605 1736 1.

913 196 1224 236 —336—

677 312 820 350 Summi
852 311 981 357 capias
1014 310 1117 346 iussa
1146 309 1316 356 magistri

674 368 836 405 Servant
867 366 1052 413 fragilem,
1086 366 1118 402 si
1149 365 1244 402 bene
1275 375 1417 412 servas,

677 426 856 461 Sermone
887 433 996 459 sacro
1027 422 1211 459 sternitur
1242 421 1372 461 hostis.

675 480 814 517 Ensem
847 479 975 525 capias
1009 479 1107 515 hunc
1138 478 1206 514 tibi
1237 482 1370 521 tutum,

676 536 756 572 Nec
786 542 823 572 te
854 535 978 581 subigi
1010 546 1103 571 crux
1135 535 1233 571 sinet
1263 534 1376 572 hosti.

674 593 758 629 Hac
788 592 850 638 qui
883 591 1044 638 steterit,
1077 601 1149 627 non
1182 591 1288 626 timet
1319 590 1438 637 illum,

674 649 788 685 Miles
819 647 961 694 tegitur
990 651 1152 693 votaque
1182 645 1358 692 fundens,

675 705 830 751 Moyses
862 704 1042 750 populum
1075 703 1240 749 protegit
1271 713 1395 742 oranS.

676 761 831 798 Scutum
861 759 952 797 fidei
982 760 1132 806 suscipe
1163 757 1327 806 fervens,

676 819 780 855 Ictus
811 817 955 864 poteris
986 817 1120 852 tollere
1152 815 1295 863 vict01··‚

676 874 771 921 Spes
804 875 867 910 det
898 873 1057 919 galeam,
1091 883 1186 918 quae
1218 875 1331 918 caput
1361 871 1478 922 abdit,

677 930 780 978 Cape
812 929 968 966 loricam
1001 928 1169 965 membra
1199 933 1400 975 tegentem,

675 988 794 1033 Quam
824 986 996 1022 iustitiae
1029 987 1164 1022 dextra
1194 984 1383 1031 propinet.

680 1043 845 1080 Multum
876 1043 982 1079 iuvat
1012 1046 1050 1078 et
1080 1041 1230 1088 cingere
1257 1040 1416 1086 lumbos,

678 1099 789 1137 Pacis
825 1099 965 1145 caligas
995 1098 1160 1136 subdere
1191 1098 1289 1147 talis,

677 1156 809 1193 Hostis
840 1155 995 1192 latitans
1027 1155 1085 1191 his
1117 1154 1228 1191 cadet
1258 1153 1385 1191 armis.

731 1592 812 1627 263.
848 1592 906 1633 (9.)
943 1591 1001 1625 De
1029 1590 1216 1626 Omnibus
1243 1590 1419 1625 Sanctis.

653 1696 839 1743 Gaudete,
871 1696 973 1739 iusti,
1005 1696 1114 1732 mites
1146 1700 1183 1732 et
1212 1694 1377 1742 pacifici,

651 1753 700 1790 Et
732 1763 861 1789 omnes
893 1752 985 1789 recti
1019 1752 1133 1789 corde
1163 1752 1389 1798 gloriamini,

653 1809 810 1857 Semper
841 1809 1027 1845 manentis
1058 1819 1297 1855 possessores
1329 1808 1463 1856 bravii,

652 1866 744 1904 Filii
776 1866 858 1912 Dei,
893 1871 1158 1912 conspectores
1190 1865 1354 1915 Domini,

653 1922 715 1960 Sic
746 1924 840 1959 ordo
871 1922 972 1959 sacri
1002 1926 1165 1959 testatur
1195 1921 1346 1968 eloquii.

655 2025 698 2061 ln
730 2025 836 2061 vobis
868 2024 1019 2070 quidem
1051 2028 1203 2060 sanctus
1233 2023 1299 2059 ille
1329 2023 1469 2069 iugiter

655 2081 820 2127 Spiritus
852 2081 1018 2127 pietatis,
1051 2080 1262 2124 sapientiae

654 2138 702 2174 Et
735 2137 963 2184 intellectus,
995 2136 1154 2185 timoris,
1185 2136 1379 2182 scientiae,

656 2194 824 2242 Consilii,
859 2193 1094 2230 fortitudinis
1126 2193 1281 2239 residet,

656 2250 831 2297 Largiter
861 2251 953 2287 satis
984 2260 1282 2296 unumquemque
1311 2248 1494 2286 imbuens.

656 2353 917 2389 Inenarrauda
947 2352 1099 2389 Domini
1130 2356 1188 2389 est
1218 2352 1354 2398 pietas,

655 2409 725 2455 Qui
757 2413 901 2445 tantum
935 2409 1059 2455 diligit
1090 2408 1206 2445 corda
1237 2407 1405 2453 humilia,

652 2465 705 2503 Ut
736 2476 780 2501 ea
810 2466 961 2512 replens
992 2463 1205 2511 septiformi
1236 2465 1358 2511 gratia

657 2521 821 2568 Spiritus
853 2522 911 2558 sui
942 2522 1080 2558 condat
1110 2521 1339 2566 habitacula,

659 2578 772 2615 Cuius
803 2582 861 2614 est
892 2577 1036 2614 fructus
1069 2577 1258 2624 gaudium,
1291 2589 1378 2624 pax,
1413 2576 1564 2615 caritas.

660 2736 822 2772 Brachio
854 2747 920 2773 suo
951 2736 1112 2773 conterit
1143 2735 1381 2784 praelustria,

659 2792 722 2829 Sic
752 2793 939 2838 quondam
970 2803 1114 2829 summa
1146 2792 1359 2828 redimitum
1391 2791 1510 2836 gloria

660 2849 735 2885 I'ro
766 2849 847 2886 sola
877 2853 1020 2886 tantum
1052 2849 1224 2896 angelum
1256 2848 1435 2894 superbia

660 2679 802 2716 Sternit
834 2680 945 2726 elata,
979 2678 1106 2716 fundit
1135 2679 1366 2725 arrogantia,

661 2905 862 2943 Felicitate
894 2906 1060 2952 reppulit
1090 2910 1288 2952 perpetua.
1967 2678 1978 3039 J
