2031 3289
970 220 1023 224 --
1083 197 1164 237 206
1225 221 1277 226 -

800 315 835 348 :'›.
869 311 968 348 Laus
999 312 1099 357 patri
1131 312 1179 348 sit
1210 312 1387 360 ingenito,

867 368 966 404 Laus
998 368 1076 404 eius
1107 368 1310 414 unigenito,

870 424 1056 460 Paraclito
1088 435 1157 470 par
1187 424 1306 471 gloria

867 479 988 525 Super
1019 484 1094 516 tam
1124 485 1232 527 grata
1263 481 1424 518 victima.

438 578 463 609 C
489 579 545 609 fol.
576 577 676 610 19:321.
705 596 744 599 —
771 578 802 617 3,
828 577 848 610 3
873 580 1037 611 Abstulit.
1065 600 1103 603 ῃ
1131 579 1161 618 5,
1187 579 1208 610 2³»
1232 591 1292 622 per
1316 581 1439 622 gloria.

833 737 914 772 21⁴5.
951 737 1054 776 (106.)
1088 738 1262 780 Hymnus
1289 738 1409 773 alter.

390 840 426 877 1.
458 841 488 877 Ο
520 851 608 877 vere
639 841 781 879 Christi
813 842 982 887 militem,
1204 847 1240 879 :¹,‚
1277 843 1354 879 Nec
1384 843 1478 880 tanti
1510 842 1686 880 sacrificii

458 897 539 933 Deo
572 897 723 944 dignum
756 899 976 945 antistitem7
1278 900 1414 936 Missae
1447 900 1581 937 desunt
1613 898 1802 946 discipuli,

461 953 574 990 Cuius
607 954 692 990 dum
725 955 804 1001 agis
836 955 992 1004 proelia,
1274 956 1363 992 Cum
1397 956 1532 1002 quibus
1564 967 1691 993 sacras
1722 957 1863 994 hostias

455 1009 597 1047 Faetus
629 1021 667 1047 es
699 1011 777 1047 eius
809 1011 944 1050 hostia.
1274 1013 1455 1049 Tractare
1487 1023 1748 1051 consueveras

387 1113 424 1149 2.
459 1112 535 1157 Ipsi
568 1117 604 1149 te
635 1112 860 1150 sacrificium
1201 1119 1238 1152 4.
1274 1115 1335 1151 Ius
1366 1115 1506 1151 amittit
1535 1115 1758 1163 mortalitas,

458 1168 638 1206 Obtulisti
670 1170 938 1218 gratissimum,
1272 1172 1369 1208 Dum
1402 1175 1515 1217 caput
1545 1177 1648 1208 tuum
1681 1171 1837 1220 baiulus,

457 1225 526 1271 Qui
558 1237 627 1272 pro
658 1237 698 1263 se
729 1228 872 1263 cunctis
902 1228 1049 1264 unleam
1272 1228 1395 1274 Caput
1423 1228 1579 1266 recisum
1611 1228 1750 1278 gladio,

455 1281 601 1319 Obtulit
631 1283 730 1330 patri
763 1284 967 1321 victimam.
1274 1284 1322 1322 Ut
1355 1283 1489 1321 offeras
1521 1285 1592 1322 hoc
1623 1285 1796 1322 Domino.

795 1389 830 1423 5.
866 1386 964 1422 Laus
996 1386 1097 1432 patri
1128 1386 1177 1422 sit
1207 1385 1387 1434 ingenito,

864 1443 964 1478 Laus
997 1442 1075 1478 eius
1106 1442 1310 1490 unigenito,

863 1499 1053 1536 Paraclito
1084 1510 1156 1546 par
1186 1499 1306 1545 gloria

865 1558 986 1602 Super
1016 1561 1090 1592 tam
1124 1560 1231 1602 grata
1265 1556 1430 1593 victima.

433 1656 458 1687 C
487 1655 545 1686 fol.
576 1653 637 1687 193
648 1666 677 1687 a.
704 1674 744 1676 —
772 1653 802 1693 3,
827 1654 848 1687 4
873 1660 1109 1688 consueverat.

765 1824 845 1860 217.
871 1825 974 1867 (107.)
1008 1826 1065 1859 De
1092 1825 1232 1859 sancto
1260 1825 1473 1869 Aigulpho.

343 1930 379 1967 1.
410 1929 590 1978 Aigulphi
622 1930 800 1976 martyris
1154 1931 1192 1970 3.
1224 1930 1450 1977 Triumphat
1482 1931 1625 1977 duplici

467 1990 552 2022 sunt
582 1987 768 2034 natalitia,
1281 1987 1402 2024 victor
1433 1988 1635 2034 martyrio:

411 2042 530 2080 Stella
562 2054 643 2079 cum
673 2043 804 2087 oritur,
1225 2044 1313 2080 Vita
1343 2045 1549 2081 monastica

465 2100 502 2136 in
535 2101 629 2136 caeli
660 2100 774 2136 rutila
1282 2100 1455 2148 primum,
1489 2105 1573 2147 post
1603 2100 1743 2147 gladio⁷

410 2158 466 2194 De
498 2157 610 2192 terris
642 2157 779 2203 evolat,
1225 2157 1365 2194 Clu-isti
1398 2157 1555 2204 vestigia

467 2213 571 2250 sidus
603 2214 650 2250 ad
683 2213 821 2262 sidera,
1283 2218 1431 2250 secutus
1462 2215 1676 2262 plurimum,

414 2270 492 2308 Soli
523 2274 705 2318 perpetuo
1226 2271 1361 2308 Passus
1392 2282 1411 2307 a
1443 2270 1531 2307 filiis

467 2327 603 2363 sedens
632 2327 669 2362 in
703 2327 872 2377 dextera,
1283 2333 1514 2364 consummat
1546 2327 1768 2375 praemium.

341 2430 379 2467 2.
411 2429 593 2466 Dextram
627 2429 856 2476 martyribus
1154 2431 1192 2469 4.
1226 2429 1313 2475 Sed,
1347 2430 1446 2476 quod
1478 2430 1710 2477 delinquitur

470 2486 620 2533 dignum
653 2491 709 2522 est
737 2487 883 2532 cedere,
1281 2497 1303 2523 a
1334 2485 1439 2524 falsis
1465 2486 1670 2533 monachis,

410 2543 525 2589 Quam
556 2543 629 2589 ipsi
661 2543 816 2589 proprio
1224 2542 1361 2580 Devoti
1392 2543 1581 2580 redimunt

467 2604 659 2636 merentur
689 2600 880 2645 sanguine.
1283 2600 1449 2636 eiusdem
1480 2600 1636 2645 ordinis,

411 2655 481 2700 Qui
512 2657 549 2692 in
582 2656 724 2702 palatio
1229 2657 1393 2703 Privigni
1426 2667 1538 2703 super
1570 2657 1639 2693 hoe

466 2716 638 2749 terrenae
670 2713 806 2762 curiae,
1281 2714 1388 2749 testis
1421 2718 1477 2749 est
1507 2713 1702 2760 oppidum,

413 2768 460 2804 lli
492 2770 568 2815 regi
603 2769 714 2815 primi
745 2774 843 2815 sunt,
1225 2770 1331 2806 Beati
1363 2770 1532 2818 corporis

465 2836 556 2871 quos
587 2830 722 2862 ornant
752 2837 954 2872 purpurae,
1280 2827 1421 2863 talento
1452 2826 1680 2874 praeditum.

431 2928 457 2958 C
482 2926 540 2957 fol.
568 2924 631 2959 180
641 2936 670 2958 a.
