<?xml version="1.0" encoding="UTF-8"?>
<!DOCTYPE html PUBLIC "-//W3C//DTD XHTML 1.0 Transitional//EN"
    "http://www.w3.org/TR/xhtml1/DTD/xhtml1-transitional.dtd">
<html xmlns="http://www.w3.org/1999/xhtml" xml:lang="en" lang="en">
 <head>
  <title>
</title>
<meta http-equiv="Content-Type" content="text/html;charset=utf-8" />
  <meta name='ocr-system' content='tesseract 3.04.00' />
  <meta name='ocr-capabilities' content='ocr_page ocr_carea ocr_par ocr_line ocrx_word'/>
</head>
<body>
  <div class='ocr_page' id='page_1' title='image "./hymnographilatin01drevuoft_0625.png"; bbox 0 0 1914 3223; ppageno 0'>
   <div class='ocr_carea' id='block_1_1' title="bbox 691 209 974 249">
    <p class='ocr_par' dir='ltr' id='par_1_1' title="bbox 691 209 974 249">
     <span class='ocr_line' id='line_1_1' title="bbox 691 209 974 249; baseline -0.004 -10"><span class='ocrx_word' id='word_1_1' title='bbox 691 209 974 249; x_wconf 73' lang='grc'><strong>-69-</strong></span> 
     </span>
    </p>
   </div>
   <div class='ocr_carea' id='block_1_2' title="bbox 64 321 728 539">
    <p class='ocr_par' dir='ltr' id='par_1_2' title="bbox 64 321 728 429">
     <span class='ocr_line' id='line_1_2' title="bbox 64 321 699 369; baseline -0.002 -8"><span class='ocrx_word' id='word_1_2' title='bbox 64 323 102 361; x_wconf 80' lang='lat'>3.</span> <span class='ocrx_word' id='word_1_3' title='bbox 133 321 217 358; x_wconf 88' lang='lat' dir='ltr'>Hoc</span> <span class='ocrx_word' id='word_1_4' title='bbox 246 326 376 359; x_wconf 81' lang='lat' dir='ltr'>sancta</span> <span class='ocrx_word' id='word_1_5' title='bbox 411 322 472 360; x_wconf 88' lang='lat' dir='ltr'>dic</span> <span class='ocrx_word' id='word_1_6' title='bbox 499 321 699 369; x_wconf 83' lang='lat' dir='ltr'>professio,</span> 
     </span>
     <span class='ocr_line' id='line_1_3' title="bbox 133 377 728 429; baseline 0.002 -15"><span class='ocrx_word' id='word_1_7' title='bbox 133 377 187 414; x_wconf 91' lang='lat' dir='ltr'>Te</span> <span class='ocrx_word' id='word_1_8' title='bbox 217 388 338 424; x_wconf 84' lang='lat' dir='ltr'>poena</span> <span class='ocrx_word' id='word_1_9' title='bbox 367 378 490 416; x_wconf 84' lang='lat' dir='ltr'>tradit</span> <span class='ocrx_word' id='word_1_10' title='bbox 520 379 728 429; x_wconf 84' lang='lat' dir='ltr'><strong>prosperis,</strong></span> 
     </span>
    </p>

    <p class='ocr_par' dir='ltr' id='par_1_3' title="bbox 78 434 711 539">
     <span class='ocr_line' id='line_1_4' title="bbox 78 434 640 481; baseline -0.002 -9"><span class='ocrx_word' id='word_1_11' title='bbox 78 454 80 456; x_wconf 97' lang='lat'>·</span> <span class='ocrx_word' id='word_1_12' title='bbox 135 434 275 481; x_wconf 79' lang='lat' dir='ltr'>optata</span> <span class='ocrx_word' id='word_1_13' title='bbox 305 435 490 472; x_wconf 82' lang='lat' dir='ltr'>mercaris</span> <span class='ocrx_word' id='word_1_14' title='bbox 521 435 640 472; x_wconf 83' lang='lat' dir='ltr'>malo:</span> 
     </span>
     <span class='ocr_line' id='line_1_5' title="bbox 136 490 711 539; baseline 0.003 -12"><span class='ocrx_word' id='word_1_15' title='bbox 136 490 313 538; x_wconf 72' lang='lat' dir='ltr'>Per-siste,</span> <span class='ocrx_word' id='word_1_16' title='bbox 345 495 480 535; x_wconf 90' lang='lat' dir='ltr'>tortor,</span> <span class='ocrx_word' id='word_1_17' title='bbox 514 492 711 539; x_wconf 81' lang='lat' dir='ltr'>adiuvans,</span> 
     </span>
    </p>
   </div>
   <div class='ocr_carea' id='block_1_3' title="bbox 69 592 745 640">
    <p class='ocr_par' dir='ltr' id='par_1_4' title="bbox 69 592 745 640">
     <span class='ocr_line' id='line_1_6' title="bbox 69 592 745 640; baseline 0.003 -9"><span class='ocrx_word' id='word_1_18' title='bbox 69 594 108 631; x_wconf 85' lang='lat'>4.</span> <span class='ocrx_word' id='word_1_19' title='bbox 140 592 223 630; x_wconf 84' lang='lat' dir='ltr'>Lux</span> <span class='ocrx_word' id='word_1_20' title='bbox 255 592 348 630; x_wconf 85' lang='lat' dir='ltr'>haec</span> <span class='ocrx_word' id='word_1_21' title='bbox 380 593 552 640; x_wconf 86' lang='lat' dir='ltr'>negando</span> <span class='ocrx_word' id='word_1_22' title='bbox 586 593 745 633; x_wconf 85' lang='lat' dir='ltr'><strong>ceditur.</strong></span> 
     </span>
    </p>
   </div>
   <div class='ocr_carea' id='block_1_4' title="bbox 136 649 723 810">
    <p class='ocr_par' dir='ltr' id='par_1_5' title="bbox 136 649 723 810">
     <span class='ocr_line' id='line_1_7' title="bbox 138 649 711 695; baseline -0.002 -9"><span class='ocrx_word' id='word_1_23' title='bbox 138 649 167 686; x_wconf 97' lang='lat' dir='ltr'>O</span> <span class='ocrx_word' id='word_1_24' title='bbox 198 660 309 695; x_wconf 86' lang='lat' dir='ltr'>quam</span> <span class='ocrx_word' id='word_1_25' title='bbox 341 649 455 687; x_wconf 88' lang='lat' dir='ltr'>beata</span> <span class='ocrx_word' id='word_1_26' title='bbox 486 650 711 695; x_wconf 76' lang='lat' dir='ltr'>adversitas,</span> 
     </span>
     <span class='ocr_line' id='line_1_8' title="bbox 136 704 723 753; baseline 0.002 -12"><span class='ocrx_word' id='word_1_27' title='bbox 136 704 175 742; x_wconf 92' lang='lat' dir='ltr'>Si</span> <span class='ocrx_word' id='word_1_28' title='bbox 206 705 261 742; x_wconf 82' lang='lat' dir='ltr'>sic</span> <span class='ocrx_word' id='word_1_29' title='bbox 285 706 521 753; x_wconf 87' lang='lat' dir='ltr'>triumphant</span> <span class='ocrx_word' id='word_1_30' title='bbox 554 706 723 743; x_wconf 83' lang='lat' dir='ltr'>exsules!</span> 
     </span>
     <span class='ocr_line' id='line_1_9' title="bbox 137 761 638 810; baseline 0.004 -12"><span class='ocrx_word' id='word_1_31' title='bbox 137 761 242 798; x_wconf 88' lang='lat' dir='ltr'>Nihil</span> <span class='ocrx_word' id='word_1_32' title='bbox 276 763 441 800; x_wconf 89' lang='lat' dir='ltr'>verendo</span> <span class='ocrx_word' id='word_1_33' title='bbox 471 767 638 810; x_wconf 85' lang='lat' dir='ltr'>martyre</span> 
     </span>
    </p>
   </div>
   <div class='ocr_carea' id='block_1_5' title="bbox 67 863 732 1084">
    <p class='ocr_par' dir='ltr' id='par_1_6' title="bbox 67 863 732 1084">
     <span class='ocr_line' id='line_1_10' title="bbox 67 863 619 903; baseline -0.002 0"><span class='ocrx_word' id='word_1_34' title='bbox 67 867 104 903; x_wconf 88' lang='lat'>5.</span> <span class='ocrx_word' id='word_1_35' title='bbox 133 863 337 903; x_wconf 89' lang='lat' dir='ltr'>Confessor</span> <span class='ocrx_word' id='word_1_36' title='bbox 365 865 437 901; x_wconf 89' lang='lat' dir='ltr'>iste</span> <span class='ocrx_word' id='word_1_37' title='bbox 469 865 619 903; x_wconf 87' lang='lat' dir='ltr'>distitit.</span> 
     </span>
     <span class='ocr_line' id='line_1_11' title="bbox 136 920 732 968; baseline 0 -10"><span class='ocrx_word' id='word_1_38' title='bbox 136 920 316 967; x_wconf 84' lang='lat' dir='ltr'>Dispersa</span> <span class='ocrx_word' id='word_1_39' title='bbox 347 931 448 958; x_wconf 90' lang='lat' dir='ltr'>mors</span> <span class='ocrx_word' id='word_1_40' title='bbox 478 932 570 968; x_wconf 89' lang='lat' dir='ltr'>quos</span> <span class='ocrx_word' id='word_1_41' title='bbox 601 920 732 966; x_wconf 85' lang='lat' dir='ltr'>afficit,</span> 
     </span>
     <span class='ocr_line' id='line_1_12' title="bbox 137 977 679 1026; baseline 0.002 -12"><span class='ocrx_word' id='word_1_42' title='bbox 137 977 199 1014; x_wconf 89' lang='lat' dir='ltr'>Ad</span> <span class='ocrx_word' id='word_1_43' title='bbox 232 982 319 1016; x_wconf 82' lang='lat' dir='ltr'>vota</span> <span class='ocrx_word' id='word_1_44' title='bbox 350 978 483 1015; x_wconf 81' lang='lat' dir='ltr'>mortis</span> <span class='ocrx_word' id='word_1_45' title='bbox 512 978 679 1026; x_wconf 82' lang='lat' dir='ltr'>evolant3</span> 
     </span>
     <span class='ocr_line' id='line_1_13' title="bbox 138 1033 655 1084; baseline 0.004 -14"><span class='ocrx_word' id='word_1_46' title='bbox 138 1033 202 1070; x_wconf 86' lang='lat' dir='ltr'>Nil</span> <span class='ocrx_word' id='word_1_47' title='bbox 233 1034 335 1072; x_wconf 84' lang='lat' dir='ltr'>lenta</span> <span class='ocrx_word' id='word_1_48' title='bbox 366 1035 495 1081; x_wconf 89' lang='lat' dir='ltr'>perdit</span> <span class='ocrx_word' id='word_1_49' title='bbox 525 1035 655 1084; x_wconf 82' lang='lat' dir='ltr'>coctio,</span> 
     </span>
    </p>
   </div>
   <div class='ocr_carea' id='block_1_6' title="bbox 879 324 1443 365">
    <p class='ocr_par' dir='ltr' id='par_1_7' title="bbox 879 324 1443 365">
     <span class='ocr_line' id='line_1_14' title="bbox 879 324 1443 365; baseline 0 -2"><span class='ocrx_word' id='word_1_50' title='bbox 879 326 914 363; x_wconf 90' lang='lat'>6.</span> <span class='ocrx_word' id='word_1_51' title='bbox 950 325 1072 361; x_wconf 84' lang='lat' dir='ltr'>Intrat</span> <span class='ocrx_word' id='word_1_52' title='bbox 1104 325 1269 362; x_wconf 84' lang='lat' dir='ltr'>latenter</span> <span class='ocrx_word' id='word_1_53' title='bbox 1299 324 1443 365; x_wconf 88' lang='lat' dir='ltr'>abdita.</span> 
     </span>
    </p>
   </div>
   <div class='ocr_carea' id='block_1_7' title="bbox 949 380 1496 542">
    <p class='ocr_par' dir='ltr' id='par_1_8' title="bbox 949 380 1496 542">
     <span class='ocr_line' id='line_1_15' title="bbox 949 380 1496 429; baseline 0.002 -12"><span class='ocrx_word' id='word_1_54' title='bbox 949 381 1075 423; x_wconf 87' lang='lat' dir='ltr'>Vitale</span> <span class='ocrx_word' id='word_1_55' title='bbox 1104 380 1215 418; x_wconf 86' lang='lat' dir='ltr'>funus</span> <span class='ocrx_word' id='word_1_56' title='bbox 1238 392 1396 419; x_wconf 63' lang='lat' dir='ltr'>&gt;maeror</span> <span class='ocrx_word' id='word_1_57' title='bbox 1427 387 1496 429; x_wconf 81' lang='lat' dir='ltr'>est,</span> 
     </span>
     <span class='ocr_line' id='line_1_16' title="bbox 952 436 1480 476; baseline 0.006 -3"><span class='ocrx_word' id='word_1_58' title='bbox 952 437 1074 474; x_wconf 85' lang='lat' dir='ltr'>Velox</span> <span class='ocrx_word' id='word_1_59' title='bbox 1109 436 1257 476; x_wconf 83' lang='lat' dir='ltr'>medela</span> <span class='ocrx_word' id='word_1_60' title='bbox 1287 439 1480 476; x_wconf 85' lang='lat' dir='ltr'>transitus.</span> 
     </span>
     <span class='ocr_line' id='line_1_17' title="bbox 951 492 1478 542; baseline 0.004 -12"><span class='ocrx_word' id='word_1_61' title='bbox 951 493 1051 530; x_wconf 86' lang='lat' dir='ltr'>Risit</span> <span class='ocrx_word' id='word_1_62' title='bbox 1084 492 1248 531; x_wconf 85' lang='lat' dir='ltr'>furorem</span> <span class='ocrx_word' id='word_1_63' title='bbox 1280 495 1478 542; x_wconf 85' lang='lat' dir='ltr'>principis,</span> 
     </span>
    </p>
   </div>
   <div class='ocr_carea' id='block_1_8' title="bbox 913 594 1472 633">
    <p class='ocr_par' dir='ltr' id='par_1_9' title="bbox 913 594 1472 633">
     <span class='ocr_line' id='line_1_18' title="bbox 913 594 1472 633; baseline 0 0"><span class='ocrx_word' id='word_1_64' title='bbox 913 624 922 633; x_wconf 87' lang='lat'><em>.</em></span> <span class='ocrx_word' id='word_1_65' title='bbox 955 594 1052 631; x_wconf 89' lang='lat' dir='ltr'>Fide</span> <span class='ocrx_word' id='word_1_66' title='bbox 1082 600 1256 632; x_wconf 83' lang='lat' dir='ltr'>manente</span> <span class='ocrx_word' id='word_1_67' title='bbox 1287 596 1472 633; x_wconf 85' lang='lat' dir='ltr'>cursitans</span> 
     </span>
    </p>
   </div>
   <div class='ocr_carea' id='block_1_9' title="bbox 954 651 1523 812">
    <p class='ocr_par' dir='ltr' id='par_1_10' title="bbox 954 651 1523 812">
     <span class='ocr_line' id='line_1_19' title="bbox 954 651 1523 699; baseline 0.004 -12"><span class='ocrx_word' id='word_1_68' title='bbox 954 651 1072 688; x_wconf 85' lang='lat' dir='ltr'>Fixus</span> <span class='ocrx_word' id='word_1_69' title='bbox 1104 662 1173 697; x_wconf 88' lang='lat' dir='ltr'>per</span> <span class='ocrx_word' id='word_1_70' title='bbox 1203 652 1331 689; x_wconf 92' lang='lat' dir='ltr'>orbem</span> <span class='ocrx_word' id='word_1_71' title='bbox 1363 653 1523 699; x_wconf 84' lang='lat' dir='ltr'>ducitur,</span> 
     </span>
     <span class='ocr_line' id='line_1_20' title="bbox 954 708 1491 753; baseline 0.002 -9"><span class='ocrx_word' id='word_1_72' title='bbox 954 710 1035 753; x_wconf 74' lang='lat' dir='ltr'>Qua</span> <span class='ocrx_word' id='word_1_73' title='bbox 1066 708 1121 744; x_wconf 95' lang='lat' dir='ltr'>sol</span> <span class='ocrx_word' id='word_1_74' title='bbox 1153 713 1325 745; x_wconf 81' lang='lat' dir='ltr'>coruscat</span> <span class='ocrx_word' id='word_1_75' title='bbox 1354 709 1491 753; x_wconf 84' lang='lat' dir='ltr'>acrior,</span> 
     </span>
     <span class='ocr_line' id='line_1_21' title="bbox 956 763 1485 812; baseline 0.008 -12"><span class='ocrx_word' id='word_1_76' title='bbox 956 763 1107 811; x_wconf 85' lang='lat' dir='ltr'>Negans</span> <span class='ocrx_word' id='word_1_77' title='bbox 1139 764 1294 801; x_wconf 90' lang='lat' dir='ltr'>bibendi</span> <span class='ocrx_word' id='word_1_78' title='bbox 1325 766 1485 812; x_wconf 86' lang='lat' dir='ltr'>copiam.</span> 
     </span>
    </p>
   </div>
   <div class='ocr_carea' id='block_1_10' title="bbox 911 866 1530 916">
    <p class='ocr_par' dir='ltr' id='par_1_11' title="bbox 911 866 1530 916">
     <span class='ocr_line' id='line_1_22' title="bbox 911 866 1530 916; baseline 0.002 -14"><span class='ocrx_word' id='word_1_79' title='bbox 911 894 919 902; x_wconf 92' lang='lat'>.</span> <span class='ocrx_word' id='word_1_80' title='bbox 952 866 985 902; x_wconf 92' lang='lat' dir='ltr'>A</span> <span class='ocrx_word' id='word_1_81' title='bbox 1017 869 1065 914; x_wconf 86' lang='lat' dir='ltr'>te,</span> <span class='ocrx_word' id='word_1_82' title='bbox 1098 866 1306 910; x_wconf 87' lang='lat' dir='ltr'>tremende,</span> <span class='ocrx_word' id='word_1_83' title='bbox 1339 867 1530 916; x_wconf 89' lang='lat' dir='ltr'>sumimus,</span> 
     </span>
    </p>
   </div>
   <div class='ocr_carea' id='block_1_11' title="bbox 948 921 1612 1082">
    <p class='ocr_par' dir='ltr' id='par_1_12' title="bbox 948 921 1612 1082">
     <span class='ocr_line' id='line_1_23' title="bbox 952 921 1612 970; baseline 0.003 -12"><span class='ocrx_word' id='word_1_84' title='bbox 952 921 1028 958; x_wconf 89' lang='lat' dir='ltr'>Ceu</span> <span class='ocrx_word' id='word_1_85' title='bbox 1074 927 1203 960; x_wconf 82' lang='lat' dir='ltr'>nostra</span> <span class='ocrx_word' id='word_1_86' title='bbox 1243 933 1337 970; x_wconf 69' lang='lat' dir='ltr'>quae</span> <span class='ocrx_word' id='word_1_87' title='bbox 1374 934 1612 969; x_wconf 88' lang='lat' dir='ltr'>remuneras;</span> 
     </span>
     <span class='ocr_line' id='line_1_24' title="bbox 953 978 1546 1027; baseline 0.003 -13"><span class='ocrx_word' id='word_1_88' title='bbox 953 978 1009 1015; x_wconf 81' lang='lat' dir='ltr'>Tu</span> <span class='ocrx_word' id='word_1_89' title='bbox 1039 979 1147 1015; x_wconf 87' lang='lat' dir='ltr'>mitte</span> <span class='ocrx_word' id='word_1_90' title='bbox 1177 984 1346 1016; x_wconf 87' lang='lat' dir='ltr'>sanctum</span> <span class='ocrx_word' id='word_1_91' title='bbox 1377 990 1546 1027; x_wconf 89' lang='lat' dir='ltr'>poscere,</span> 
     </span>
     <span class='ocr_line' id='line_1_25' title="bbox 948 1035 1526 1082; baseline 0.003 -11"><span class='ocrx_word' id='word_1_92' title='bbox 948 1035 1056 1080; x_wconf 78' lang='lat' dir='ltr'>Quod</span> <span class='ocrx_word' id='word_1_93' title='bbox 1087 1036 1170 1082; x_wconf 88' lang='lat' dir='ltr'>ipse</span> <span class='ocrx_word' id='word_1_94' title='bbox 1200 1036 1308 1073; x_wconf 89' lang='lat' dir='ltr'>nobis</span> <span class='ocrx_word' id='word_1_95' title='bbox 1341 1035 1526 1074; x_wconf 85' lang='lat' dir='ltr'>conferas.</span> 
     </span>
    </p>
   </div>
   <div class='ocr_carea' id='block_1_12' title="bbox 54 1132 1615 1266">
    <p class='ocr_par' dir='ltr' id='par_1_13' title="bbox 54 1132 1615 1266">
     <span class='ocr_line' id='line_1_26' title="bbox 142 1132 1613 1175; baseline 0.001 -9"><span class='ocrx_word' id='word_1_96' title='bbox 142 1133 179 1172; x_wconf 89' lang='lat' dir='ltr'>l,</span> <span class='ocrx_word' id='word_1_97' title='bbox 219 1133 235 1166; x_wconf 91' lang='lat'>1</span> <span class='ocrx_word' id='word_1_98' title='bbox 262 1135 424 1167; x_wconf 86' lang='lat' dir='ltr'>Dionisio</span> <span class='ocrx_word' id='word_1_99' title='bbox 450 1135 489 1165; x_wconf 92' lang='lat' dir='ltr'>B.</span> <span class='ocrx_word' id='word_1_100' title='bbox 517 1152 558 1157; x_wconf 91' lang='lat'>—-</span> <span class='ocrx_word' id='word_1_101' title='bbox 588 1133 615 1173; x_wconf 85' lang='lat' dir='ltr'>l,</span> <span class='ocrx_word' id='word_1_102' title='bbox 640 1132 661 1166; x_wconf 83' lang='lat'><strong>2</strong></span> <span class='ocrx_word' id='word_1_103' title='bbox 688 1135 788 1175; x_wconf 85' lang='lat' dir='ltr'>Quod</span> <span class='ocrx_word' id='word_1_104' title='bbox 813 1134 850 1165; x_wconf 90' lang='lat' dir='ltr'>B.</span> <span class='ocrx_word' id='word_1_105' title='bbox 878 1151 919 1155; x_wconf 96' lang='lat'><strong>—</strong></span> <span class='ocrx_word' id='word_1_106' title='bbox 948 1132 986 1172; x_wconf 83' lang='lat'>2,</span> <span class='ocrx_word' id='word_1_107' title='bbox 1015 1133 1030 1166; x_wconf 93' lang='grc'><strong>1</strong></span> <span class='ocrx_word' id='word_1_108' title='bbox 1058 1140 1172 1167; x_wconf 83' lang='lat' dir='ltr'>autem</span> <span class='ocrx_word' id='word_1_109' title='bbox 1200 1136 1275 1168; x_wconf 87' lang='lat' dir='ltr'>loeo</span> <span class='ocrx_word' id='word_1_110' title='bbox 1302 1138 1340 1168; x_wconf 89' lang='lat' dir='ltr'>B.</span> <span class='ocrx_word' id='word_1_111' title='bbox 1365 1154 1409 1158; x_wconf 92' lang='lat'>—-</span> <span class='ocrx_word' id='word_1_112' title='bbox 1434 1134 1472 1175; x_wconf 83' lang='grc'>2,</span> <span class='ocrx_word' id='word_1_113' title='bbox 1498 1134 1519 1168; x_wconf 74' lang='grc'>3</span> <span class='ocrx_word' id='word_1_114' title='bbox 1544 1141 1613 1169; x_wconf 78' lang='lat' dir='ltr'>tui·-</span> 
     </span>
     <span class='ocr_line' id='line_1_27' title="bbox 54 1178 1615 1223; baseline 0.002 -12"><span class='ocrx_word' id='word_1_115' title='bbox 54 1179 132 1222; x_wconf 89' lang='lat' dir='ltr'>pido</span> <span class='ocrx_word' id='word_1_116' title='bbox 150 1180 187 1211; x_wconf 92' lang='lat' dir='ltr'>B.</span> <span class='ocrx_word' id='word_1_117' title='bbox 205 1196 250 1201; x_wconf 86' lang='lat'>-</span> <span class='ocrx_word' id='word_1_118' title='bbox 274 1178 306 1218; x_wconf 85' lang='lat'>5,</span> <span class='ocrx_word' id='word_1_119' title='bbox 333 1178 349 1211; x_wconf 90' lang='lat'>1</span> <span class='ocrx_word' id='word_1_120' title='bbox 376 1180 511 1212; x_wconf 80' lang='lat' dir='ltr'>destitit</span> <span class='ocrx_word' id='word_1_121' title='bbox 527 1181 566 1212; x_wconf 90' lang='lat' dir='ltr'>B.</span> <span class='ocrx_word' id='word_1_122' title='bbox 584 1197 628 1201; x_wconf 81' lang='lat'>-—</span> <span class='ocrx_word' id='word_1_123' title='bbox 657 1178 687 1220; x_wconf 81' lang='lat'>5,</span> <span class='ocrx_word' id='word_1_124' title='bbox 713 1178 734 1212; x_wconf 84' lang='lat'><strong>2</strong></span> <span class='ocrx_word' id='word_1_125' title='bbox 759 1180 881 1212; x_wconf 85' lang='lat' dir='ltr'>adficet</span> <span class='ocrx_word' id='word_1_126' title='bbox 898 1180 937 1211; x_wconf 87' lang='lat' dir='ltr'>B.</span> <span class='ocrx_word' id='word_1_127' title='bbox 956 1199 998 1203; x_wconf 86' lang='lat'><strong>—</strong></span> <span class='ocrx_word' id='word_1_128' title='bbox 1023 1179 1054 1219; x_wconf 85' lang='lat'>5,</span> <span class='ocrx_word' id='word_1_129' title='bbox 1078 1179 1099 1212; x_wconf 88' lang='grc'>4</span> <span class='ocrx_word' id='word_1_130' title='bbox 1117 1181 1237 1223; x_wconf 82' lang='lat' dir='ltr'>perdet</span> <span class='ocrx_word' id='word_1_131' title='bbox 1254 1183 1293 1213; x_wconf 87' lang='lat' dir='ltr'>B.</span> <span class='ocrx_word' id='word_1_132' title='bbox 1312 1199 1355 1203; x_wconf 93' lang='lat'>——</span> <span class='ocrx_word' id='word_1_133' title='bbox 1380 1179 1410 1219; x_wconf 87' lang='lat'>6,</span> <span class='ocrx_word' id='word_1_134' title='bbox 1429 1179 1450 1213; x_wconf 86' lang='lat'><strong>3</strong></span> <span class='ocrx_word' id='word_1_135' title='bbox 1466 1183 1615 1214; x_wconf 78' lang='lat' dir='ltr'>medella</span> 
     </span>
     <span class='ocr_line' id='line_1_28' title="bbox 55 1222 1611 1266; baseline 0.001 -9"><span class='ocrx_word' id='word_1_136' title='bbox 55 1225 94 1258; x_wconf 90' lang='lat' dir='ltr'>B.</span> <span class='ocrx_word' id='word_1_137' title='bbox 111 1243 154 1248; x_wconf 89' lang='lat'><strong>—</strong></span> <span class='ocrx_word' id='word_1_138' title='bbox 179 1222 209 1263; x_wconf 82' lang='lat'>6,</span> <span class='ocrx_word' id='word_1_139' title='bbox 233 1223 255 1256; x_wconf 87' lang='lat'><strong>4</strong></span> <span class='ocrx_word' id='word_1_140' title='bbox 273 1226 373 1258; x_wconf 86' lang='lat' dir='ltr'>Riset</span> <span class='ocrx_word' id='word_1_141' title='bbox 389 1226 427 1257; x_wconf 93' lang='lat' dir='ltr'>B.</span> <span class='ocrx_word' id='word_1_142' title='bbox 445 1243 489 1248; x_wconf 97' lang='lat'><strong>—</strong></span> <span class='ocrx_word' id='word_1_143' title='bbox 517 1226 698 1266; x_wconf 75' lang='lat' dir='ltr'>„Hymnus</span> <span class='ocrx_word' id='word_1_144' title='bbox 715 1227 827 1257; x_wconf 85' lang='lat' dir='ltr'>sancti</span> <span class='ocrx_word' id='word_1_145' title='bbox 845 1225 1020 1266; x_wconf 82' lang='lat' dir='ltr'>Dionysii,</span> <span class='ocrx_word' id='word_1_146' title='bbox 1046 1225 1159 1258; x_wconf 83' lang='lat' dir='ltr'>dictus</span> <span class='ocrx_word' id='word_1_147' title='bbox 1177 1237 1197 1258; x_wconf 86' lang='lat' dir='ltr'>a</span> <span class='ocrx_word' id='word_1_148' title='bbox 1214 1227 1340 1259; x_wconf 87' lang='lat' dir='ltr'>domno</span> <span class='ocrx_word' id='word_1_149' title='bbox 1362 1226 1556 1259; x_wconf 88' lang='lat' dir='ltr'>Ennodio.“</span> <span class='ocrx_word' id='word_1_150' title='bbox 1584 1229 1611 1259; x_wconf 78' lang='lat' dir='ltr'>P»</span> 
     </span>
    </p>
   </div>
  </div>
 </body>
</html>
