1914 3223
699 130 1010 170 —151—

75 246 110 276 et
134 243 318 275 latrantem
352 243 389 274 F.
423 258 467 264 ——
491 239 544 279 22,
577 239 598 273 3
627 243 869 285 grunnientem
896 243 944 283 D;
978 243 1153 288 grunienti
1179 243 1224 282 C;
1247 243 1393 275 ,Simoni
1417 242 1504 274 fehlt
1528 242 1569 274 E.
1595 259 1639 264 —

72 286 129 327 22,
154 286 176 319 4
200 287 287 320 fehlt
310 287 360 328 E;
386 287 478 319 Aure
504 297 646 319 susurra
671 287 739 319 BF.
765 305 808 309 —
834 285 888 323 23,
918 286 932 319 1
959 289 1109 330 Zeloque
1127 287 1259 320 Christi
1277 288 1386 327 BEF3
1411 288 1545 320 zelatus
1563 298 1638 319 sum

75 335 125 373 D;
161 343 236 364 sum
270 333 402 365 zelatus
435 334 574 364 nomine
600 331 687 364 fehlt
710 332 752 364 Ε.
777 350 822 354 -
846 330 899 369 23,
926 332 947 365 2
972 335 1060 365 Nam
1087 337 1208 365 sancta
1233 336 1343 365 mater
1367 334 1414 367 A:
1447 333 1505 365 Me
1531 337 1640 365 mater

74 382 195 411 sancta
228 378 276 417 E;
315 379 371 410 1510
404 379 537 410 scamni
568 377 658 409 lacte
692 380 738 417 03
776 378 866 410 lactc
898 379 968 410 iam
1002 379 1047 418 F,
1081 379 1170 410 lacte
1203 389 1352 421 namque
1385 378 1429 416 C,
1464 379 1553 410 lacte
1586 389 1639 410 mc

73 423 247 456 catholico
281 423 325 455 A-
360 423 531 455 catholico
563 423 649 454 fehlt
683 423 726 454 E.
751 440 794 445 —
819 419 873 461 23,
906 422 927 455 3
953 434 1088 455 omnem
1115 424 1194 458 BE:
1228 424 1382 456 ecclesae
1408 424 1446 455 B.
1472 441 1515 446 —
1539 421 1595 461 23,
1620 422 1641 454 4

73 469 217 502 Hubere
247 470 284 500 B.
318 485 363 490 —-
395 466 457 505 24,
495 467 510 500 1
540 469 691 500 trinitati
716 469 791 500 AD.
817 485 861 490 -—
885 465 939 505 24,
964 467 985 501 3
1012 479 1124 501 meum
1150 469 1194 508 C·,
1228 480 1303 501 meo
1329 469 1377 501 A:
1410 471 1445 500 in
1471 480 1530 501 ore
1555 469 1641 500 fehlt

74 515 121 554 (13
148 518 273 546 sonnet
297 515 414 545 omnia
441 524 500 556 per
524 514 574 553 E;
610 515 645 545 in
671 524 772 545 omne
799 525 860 556 per
884 514 958 553 BF3
992 514 1169 546 saeculum
1195 515 1264 547 AC.
1293 534 1332 538 —
1368 513 1421 552 24,
1450 513 1472 546 4
1497 515 1641 546 Domini

73 560 154 600 AD3
180 560 368 591 Dominum
394 559 431 591 F.

165 606 240 645 „De
254 605 504 637 lamentatione
517 603 718 636 cuiusdam“
736 605 782 636 A:
799 605 950 645 „Versus
964 604 1195 636 confessionis
1207 605 1250 637 de
1264 605 1359 637 luctu
1378 604 1636 647 paenitentiae“

73 651 120 691 B,
140 650 290 691 „Versus
307 650 348 682 de
366 648 600 692 paenitentia“
618 650 659 689 C3
682 651 831 691 „Versus
849 651 961 681 sancti
981 650 1111 681 Hilarii
1131 651 1299 692 episcopi,
1318 651 1401 682 almi
1419 650 1639 687 confessoris,

73 706 162 738 quos
194 696 391 738 composuit
425 697 461 727 in
492 697 695 729 novissimis
725 695 848 727 diebus
874 696 947 726 suis
981 695 1094 727 flendo
1126 699 1231 737 atque
1261 696 1408 728 fideliter
1433 695 1641 737 paenitendo

74 744 218 784 peccata
242 738 324 773 sua“
352 741 388 772 F.
416 757 459 762 —
488 742 560 772 Aus
585 741 615 772 A
642 741 697 773 bei
722 741 826 772 Mone
851 741 879 779 1,
911 737 977 772 387
1003 740 1036 771 ff.
1060 741 1164 783 (Irrig-
1188 742 1234 772 ist
1258 741 1314 773 die
1340 742 1484 783 Angabe
1509 742 1642 778 Mones,

75 786 152 818 dass
185 787 214 818 A
251 785 279 825 1,
317 785 331 817 1
367 786 420 818 Ad
454 787 542 818 caeli
575 786 745 818 culmen
779 796 849 817 non
882 796 957 817 sum
991 785 1118 827 dig-nus
1151 786 1252 825 lese);
1285 798 1348 818 aus
1382 787 1409 818 B
1435 786 1505 818 und
1532 786 1563 818 E
1585 787 1642 818 bei

74 833 131 864 Du
154 829 258 863 Meril
284 832 329 870 11,
364 829 429 863 297
454 831 487 863 ff.
535 831 606 863 Ein
631 831 825 864 schlechter
850 831 1015 863 Abdruck
1041 832 1096 864 bei
1120 832 1238 867 Pitra,
1272 832 1441 864 Analecta
1466 832 1575 864 Sacra
1599 832 1642 870 V,

76 874 140 910 138
165 877 210 916 ff„
234 877 440 909 wiederholt
470 878 508 908 in
532 877 734 908 Zeitschrift
757 877 812 908 fiir
836 876 933 908 kath.
958 876 1083 909 Theol.
1108 877 1207 917 XIII,
1234 875 1299 909 737
1324 877 1358 910 ff.
1384 895 1427 899 -
1451 877 1642 909 Madrisius

74 922 206 954 kannte
240 933 310 954 von
347 922 478 954 diesem
511 923 672 964 Hymnus
708 933 775 954 nur
810 922 867 954 die
900 923 985 954 zwei
1018 925 1133 954 ersten
1165 923 1235 954 und
1269 923 1325 954 die
1360 923 1482 955 beiden
1515 923 1643 954 letzten

75 967 249 1009 Strophen
275 968 346 1000 und
371 967 459 999 hielt
482 967 545 999 das
571 967 720 1000 Gedicht
743 968 797 999 fiir
821 968 999 1007 verloren3
1028 967 1085 1000 die
1103 967 1340 1000 Bruchstiicke
1365 970 1541 1010 geniigten
1558 968 1642 1006 ihm,

75 1024 132 1045 um
156 1013 285 1045 Paulin
310 1014 363 1045 als
380 1013 447 1045 den
463 1013 644 1045 Verfasser
661 1024 704 1045 zu
721 1016 920 1045 vermuten:
950 1014 1066 1053 „Inter
1082 1012 1198 1055 Opera
1214 1025 1240 1045 s.
1260 1014 1391 1045 Hilarii
1409 1014 1643 1046 Pictaviensis

74 1060 230 1101 episcopi
253 1057 348 1099 (edit.
395 1058 508 1090 Paris.
545 1056 632 1090 1693
656 1059 722 1091 col.
752 1056 851 1099 1214)
883 1060 1049 1090 inseritur
1081 1058 1262 1100 rhythmus
1297 1059 1458 1101 quidam,
1493 1060 1570 1100 qui,
1604 1062 1643 1090 ut

75 1115 194 1136 verum
225 1104 346 1141 fatear,
379 1105 472 1146 sapit
504 1104 631 1146 stylum
664 1104 895 1146 phrasemque
927 1104 1081 1136 Paulini.
1154 1104 1286 1147 (Migne
1322 1105 1344 1136 l.
1371 1116 1398 1136 c.
1425 1102 1514 1143 501).
1562 1104 1642 1146 Vgl.

72 1160 107 1181 u.
139 1159 170 1181 a.
205 1149 271 1182 Str.
309 1148 351 1181 14
384 1151 447 1181 mit
477 1151 537 1182 Nr.
565 1148 620 1189 (4),
653 1150 721 1182 Str.
753 1147 784 1181 2.
817 1167 861 1172 —
893 1151 922 1181 A
956 1149 1051 1182 hatte
1081 1151 1141 1182 Dr.
1167 1150 1206 1182 A.
1233 1150 1367 1182 Holder
1391 1150 1447 1182 die
1472 1150 1562 1183 Gfite
1590 1150 1644 1181 fiir

73 1195 166 1227 mich
190 1195 369 1227 nochmals
395 1205 437 1226 zu
461 1195 693 1238 vergleichen.
