2031 3289
333 377 422 415 160.

332 661 423 698 165.

331 943 422 980 170.

326 1509 418 1546 180.

323 1793 413 1829 185.

320 2076 410 2113 190.

317 2360 410 2397 195.

314 2646 406 2681 200.

311 2927 404 2963 205).

937 203 1246 244 —130—

459 317 588 354 Mente
619 316 824 354 fornicaria

455 374 526 411 Dei
557 374 613 411 sui
645 372 787 420 refuga,

458 430 609 467 Debens
641 431 674 466 ei
707 431 870 477 plurima

457 487 698 524 Talentorum
731 487 846 532 milia,

457 545 490 581 A
524 544 626 580 cuius
658 543 801 580 iustitia

456 601 571 638 Nulla
601 604 686 636 sunt
717 599 862 647 effugia,

457 656 554 702 Tibi,
587 657 732 703 lampas
770 656 896 701 rutila,

457 714 700 750 Peccatorum
732 713 862 750 nubila

455 770 605 807 Pellens
639 770 721 806 luce
754 769 873 815 deica‚

454 827 668 864 Proclamat
699 826 927 863 humillima:

454 883 529 921 Ubi
561 893 612 928 es⁷
645 894 666 919 o
698 882 879 920 domina?

456 940 688 987 Miseratrbc,
721 939 871 985 adiuva,

454 997 695 1043 Tempestate
725 996 853 1033 valida

452 1054 562 1091 Vitae
593 1064 697 1090 meae
728 1052 903 1099 squalida

455 1110 643 1147 Premitur
671 1109 846 1146 navicula

454 1167 531 1203 lam
563 1177 632 1212 per
662 1166 780 1203 multa
812 1170 995 1212 tempora.

384 1229 419 1260 Γ.
451 1223 711 1260 Obscurantur
741 1222 883 1270 nubila,

451 1280 735 1318 Comminantur
765 1278 934 1329 fulmina,

453 1337 701 1383 perstrepunt
730 1336 909 1383 tonitrua,

452 1393 536 1431 Nox
568 1394 604 1429 in
637 1403 677 1429 se
708 1392 938 1439 taeterrima,

450 1451 498 1487 Vi
529 1454 725 1487 ventorum
757 1448 870 1486 effera

451 1507 656 1553 Agitantur
685 1517 861 1552 aequora,

455 1564 629 1601 I’rocella
658 1563 877 1600 saevissima

449 1621 575 1667 Quatit
608 1630 744 1666 prorae
774 1620 908 1668 latera,

450 1677 510 1714 Sic
542 1675 673 1713 infelix
706 1677 844 1719 navita,

449 1734 477 1769 Y
483 1733 517 1770 ir
546 1734 679 1780 plenus
710 1733 865 1776 malitia,

448 1792 551 1828 Inter
581 1794 635 1827 tot
669 1790 888 1826 discrimina

447 1847 535 1886 Sola
565 1858 728 1894 pensans
759 1847 892 1883 ultima

444 1904 670 1950 Timensque
701 1903 907 1940 iustissima

443 1961 625 1997 Damnari
656 1960 842 1996 sententia

443 2019 535 2056 Cum
567 2017 701 2064 grandi
733 2016 871 2054 fiducia

444 2074 612 2121 Supplex
645 2085 709 2111 oro
743 2073 855 2111 talia:

444 2131 586 2170 Christi
618 2135 738 2168 mater
768 2130 920 2177 innuba,

442 2188 601 2236 Adesto,
633 2188 816 2235 piissima,

442 2245 601 2282 Noctem
632 2245 730 2281 hanc
759 2243 931 2281 illumina

441 2301 492 2338 Et
521 2301 728 2348 procellam
759 2300 900 2348 mitiga.

443 2358 538 2396 Veni
569 2363 606 2395 et
634 2358 815 2406 accelera,

443 2414 607 2453 Subveni
638 2420 675 2451 et
705 2414 826 2451 libera

442 2472 498 2509 De
527 2472 659 2509 mortis
694 2471 867 2519 angustia

440 2529 490 2565 Et
523 2529 716 2575 disrumpe
747 2527 909 2573 vincula,

441 2585 586 2631 Quibus
619 2585 905 2631 corruptissima

443 2643 653 2689 Impeditur
683 2643 820 2678 anima.

441 2699 503 2735 Sic
534 2710 604 2747 me,
637 2709 787 2745 quaeso,v
821 2696 969 2740 robora,

441 2756 498 2791 No
529 2756 679 2801 tyranni
710 2755 846 2802 pedica

442 2812 654 2849 Peccatoris
686 2812 833 2849 lubrica

439 2869 570 2916 sapiat
604 2869 776 2915 vestigia.

441 2926 556 2969 Virgo
589 2925 868 2973 benignissima,

1143 544 1236 582 210.

1142 826 1235 864 215.

1142 1108 1234 1145 220.

1139 1391 1232 1428 225.

1135 1675 1227 1713 230.

1132 1959 1225 1996 235.

1132 2243 1227 2280 240.

1131 2527 1225 2564 245.

1128 2811 1149 2846 [ὑ

1156 2811 1177 2847 ς;ι

1184 2810 1207 2847 0

1273 319 1461 354 Reverens
1490 321 1527 354 et
1556 318 1693 367 sobria,

1269 374 1376 410 Mitis
1411 378 1445 410 et
1478 373 1698 420 humillima,

1270 429 1386 467 Dives
1417 434 1454 466 et
1484 430 1670 473 munifica,

1271 486 1429 532 Sapiens
1461 491 1496 523 et
1528 488 1700 534 provida,

1270 543 1373 579 Bona
1407 543 1499 579 dans
1531 544 1698 593 consilia,

1270 599 1311 635 In
1344 610 1478 645 magna
1508 601 1661 636 miseria

1270 655 1320 692 Et
1350 656 1455 702 gravi
1486 657 1645 702 penuria

1269 712 1349 748 Tua
1379 713 1590 760 patrocinia

1267 769 1355 805 Mea
1384 769 1479 815 petit
1509 770 1645 809 anima.

1268 825 1393 872 Egens
1424 829 1459 861 et
1492 824 1665 863 famelica

1267 881 1319 918 Et
1348 882 1480 918 salutis
1511 883 1653 929 indiga,

1267 938 1454 984 Lugubris
1486 944 1523 975 et
1552 941 1677 985 anxia,

1268 994 1496 1032 Gehennalis
1528 995 1682 1043 stipula,

1267 1051 1306 1087 Si
1337 1051 1597 1088 misericordia

1267 1107 1352 1144 Non
1383 1112 1580 1146 succurrat
1610 1108 1783 1148 maxima.

1264 1164 1366 1201 Voce
1398 1165 1641 1201 devotissima

1264 1221 1349 1257 Tibi
1382 1221 1570 1258 clamans:
1602 1222 1740 1258 adiuva

1265 1278 1385 1322 Prius,
1418 1289 1526 1324 quam
1560 1288 1618 1314 me
1651 1278 1780 1315 debita

1264 1334 1429 1380 Rapiant
1459 1335 1656 1381 supplicia¹

1267 1390 1442 1428 Gloriosa
1473 1390 1612 1428 femina

1263 1447 1314 1484 Et
1344 1448 1429 1494 plus
1460 1459 1571 1494 quam
1601 1448 1783 1495 angelica,

1263 1504 1368 1541 Inter
1394 1504 1595 1542 luminaria

1267 1560 1372 1598 Caeli
1402 1561 1465 1598 lux
1497 1561 1691 1608 primaria,

1262 1617 1406 1667 Gaude,
1439 1616 1691 1655 famosissima

1262 1674 1427 1720 Replens
1458 1675 1560 1711 orbis
1592 1675 1766 1720 climata3

1267 1731 1451 1767 Virtutum
1487 1729 1690 1778 fraglantia

1260 1787 1451 1834 Superans
1483 1792 1663 1837 aromata,

1259 1844 1390 1882 Herba
1421 1843 1630 1892 salutifera,

1261 1901 1415 1938 Cunctis
1446 1902 1659 1938 necessaria

1258 1957 1413 1994 Habens
1445 1958 1694 1995 medicamina

1256 2014 1374 2051 Morti
1406 2015 1633 2055 resistentia,

1257 2072 1463 2118 Responde
1494 2070 1666 2119 pacifica,

1258 2128 1330 2165 Dic
1361 2129 1623 2178 consolatoria,

1256 2185 1419 2231 Largire
1449 2185 1616 2222 salubria

1257 2242 1308 2279 Et
1340 2246 1470 2279 averte
1499 2242 1624 2291 noxia,

1256 2298 1378 2335 Tuere
1409 2299 1574 2346 propitia

1256 2355 1399 2392 Domus
1431 2355 1539 2392 huius
1571 2354 1729 2392 moenia.

1257 2412 1343 2449 Iesu
1374 2412 1524 2450 Christo
1556 2411 1727 2458 supplica

1258 2468 1350 2505 Cum
1383 2469 1481 2505 omni
1514 2468 1704 2517 instantia,

1258 2526 1310 2564 Ut
1343 2536 1408 2562 nos
1440 2535 1524 2562 reos
1555 2525 1713 2571 propria

1256 2582 1402 2619 Foveat
1433 2581 1604 2620 custodia

1252 2640 1311 2676 Ac
1341 2639 1556 2686 spiritualia

1255 2695 1373 2732 Nobis
1407 2696 1499 2733 dans
1532 2695 1756 2732 charismata

1255 2753 1464 2790 Salvatrice
1495 2752 1618 2797 gratia

1214 2837 1221 2845 .
1255 2809 1394 2846 Nostra
1425 2812 1561 2855 purget
1593 2808 1724 2844 intima

1252 2866 1303 2902 Et
1333 2866 1453 2902 sancti
1485 2863 1653 2902 salvifica

1252 2922 1416 2968 Spiritus
1447 2921 1673 2968 praesentia,
