2031 3289
914 189 966 193 —
1026 165 1108 206 230
1167 188 1223 194 —

680 332 760 366 17⁶2.
798 332 856 373 (1.)
891 332 950 366 De
975 331 1165 366 Paschali
1190 331 1448 367 Festivitate.

823 400 1038 432 Sedulius
1070 401 1331 442 composuit.

436 494 470 531 1.
518 493 623 531 Haec
654 497 712 528 est
742 492 842 529 alma
875 492 968 539 dies,
999 496 1215 528 sanctarum
1247 495 1378 528 sancta
1410 491 1568 539 dierum,

575 548 685 585 Veris
717 548 877 595 pulcher
906 548 1025 585 honos
1056 546 1304 594 signiferique
1336 549 1462 587 decus.

517 605 591 642 Hic
621 609 678 641 est
708 615 869 651 namque
901 604 996 653 dies,
1027 604 1210 641 Dominus
1241 615 1350 650 quem
1383 603 1475 641 fecit
1504 605 1621 655 Iesus,

573 662 616 698 In
648 672 721 707 quo
752 662 915 698 laetetur
945 662 1128 698 cosmicus
1160 660 1264 697 orbis
1294 671 1424 700 ovans,

429 766 466 803 2.
521 763 698 801 Crinibus
730 763 830 800 hunc
860 763 980 799 niveis
1013 773 1145 799 croceo
1177 763 1336 799 vestitus
1367 763 1507 800 amictu

576 820 674 857 Solis
706 819 753 856 ab
786 823 921 856 exortu
951 818 1100 864 lucifer,
1133 829 1232 865 ecce,
1265 823 1405 865 stupet.

520 876 654 915 Clarus
685 881 720 913 et
753 875 921 912 occiduis
953 876 1141 912 rutilascit
1173 876 1319 922 Vesper
1348 876 1387 912 in
1418 875 1519 912 horis

571 935 699 979 Atque
731 932 789 969 sui
819 932 972 969 Domini
1004 932 1127 969 noscit
1158 942 1285 969 amore
1317 932 1428 969 diem.

434 1033 475 1074 3.
524 1035 668 1071 Vernat
699 1033 883 1080 stelligeri
915 1033 1145 1080 septemtrio
1177 1033 1333 1070 cardine
1365 1033 1459 1070 caeli

576 1091 682 1128 Haec
713 1089 930 1137 septenaria
962 1089 1139 1136 lampade
1170 1088 1267 1126 festa
1299 1090 1439 1128 colens.

512 1147 681 1194 Aegypti
720 1146 898 1184 tenebras
932 1146 1104 1192 dispellit
1134 1146 1217 1182 luce
1248 1147 1424 1192 Canopus

569 1205 628 1241 Ac
659 1204 714 1240 sic
749 1202 921 1240 lucifluos
952 1203 1100 1249 spargit
1128 1202 1176 1239 ab
1208 1213 1273 1239 ore
1303 1202 1446 1249 globos.

431 1309 469 1345 4.
516 1308 650 1344 Aurea
680 1306 870 1343 sideream
901 1304 1130 1342 transcurrit
1161 1305 1249 1342 luna
1281 1315 1349 1351 per
1379 1304 1561 1350 aethram,

573 1362 738 1400 Gestaris
771 1361 1044 1408 sceptrigerum
1076 1371 1174 1398 nunc
1207 1361 1384 1398 diadema
1414 1372 1550 1398 novum

516 1420 681 1466 Ipsaque
712 1418 933 1455 celsithroni
964 1418 1125 1455 miratur
1156 1428 1295 1454 cornua
1329 1417 1470 1455 Christi

569 1475 765 1521 Exaltata‚
798 1475 855 1512 sui
886 1475 1071 1521 principis
1102 1485 1146 1512 ac
1179 1474 1332 1513 domini.

431 1581 467 1617 5.
515 1577 629 1614 Titan
657 1575 878 1623 gemmigeri
910 1579 1078 1612 centrum
1111 1575 1330 1612 conscendit
1362 1575 1525 1624 Olympi,

571 1633 724 1671 Ardens
755 1631 1018 1670 flammivomis
1050 1632 1199 1682 emicat,
1232 1642 1331 1681 ecce,
1365 1632 1471 1670 rotis.

516 1690 713 1727 Victorem
747 1689 913 1726 celebrat
946 1688 1136 1726 Christum
1168 1692 1251 1726 rota
1282 1687 1429 1736 fulgida
1463 1689 1565 1738 solis,

568 1747 671 1783 Dum
706 1745 749 1783 fit
779 1749 890 1782 nocte
920 1745 1044 1781 nitens
1075 1745 1195 1782 maior
1224 1746 1261 1781 in
1293 1746 1385 1782 orbe
1417 1746 1509 1783 dies.

429 1850 465 1887 6.
514 1848 644 1885 Tellus
675 1846 872 1894 florigeras
899 1847 1081 1893 turgescit
1111 1847 1279 1894 germine
1310 1847 1445 1884 bulbas

575 1904 757 1942 Floribus
789 1909 823 1941 et
856 1904 998 1951 pictum
1030 1904 1170 1951 gaudet
1200 1903 1341 1940 habere
1371 1904 1539 1950 peplum.

517 1961 629 1999 Nunc
662 1961 792 1998 variae
823 1961 995 1997 volucres
1026 1960 1263 2006 permulcent
1295 1960 1449 1998 aethera
1482 1963 1605 2005 cantu,

574 2018 748 2055 Produnt
778 2017 970 2065 organulis
1003 2018 1102 2054 celsa
1133 2022 1290 2063 tropaea
1320 2017 1439 2056 noviS.

431 2122 467 2158 7.
517 2120 722 2158 Exsultant
755 2119 862 2163 caeli,
895 2119 1060 2156 laetatur
1089 2122 1236 2155 terreus
1268 2118 1382 2168 orbis,

574 2177 685 2214 Nunc
716 2176 886 2213 Alleluia
917 2175 1222 2223 centuplicatque
1252 2178 1375 2213 tonos.

514 2233 624 2270 Nunc
656 2232 793 2269 chorus
825 2232 1009 2269 ecclesiae
1039 2231 1260 2279 hymnizans
1292 2231 1440 2268 cantica
1471 2230 1561 2268 Sion

568 2289 630 2326 Ad
662 2289 757 2326 caeli
787 2299 945 2336 superos
975 2288 1076 2326 tollit
1102 2288 1284 2325 Hosanna
1314 2288 1433 2334 polos.

372 2390 452 2422 Cod.
480 2390 639 2422 Vatican.
667 2389 818 2421 Palatia.
845 2387 921 2421 591.
951 2399 1041 2421 saec.
1069 2387 1119 2420 15.
1146 2405 1187 2410 —
1217 2386 1255 2427 3,
1289 2386 1310 2420 3
1336 2389 1508 2430 Canopos.
1534 2405 1576 2408 —
1603 2385 1642 2424 6,
1674 2384 1689 2418 1
1717 2386 1842 2418 bullas.

278 2452 322 2456 —
342 2436 532 2473 Dtimmler,
553 2435 686 2467 Sedulii
706 2436 871 2466 Carmina
889 2445 920 2475 p.
940 2432 982 2466 27
1001 2444 1070 2476 sq.;
1090 2435 1239 2474 Traube,
1258 2435 1387 2465 Poetae
1404 2434 1491 2465 Aevi
1511 2433 1665 2466 Carolini
1683 2432 1746 2470 ΙΙΙ,
1768 2429 1844 2462 218.

702 2602 784 2638 173.
821 2602 878 2645 (2.)
913 2602 1021 2637 Idem
1047 2600 1201 2637 Contra
1226 2601 1409 2643 Plagam.

542 2710 578 2747 1.
628 2709 767 2746 Libera
798 2708 947 2756 plebem
980 2707 1049 2745 tibi
1080 2707 1322 2757 servientem,

629 2767 692 2803 Ira
722 2766 895 2802 mitescat
926 2770 1001 2814 tua,
1033 2768 1161 2801 sancte
1193 2768 1330 2811 rector,

626 2822 821 2860 Lacrimas
853 2822 1017 2858 clemens
1048 2821 1282 2867 gemitusque
1312 2830 1460 2856 amaros

824 2878 997 2924 Respice,
1032 2877 1193 2916 Christe.
