1914 3223
70 317 119 356 ,5-

175 316 279 363 Ergo
307 315 404 359 veni,
436 315 522 351 Iesu
553 313 662 362 bone,

170 374 214 410 In
247 382 312 408 cor
342 381 463 409 meum
497 374 534 407 te
565 381 718 418 repone,

164 429 263 466 Esto
294 438 439 465 mecum
473 427 546 465 ista
582 428 676 474 vice,

169 485 198 524 Ο
231 484 371 522 dilecte
402 484 452 520 mi
483 483 616 529 amice,

227 540 288 579 Sic
323 541 462 589 venias,
496 544 536 577 ut
566 540 739 577 sentiam.

169 599 248 636 Iam
287 608 351 634 cor
381 607 503 634 mcum
537 597 720 634 dilatatur

167 655 219 692 Et
249 654 323 691 iam
356 654 393 690 in
425 658 462 690 te
494 653 717 696 delectatur,

162 711 288 748 Sentit
321 721 410 748 vere
442 714 478 747 te
509 715 760 758 praesentem,

166 767 289 805 Sentit
320 771 357 803 te
388 768 426 803 in
457 776 497 804 se
527 771 754 816 manentem,

224 824 453 870 Praegustat
484 833 635 861 suavem
658 823 830 870 gratiam.

162 993 192 1032 Ο
224 1004 332 1040 quam
366 993 488 1031 dulcis
519 993 581 1030 hic
611 992 780 1038 affectus,

162 1051 241 1096 Quo
271 1051 345 1087 iam
373 1050 512 1097 gaudet
535 1059 656 1087 meum
678 1054 824 1099 pectus,

162 1107 332 1144 Blandus
364 1118 471 1144 amor
500 1110 613 1154 atque
643 1106 740 1143 lenis

162 1164 261 1201 Meis
294 1167 400 1201 natat
430 1164 504 1200 iam
536 1164 574 1200 in
607 1164 726 1208 venis,

219 1220 249 1258 Ο
286 1224 414 1258 tantae
445 1224 571 1267 grates
602 1221 767 1267 gratiae!

161 1277 270 1323 Mihi,
306 1287 406 1323 care,
439 1281 630 1323 coaptare,

159 1333 257 1371 Mihi
285 1337 385 1371 totus
406 1333 603 1380 adplicare

161 1390 216 1428 Te
246 1394 436 1428 amantem
467 1390 688 1436 amplexare

157 1447 210 1485 Et
241 1457 307 1484 cor
337 1457 459 1484 meum
492 1447 685 1489 osculare;

216 1503 246 1542 O
278 1503 400 1550 qualis
431 1503 493 1541 hic
524 1514 563 1540 es
594 1502 730 1541 hodie!

158 1674 188 1712 Ο
222 1674 385 1711 dulcedo
415 1684 550 1721 magna
581 1673 666 1720 Dei,

160 1731 282 1777 Imple
313 1731 434 1768 sinum
468 1730 594 1767 cordis
626 1729 711 1777 mei,

157 1787 269 1824 Dulis
302 1798 421 1835 amor,
452 1790 710 1836 augmentare,

158 1844 351 1890 Quidquid
382 1844 521 1892 placet,
556 1853 729 1890 operare,

214 1900 273 1937 Da
304 1900 378 1936 mel
411 1905 445 1936 et
479 1898 606 1937 favum
636 1900 778 1947 ingere.

162 1956 306 1994 Cellam
338 1957 477 2006 pande,
510 1956 599 2003 plue
629 1956 768 2006 vinum,

156 2013 292 2051 Funde
323 2014 395 2059 lac,
430 2014 477 2051 da
508 2013 583 2050 mel
614 2012 796 2060 divinum,

155 2070 214 2107 De
243 2075 415 2107 torrente
445 2069 651 2116 voluptatis

158 2126 282 2175 Large
317 2127 378 2171 da,
409 2138 495 2164 nam
527 2126 643 2163 habes
675 2126 791 2176 satis,

218 2183 301 2221 Non
335 2188 493 2231 possunt
518 2184 612 2220 haec
633 2181 822 2220 sufficere.

109 2382 117 2390 .
166 2352 302 2389 Temet
332 2353 456 2399 ipsum
490 2352 599 2390 dabis
630 2357 763 2403 totum,

155 2408 223 2446 Da
259 2408 306 2445 dc
337 2407 448 2446 manu
479 2414 542 2446 tua
572 2413 715 2457 potum,

169 2464 311 2502 Cellam
343 2471 443 2502 tuam
476 2466 577 2503 intro
607 2470 743 2510 tecum,

166 2521 285 2559 Totus
317 2523 391 2559 eris
421 2522 474 2559 ibi
506 2533 663 2571 mecum,

224 2578 392 2616 Daturus
425 2579 534 2616 dulce
565 2580 753 2626 poculum.

167 2634 227 2672 Da
258 2640 293 2672 et
325 2640 474 2682 gustum
509 2636 556 2672 de
586 2636 721 2683 lagena

160 2690 420 2729 Granatorum
452 2697 574 2729 musto
605 2693 730 2741 plena,

170 2747 305 2786 Cordis
337 2749 391 2785 tui
424 2749 471 2786 de
503 2749 627 2786 catino

166 2804 374 2853 Principali
413 2805 462 2843 da
493 2805 540 2843 de
570 2806 658 2842 vino

229 2862 318 2899 Post
341 2861 515 2909 poculum
539 2862 633 2899 dans
650 2861 830 2898 osculum.

873 993 936 1032 10.

870 1672 935 1712 11.

907 318 943 355 9.
991 313 1069 355 Iam
1104 305 1319 353 cormeum
1351 326 1424 353 non
1455 316 1503 352 sit
1530 326 1648 365 suum,

990 373 1103 409 Vivat
1134 372 1203 408 tibi
1234 373 1356 419 sitque
1387 376 1512 418 tuum3

992 428 1049 466 Sit
1080 430 1116 465 in
1149 433 1186 465 te
1218 433 1253 465 ct
1284 433 1324 465 tu
1355 429 1393 465 in
1424 440 1479 478 eo,

991 485 1042 523 Ut
1075 486 1242 532 quiescat
1274 486 1329 521 sic
1361 496 1443 522 cum
1476 485 1556 522 Deo

1047 541 1208 588 Fiatque
1240 553 1333 579 unus
1365 542 1535 588 spiritus.

990 597 1124 635 Cordis
1157 599 1228 635 mei
1260 599 1297 635 in
1330 599 1500 635 conclavi

989 655 1089 692 Fare
1121 654 1211 690 mihi
1244 666 1334 692 voce
1365 656 1483 699 suavi,

989 709 1135 757 Sponse
1165 721 1269 748 meus
1299 716 1374 748 tam
1408 711 1558 754 dilecte,

989 766 1212 814 Singularis.
1246 769 1471 815 piaeelecte,

1045 823 1160 867 Quem
1194 824 1311 871 diligo
1343 824 1576 863 medullitus.

985 992 1045 1030 Da,
1078 1003 1300 1040 responsum
1334 994 1574 1042 colloquenti,

985 1049 1039 1086 Te
1071 1060 1116 1086 ex
1149 1050 1264 1087 corde
1296 1050 1574 1099 complectenti,

983 1106 1027 1143 In
1058 1106 1203 1153 meipso
1241 1112 1280 1143 tu
1311 1107 1477 1153 loquaris

982 1162 1046 1209 Et,
1079 1166 1120 1200 ut
1150 1163 1250 1200 intus
1282 1163 1464 1209 audiaris,

1039 1219 1224 1257 Auditum
1258 1220 1384 1257 cordis
1415 1220 1535 1268 aperi.

984 1277 1080 1323 Quid
1112 1277 1150 1313 in
1182 1277 1297 1313 caelis
1329 1276 1418 1313 mihi
1452 1277 1538 1324 eris,

981 1334 1052 1380 Qui
1085 1336 1161 1370 tam
1195 1333 1316 1370 dulcis
1349 1333 1409 1369 hic
1439 1333 1623 1370 haberis?

982 1390 1081 1435 Quid
1113 1400 1151 1426 es
1183 1389 1249 1434 ibi,
1283 1400 1349 1427 rex
1384 1390 1586 1439 caelorum,

982 1446 1126 1484 Choros
1162 1446 1324 1493 implens
1356 1447 1589 1494 angelorum,

1039 1503 1109 1549 Qui
1141 1503 1228 1540 talis
1260 1503 1321 1539 hic
1353 1514 1392 1540 es
1424 1502 1615 1551 pauperi?

984 1672 1060 1711 Ubi
1091 1672 1218 1709 lucent
1250 1678 1306 1709 tot
1337 1683 1512 1719 coronae,

980 1731 1067 1767 Iesu
1099 1729 1234 1775 dulcis,
1268 1730 1355 1766 Iesu
1386 1729 1495 1778 bone,

978 1787 1098 1832 Quam
1131 1796 1170 1822 es
1201 1785 1254 1822 ibi
1277 1785 1473 1833 ,gloriosus

977 1843 1029 1880 Et
1059 1842 1210 1879 omnino
1242 1843 1416 1889 copiosus

1035 1900 1153 1945 Quam
1186 1899 1313 1946 largus
1343 1899 1382 1936 in
1415 1899 1628 1937 dulcedine.

977 1957 1059 1994 Tuo
1095 1961 1232 1993 vacant
1262 1956 1300 1992 in
1331 1966 1473 2002 amore,

977 2012 1047 2059 Qui
1077 2017 1114 2048 te
1145 2012 1277 2049 vident
1306 2012 1344 2049 in
1377 2012 1526 2058 decore,

976 2069 1040 2109 Ad
1081 2073 1157 2107 tam
1196 2069 1307 2107 dulce
1338 2068 1639 2106 blandimentum

979 2127 1071 2163 Post
1102 2125 1173 2162 hoc
1203 2125 1328 2162 carnis
1359 2130 1616 2172 tegumentum

1034 2182 1099 2220 Me
1136 2180 1194 2219 fer
1224 2193 1294 2230 pro
1326 2187 1389 2220 tuo
1421 2183 1584 2221 nomine.

878 2353 944 2391 12.
991 2351 1067 2390 Ubi
1100 2362 1224 2388 coram
1258 2356 1321 2388 tuo
1353 2352 1473 2397 vultu,

987 2408 1135 2454 Raptus
1168 2409 1292 2445 carnis
1326 2408 1372 2444 de
1403 2408 1578 2457 tumultu,

986 2466 1112 2503 Fruar
1147 2468 1184 2501 te
1214 2475 1284 2511 pro
1312 2465 1409 2501 velle
1440 2475 1535 2513 meo,

987 2521 1153 2559 Satiatus
1186 2521 1288 2558 dulci
1318 2521 1399 2558 Deo

1045 2578 1186 2615 Amore
1217 2577 1417 2616 individuo

989 2635 1161 2681 Languet
1188 2645 1310 2671 meum
1343 2644 1407 2671 cor
1438 2638 1472 2670 et
1505 2636 1602 2682 aret,

984 2690 1234 2737 Quoadusque
1265 2701 1338 2727 non
1370 2694 1543 2738 apparet,

988 2747 1103 2785 Cuius
1134 2757 1192 2783 me
1222 2746 1360 2794 sagitta
1391 2746 1501 2790 ferit;

988 2804 1018 2841 O
1049 2814 1159 2850 quam
1192 2803 1286 2841 bene
1318 2803 1409 2840 mihi
1441 2803 1524 2849 erit,

1043 2860 1134 2897 Cum
1167 2858 1273 2897 fruar
1303 2867 1341 2897 tc
1372 2860 1580 2908 perpetuo!
