2031 3289
916 196 1219 238 —364—

306 308 371 347 17.
403 308 499 346 Filii
529 309 635 346 Evae
667 308 817 355 veteris,

300 1081 363 1119 18.

294 1857 358 1894 19.

287 2625 352 2663 20.

400 365 546 402 Matris
578 375 695 414 meae,
727 375 822 410 quae
853 363 1007 402 sceleris

458 421 592 459 Mundi
624 432 728 457 suum
760 421 908 457 initium

403 478 525 516 Causa
555 479 732 513 tumentis
760 477 898 514 ulceris

401 534 631 571 Pullulantis
660 533 700 570 in
731 535 892 579 posteris

456 591 627 627 Fuerunt
657 591 910 638 seminarium,

402 645 477 683 Cur
506 644 590 693 fleo,
622 646 710 682 dum
740 646 787 682 ob
819 646 950 683 vitium

401 702 542 739 Contra
573 713 630 738 me
661 703 786 738 mitem
819 703 964 739 mitium

458 759 723 805 Pugnaverunt
753 759 791 795 in
822 758 967 810 inferis,

401 816 573 860 Asperae
604 815 733 851 mortis
763 816 930 862 gladium

402 871 601 907 Vibrantes
632 876 764 908 contra
793 871 911 908 filium

456 927 584 973 Usque
615 929 653 964 in
684 928 819 965 vulnus
850 928 994 967 lateris,

398 1080 604 1117 Custodem
634 1091 693 1117 me
719 1083 932 1126 posuerunt

396 1137 618 1184 Ignorantes
651 1142 688 1173 et
719 1136 891 1173 fecerunt

450 1193 586 1230 Mundi
620 1194 729 1230 huius
759 1193 802 1230 in
830 1193 963 1237 vineis,

395 1250 493 1286 Nam
517 1261 657 1293 omnes,
680 1250 743 1296 qui
761 1255 844 1286 sunt
863 1255 901 1286 et
918 1254 1028 1287 erunt

395 1307 445 1344 Et
477 1305 621 1343 fructus
652 1307 814 1353 optimos
845 1310 991 1353 gerunt,

449 1363 529 1400 Iam
560 1363 654 1400 fiunt
684 1363 753 1400 sub
785 1363 884 1399 curis
909 1363 1024 1413 meis3

394 1420 558 1466 Propter
587 1420 657 1456 hoc
685 1420 722 1455 in
754 1419 915 1466 lapideis

393 1476 568 1521 Tuguriis
600 1481 636 1512 et
666 1477 799 1523 ligneis

446 1533 511 1569 Me
524 1533 702 1569 latentem
714 1538 843 1579 gentes
856 1533 1051 1581 quaerunt,

393 1588 451 1625 Ne
482 1600 504 1625 a
534 1588 626 1626 feris
658 1589 848 1626 extraneis

392 1645 680 1683 Vindemientur
710 1646 859 1694 plateis,

447 1702 523 1740 Ubi
553 1714 594 1739 se
626 1703 849 1749 quandoque
881 1701 1022 1741 ferunt.

395 1855 555 1892 Vineam
587 1866 710 1892 meam
744 1857 935 1906 optimam,

391 1911 579 1955 Sanctam,
612 1912 938 1960 pretiosissimam,

444 1968 626 2005 Nondum
662 1974 785 2005 tamen
823 1970 1021 2018 custodivi,

388 2025 484 2062 Nam
519 2026 695 2062 donatam
727 2026 775 2062 ad
807 2027 999 2064 victimam

390 2081 576 2128 Suamque
609 2083 760 2119 dantem
792 2084 955 2120 animam

444 2138 508 2175 Me
516 2144 728 2187 praesente,
747 2139 818 2176 heu
831 2151 899 2185 me,
913 2140 1017 2187 scivi,

389 2194 476 2239 Sed,
509 2196 659 2241 quando
691 2207 772 2232 eum
803 2198 955 2243 nequivi

385 2250 604 2288 Defendere
636 2253 694 2288 vel
725 2253 879 2301 nescivi,

445 2308 552 2346 Oculi
583 2309 656 2345 mei
688 2309 880 2346 lacrimam

385 2364 589 2401 Deducunt
621 2370 661 2402 ut
691 2364 814 2403 fontes
847 2367 935 2415 vivi,

384 2420 516 2458 Donec
547 2422 625 2458 cius
658 2422 819 2459 redivivi

447 2478 600 2514 Videam
633 2478 768 2515 faciem
801 2479 973 2524 primam.

384 2625 525 2662 Indica
556 2625 664 2673 mihi,
696 2624 762 2672 fili,
795 2632 831 2663 te

384 2681 589 2718 Doloribus
621 2683 826 2729 expositae,

439 2738 557 2784 Quem
589 2749 676 2775 vere
706 2750 793 2776 mea
822 2741 959 2778 anima

383 2794 524 2842 Diliyz't
555 2800 591 2831 et
622 2805 729 2841 quem
761 2797 891 2843 stipite

384 2851 516 2888 Crucis
547 2862 701 2897 pensum
737 2857 773 2889 et,
804 2855 960 2900 palmite

437 2907 538 2943 Fera
570 2909 715 2945 voravit
746 2911 921 2958 pessima,

1214 311 1253 349 Si
1285 313 1333 350 ad
1365 313 1504 352 inferni
1535 313 1666 351 infima

1214 368 1455 408 Descendisti
1484 382 1553 417 pro
1586 369 1732 407 decima

1270 425 1435 473 Dragma
1469 427 1686 473 quaerenda
1718 426 1844 476 tacite,

1164 476 1167 480 ’
1214 480 1312 518 Cura
1343 483 1410 520 tibi
1442 483 1492 519 sit
1522 483 1686 520 maxima
1740 514 1746 515 ff

1114 741 1180 781 21.

1110 1516 1175 1554 22.

1104 2292 1169 2329 23.

1212 538 1455 576 Monstrandi
1485 544 1522 575 te
1553 543 1589 575 et
1619 539 1792 585 proxima

1270 594 1366 630 Mihi
1397 596 1568 642 languori
1598 595 1785 634 subditae.

1217 741 1291 779 Ubi
1315 751 1458 787 pascas
1490 744 1522 777 et
1552 753 1643 787 quas
1675 746 1818 788 gentes,

1212 798 1282 844 Qui
1314 808 1463 844 semper
1494 799 1702 834 esurientes

1269 854 1411 899 Pascis,
1442 855 1575 890 vellem
1598 864 1842 904 cognoscere,

1211 911 1280 956 Qui
1311 916 1348 946 te
1379 911 1496 947 solum
1529 911 1735 959 cupientes,

1209 967 1274 1004 Me
1306 972 1343 1002 et
1374 967 1578 1013 discipulos
1611 965 1743 1003 fientes

1266 1023 1426 1060 Voluisti
1458 1024 1691 1072 relinquere3

1209 1079 1266 1118 Mi
1297 1080 1446 1124 dilecte,
1480 1085 1684 1129 revertere,

1211 1136 1294 1174 Cito
1324 1137 1475 1173 veniens
1506 1147 1661 1183 pascere

1266 1193 1466 1230 Desolatas
1504 1197 1653 1230 nostras
1684 1198 1841 1240 mentes,

1208 1249 1471 1297 Recordando,
1505 1250 1604 1296 quod
1635 1254 1766 1285 tenere

1209 1306 1263 1342 Te
1295 1307 1382 1351 pavi
1414 1306 1515 1343 dulci
1545 1306 1662 1343 ubere

1265 1363 1381 1399 Lacte
1412 1374 1542 1409 presso
1569 1363 1668 1399 inter
1690 1362 1836 1401 dentes,

1212 1515 1286 1553 Ubi
1316 1516 1424 1553 cubes
1455 1521 1490 1552 et
1523 1525 1605 1552 cum
1637 1515 1784 1565 quibus,

1205 1572 1303 1609 Meis
1334 1576 1440 1618 patet
1469 1572 1676 1621 obtutibus,

1265 1629 1356 1666 Cum
1386 1628 1451 1665 fiat
1481 1629 1524 1665 in
1554 1629 1735 1674 meridie,·

1207 1685 1264 1722 Tu
1295 1686 1410 1722 cubas
1443 1696 1525 1722 cum
1556 1685 1767 1723 latronibus

1205 1742 1312 1779 Fixis
1342 1740 1380 1778 in
1413 1753 1522 1778 cruce
1554 1742 1725 1779 manibus

1263 1799 1425 1846 Postque
1459 1799 1574 1836 cubas
1605 1810 1674 1845 pro
1705 1800 1836 1846 requie

1203 1855 1439 1892 Monumenti
1472 1856 1622 1901 duritie,

1205 1912 1275 1957 Qui
1307 1912 1455 1949 solebas
1487 1913 1586 1948 omni
1623 1912 1683 1949 die

1261 1969 1311 2006 Et
1341 1967 1556 2006 clarefaetis
1584 1969 1757 2006 noctibus

1203 2025 1248 2062 In
1280 2025 1364 2062 sinu
1396 2025 1535 2062 cubare
1565 2025 1650 2072 piae

1204 2081 1307 2118 Tuae
1339 2083 1494 2119 relictae
1524 2083 1671 2120 Mariae

1260 2139 1402 2175 lunctis
1439 2139 1552 2176 castis
1583 2139 1833 2186 amplexibus.

1201 2290 1260 2327 Ne
1289 2291 1426 2338 vayari
1457 2291 1656 2339 incipiam,

1202 2347 1286 2393 Dic,
1318 2347 1383 2384 ubi
1415 2353 1451 2384 te
1481 2349 1682 2395 inveniam,

1258 2404 1349 2441 Cum
1382 2415 1554 2452 resurges
1585 2417 1606 2442 a
1637 2407 1807 2455 mortuiS‚

1201 2460 1276 2498 Ubi
1307 2472 1502 2499 occurram
1534 2463 1682 2500 obviam

1200 2517 1300 2564 Tibi,
1335 2518 1407 2565 dic,
1439 2525 1480 2556 ut
1512 2524 1614 2556 certa
1646 2518 1732 2556 fiam

1256 2574 1384 2611 Tersis
1416 2574 1581 2612 lacrimis
1612 2575 1792 2624 profluis;

1199 2630 1260 2667 Ad
1293 2636 1330 2667 te
1363 2632 1496 2668 vadam
1529 2637 1566 2669 et
1596 2638 1633 2669 te
1667 2633 1740 2670 tuis

1200 2687 1299 2723 Visis
1331 2688 1452 2734 plagis
1483 2688 1636 2736 irriguis

1256 2744 1328 2780 Per
1358 2750 1592 2782 emanantem
1623 2746 1782 2793 gratiam

1198 2801 1379 2838 Adorabo
1410 2807 1445 2837 et
1478 2802 1614 2839 mutuis

1198 2857 1460 2907 Amplexibus‚
1493 2859 1524 2895 si
1556 2859 1704 2907 adnuis,

1253 2914 1378 2951 Fruar
1408 2915 1554 2960 pellens
1585 2915 1791 2955 tristitiam.
