2031 3289
343 287 410 324 67.

344 1008 410 1045 68.

954 172 1252 213 —408—

440 285 503 323 Ex
532 297 607 331 quo
640 284 693 322 fui
724 285 941 332 oboediens,

438 342 589 380 Dilecto
618 352 767 387 semper
796 340 937 378 faciens

498 397 638 435 Sancta
668 402 705 433 et
734 398 833 434 iusta
863 408 992 447 opera,

437 454 489 491 Et
517 454 623 500 facta
652 464 735 490 sum
767 464 848 490 eum
880 454 1016 503 sciens,

439 510 579 548 Coram
614 521 653 546 eo
684 509 876 556 reperietis

496 564 619 614 Quasi
640 577 776 612 pacem
810 571 847 602 et
878 565 1046 613 foedera,

438 623 531 659 Mea
563 620 665 659 facta
695 627 779 659 sunt
810 623 929 659 ubera

437 679 546 717 Sicut
575 678 692 716 turris
723 678 918 726 belligera,

494 735 556 772 Ad
585 745 680 781 quae
700 735 763 781 qui
786 740 843 771 est
863 734 1066 785 refugiens,

440 791 658 829 Salvabitur
687 802 709 828 a
739 791 872 837 vipera

441 848 492 885 Et
522 847 569 884 ab
602 847 702 883 omni
732 846 915 894 pestifera

497 906 701 952 Aerumna,
715 915 825 950 quam
839 908 895 940 est
907 904 1068 950 patiens.

443 1006 627 1051 Christus,
658 1005 747 1042 vitis
779 1009 814 1042 et
844 1006 956 1042 vinea

442 1062 635 1100 Pullulans
666 1062 704 1098 in
735 1066 838 1099 terra
868 1072 951 1098 mea

496 1119 548 1155 Et
578 1117 722 1155 faciens
752 1128 810 1154 me
840 1117 988 1165 florere,

439 1175 716 1221 Propaginatus
747 1173 858 1211 fovea

438 1232 576 1269 Mundi
604 1231 680 1279 suit
710 1232 769 1267 vel
799 1231 843 1267 in
873 1242 930 1278 ea,

494 1288 600 1335 Quae
629 1288 738 1325 habet
760 1287 938 1338 populos,
972 1298 1060 1326 vere

438 1344 609 1391 Pacifico
641 1355 681 1380 se
711 1343 895 1391 praebere

439 1400 598 1447 Semper
627 1401 708 1437 vult
737 1405 775 1437 et
806 1400 985 1437 exhibere

499 1457 665 1494 Caritate
696 1461 916 1506 spontanea,

442 1513 522 1550 Nec
539 1514 630 1557 vult,
649 1514 748 1560 quod
767 1524 849 1550 eum
866 1514 951 1560 plus
964 1511 1068 1550 ferae

440 1570 694 1616 Vindemient,
726 1576 764 1606 ut
797 1569 934 1617 fecere,

497 1626 573 1663 Sed
604 1630 780 1663 maneant
810 1627 848 1663 in
879 1626 1030 1664 Iudaea.

1154 288 1220 325 69.

1157 1006 1223 1044 70.

1253 287 1301 324 Se
1332 285 1490 322 credens
1520 286 1781 324 sacerdotibus

1252 342 1508 379 Tractandum
1539 342 1616 378 suis
1646 343 1818 381 manibus

1310 398 1516 444 Tamquam
1547 399 1713 444 propriis
1739 399 1882 438 colonis

1251 454 1357 492 Eam
1388 453 1495 501 quasi
1526 455 1744 493 wstodibus

1251 510 1435 548 Tradidit
1464 510 1711 557 pervigilibus

1309 566 1436 604 Oculis
1471 566 1730 615 discretionis'3

1252 622 1413 660 Sanctae
1445 623 1740 660 conversationis

1251 678 1301 715 Et
1333 688 1490 726 magnae
1521 677 1768 725 perfectionis

1308 735 1456 772 Debent
1487 745 1568 771 esse
1601 735 1638 772 in
1669 734 1854 782 omnibus,

1252 791 1321 838 Qui
1353 791 1468 828 tantis
1499 791 1643 837 gratiae
1675 792 1783 829 donis

1253 847 1550 895 Privilegiantur
1580 848 1687 884 bonis

1309 905 1408 942 Prae
1438 905 1574 940 ceteris
1604 904 1830 942 hominibus.

1253 1005 1331 1042 Pro
1363 1006 1491 1052 fructu
1523 1006 1602 1043 eius
1633 1006 1776 1050 vineae,

1253 1063 1369 1108 Quem
1378 1062 1516 1098 mundo
1527 1063 1615 1099 dant
1625 1073 1756 1099 manus
1764 1071 1882 1110 meae,

1314 1118 1384 1155 Vir
1414 1118 1614 1155 devotione
1643 1123 1767 1155 motus

1252 1174 1377 1221 Affert
1408 1174 1499 1210 mihi
1529 1179 1760 1221 spontaneae

1252 1232 1350 1268 Vota
1381 1231 1516 1267 mentis
1547 1231 1718 1268 intranee

1309 1287 1360 1324 Et
1397 1287 1477 1323 vult
1509 1298 1590 1324 esse
1620 1298 1723 1324 meus
1757 1290 1882 1335 totus;

1251 1343 1362 1380 Mille
1393 1347 1590 1390 argenteos
1619 1344 1718 1381 lotus

1253 1401 1286 1437 A
1317 1405 1473 1446 peccato
1505 1406 1616 1447 atque
1645 1399 1746 1438 fotus

1309 1456 1421 1495 Stilla
1452 1457 1625 1493 caelestis
1654 1457 1761 1494 oleae

1251 1513 1377 1558 Valet,
1410 1524 1492 1549 cum
1523 1514 1642 1550 omnis
1675 1514 1833 1550 devotus

1252 1569 1390 1606 Melius
1422 1569 1470 1606 sit
1500 1569 1592 1605 mihi
1622 1574 1731 1606 notus

1294 1626 1409 1672 Quam
1420 1636 1588 1672 quaeque
1597 1637 1657 1662 res
1667 1629 1883 1673 argenteae.

834 1774 986 1821 Virgo
1027 1773 1088 1811 ad
1123 1773 1363 1811 homines.

402 1906 410 1914 .
447 1876 569 1913 Vinea
598 1888 682 1913 mea
716 1875 865 1924 fertilis,

440 1932 561 1969 Filius
593 1944 695 1970 meus
728 1932 876 1979 nobilis,

494 1991 609 2035 Quem
622 1989 759 2026 debent
769 1989 1069 2038 cunctinoseere‚

442 2044 585 2083 Coram
613 2057 673 2083 ‘me
703 2049 755 2083 est
784 2045 1013 2094 transibilis;

442 2103 516 2140 Per
546 2113 604 2139 me
636 2102 677 2139 fit
708 2107 745 2138 et
778 2102 978 2150 donabilis,

499 2160 633 2196 Venite
664 2169 793 2196 omnes
823 2168 998 2208 propere,

442 2214 638 2253 Festinate
669 2216 851 2262 recipere,

442 2272 553 2308 Hunc
584 2277 718 2319 parata
748 2271 917 2309 tribuere

501 2328 589 2366 Sum
623 2328 727 2365 vobis
759 2327 1004 2376 favorabilis3

445 2385 561 2422 Nulla
593 2390 649 2422 est
681 2385 790 2422 vinca
820 2395 921 2431 vere,

445 2442 547 2486 Quae
578 2442 633 2478 sic
663 2442 780 2488 possit
812 2439 998 2489 proficere

503 2498 625 2545 Super
654 2508 782 2534 omnes
814 2497 990 2535 valibilis.

404 2630 411 2637 .
443 2599 554 2636 Mille
583 2600 639 2637 tui
665 2599 823 2646 pacifici

446 2656 540 2701 Sint,
574 2657 605 2692 si
636 2661 755 2703 potes,
788 2661 822 2692 et
855 2654 977 2703 amici,

502 2712 586 2749 Non
618 2713 768 2759 quidem
791 2716 948 2759 propter
967 2711 1071 2755 utile,

447 2768 527 2805 Sint
563 2773 599 2804 et
629 2769 698 2806 tibi
729 2768 890 2815 gratifici

446 2825 594 2870 Omnes,
627 2826 693 2861 scd
724 2835 796 2861 non
829 2830 870 2861 ut
900 2824 1029 2872 Stoici,

502 2881 584 2917 Hoc
616 2887 671 2917 est
702 2881 749 2917 ob
783 2880 1020 2927 delectabile,

1158 2261 1220 2299 73.

1253 1875 1309 1913 Ob
1340 1875 1477 1912 bonum
1508 1874 1741 1918 honorabile,

1252 1932 1461 1969 Honestum
1494 1936 1531 1968 et
1561 1931 1756 1968 laudabile

1310 1988 1489 2025 Amicitia
1521 1987 1654 2025 confici

1223 2035 1228 2038 ’
1253 2045 1389 2088 Debet,
1423 2049 1460 2081 et
1495 2044 1719 2081 detestabile

1254 2103 1379 2147 Atque
1410 2101 1664 2148 vituperabile

1309 2158 1380 2195 Est
1412 2158 1459 2194 de
1490 2159 1679 2194 contrario
1712 2155 1799 2195 dici.

1252 2259 1305 2297 Et
1335 2259 1423 2306 quia
1454 2270 1527 2306 pax
1559 2263 1685 2305 potest
1717 2258 1793 2295 dici

1254 2316 1424 2363 Bonum,
1456 2316 1555 2362 quod
1584 2320 1639 2351 est
1671 2315 1708 2351 in
1742 2313 1887 2361 duplici

1313 2372 1428 2419 Caeli,
1460 2371 1589 2408 mundi
1621 2372 1786 2421 regione,

1255 2429 1308 2467 Ut
1339 2429 1488 2465 ducenti
1520 2427 1681 2475 gratifici

1256 2485 1485 2531 Terrigenae
1516 2490 1553 2521 et
1583 2484 1712 2521 caelici

1314 2541 1469 2578 Numeri
1501 2539 1753 2588 perfectioneg

1256 2598 1330 2635 His
1363 2602 1505 2640 assunt,
1538 2598 1603 2644 qui
1635 2597 1672 2634 in
1701 2606 1884 2645 sermone,

1257 2656 1356 2692 Actu
1387 2659 1421 2690 et
1449 2654 1658 2691 intentione

1315 2709 1544 2748 Custodiam
1574 2708 1723 2756 pacifici

1255 2767 1421 2805 Fructus
1453 2767 1544 2814 eius,
1578 2767 1665 2813 quia
1696 2765 1815 2803 bonae

1257 2824 1347 2860 Paci
1378 2824 1414 2860 in
1450 2822 1683 2870 perfectione

1314 2880 1377 2917 Nil
1394 2891 1548 2926 compar
1564 2882 1686 2926 potest
1699 2877 1885 2929 conspici.
