1914 3223
802 167 849 172 —
912 144 994 185 489
1057 166 1105 172 -

478 333 560 369 3:32.
598 333 659 375 (9.)
694 332 915 377 Sequentia
939 334 987 368 de
1015 333 1163 370 Sancto
1192 333 1426 369 Maximino.

287 441 321 478 1.
355 437 539 478 Columba
569 438 719 484 aspexit
740 448 810 484 per
835 438 1023 475 cancellos
1055 438 1256 487 fenestrae,
1290 438 1354 475 ubi
1382 442 1469 475 ante
1494 437 1632 476 faciem
1655 439 1737 476 eius

169 496 346 535 sudando
376 492 577 542 sudavitl)
608 494 818 531 balsamum
852 495 899 532 de
928 495 1056 532 lucido
1086 495 1332 546 Maximinus.

285 554 324 592 2.
369 552 484 591 calor
518 551 608 588 solis
646 551 788 588 exarsit
820 554 856 587 et
887 551 924 587 in
956 551 1124 588 tenebris
1155 551 1415 599 resplenduit,
1457 551 1560 588 unde
1591 561 1738 598 gemma

168 609 337 647 surrexit
368 609 406 646 in
437 607 703 646 aedificatione
733 607 866 654 templi
897 608 1090 654 purissimi
1123 609 1248 646 cordis
1281 608 1467 646 benevoli.

289 667 328 705 3.
373 666 453 703 Iste
496 665 613 701 turris
659 664 834 710 excelsa,
887 664 934 700 de
979 664 1080 711 ligno
1128 665 1263 702 Libani
1310 667 1347 701 et
1393 674 1573 711 cypresso
1619 662 1737 713 facta,

179 722 359 770 iacyntho
390 725 426 759 et
448 721 577 758 sardio
598 724 732 758 ornata
753 723 823 768 est,
854 720 945 757 urbs
967 722 1205 767 praecellens
1226 724 1328 758 artes
1349 721 1507 758 aliorum
1535 719 1736 760 artificum.

287 780 326 817 4.
375 779 463 828 Ipse
507 778 616 815 velox
663 787 796 814 cervus
842 777 1010 814 cucurrit,
1054 778 1102 815 ad
1150 777 1291 815 fontem
1337 777 1563 824 purissimae
1606 787 1739 825 aquae,

169 833 321 873 fluentis
353 835 401 873 de
434 833 640 871 fortissimo
672 834 814 881 lapide,
847 833 910 881 qui
943 833 1070 872 dulcia
1100 838 1270 872 aromata
1299 834 1486 881 irrigavit.

284 894 320 932 5.
368 891 398 930 Ο
429 890 694 939 pigmentarii,
740 890 804 937 qui
844 889 935 927 estis
977 890 1015 927 in
1056 892 1279 928 suavissima
1310 891 1505 927 viriditate
1536 890 1732 928 hortorum

171 948 272 996 regis
311 948 560 986 ascendentes
601 947 640 984 in
670 947 801 994 altum,
834 946 987 995 quando
1018 951 1188 985 sanctum
1223 946 1450 985 sacrificium
1480 948 1520 984 in
1551 946 1735 984 arietibus

168 1003 400 1052 perfecistis.

287 1063 324 1102 6.
370 1062 478 1099 Inter
516 1071 583 1099 vos
615 1058 734 1108 fulget
766 1060 828 1097 hic
858 1058 1020 1111 artifex,
1061 1060 1188 1107 paries
1219 1060 1365 1108 templi,
1407 1060 1470 1106 qui
1503 1059 1738 1097 desideravit

167 1118 248 1156 alas
288 1118 438 1165 aquilae
478 1117 684 1155 osculando
724 1117 910 1154 nutricem
952 1117 1176 1164 sapientiam
1223 1117 1261 1154 in
1302 1116 1468 1164 gloriosa
1499 1115 1735 1153 fecunditate

166 1174 364 1214 ecclesiae.

285 1232 320 1271 7.
364 1231 394 1285 Q
424 1230 647 1277 Maximine,
679 1240 785 1266 mons
817 1234 854 1266 et
885 1230 996 1268 vallis
1027 1239 1067 1267 es
1099 1233 1136 1266 et
1166 1230 1203 1267 in
1235 1234 1396 1277 utroque
1416 1230 1494 1267 alta
1515 1227 1733 1266 aedificatio

166 1297 351 1337 appares,
403 1286 469 1324 ubi
521 1287 766 1333 capricornus
818 1297 901 1323 cum
954 1286 1156 1334 elephante
1206 1287 1324 1325 exivit
1376 1290 1411 1322 et
1456 1285 1644 1334 sapientia
1698 1284 1738 1321 in

170 1344 318 1382 deliciis
349 1342 434 1382 fuit.

282 1402 319 1440 8.
367 1400 424 1438 Tu
455 1410 495 1436 es
527 1397 638 1437 fortis
667 1404 703 1436 et
736 1400 862 1437 suavis
892 1399 932 1436 in
964 1399 1211 1437 caeremoniis
1242 1404 1280 1436 et
1311 1398 1571 1436 coruscatione
1592 1397 1725 1435 altaris

166 1457 380 1495 ascendens
411 1460 453 1493 ut
483 1454 607 1493 fumus
638 1460 849 1494 aromatum
880 1456 930 1493 ad
963 1457 1172 1493 columnam
1204 1457 1342 1495 laudis.

280 1516 319 1553 9.
365 1513 443 1553 Ubi
484 1512 701 1550 intercedis
742 1524 812 1560 pro
842 1512 1005 1560 populo,
1047 1512 1110 1560 qui
1151 1513 1274 1551 tendit
1310 1512 1360 1550 ad
1398 1511 1593 1559 speculum
1623 1510 1731 1557 lucis,

166 1570 227 1608 cui
258 1571 340 1608 laus
372 1574 428 1608 est
459 1570 498 1606 in
527 1569 628 1608 altiS.

604 1757 687 1793 333.
724 1758 806 1799 (10.)
843 1758 901 1793 De
927 1757 1076 1794 Sancto
1103 1757 1301 1802 Ruperto.

285 1876 322 1915 1.
370 1876 400 1914 Ο
431 1875 651 1919 Ierusalem,
684 1885 800 1912 aurea
831 1874 979 1922 civitas,
1011 1881 1146 1912 ornata
1176 1874 1274 1921 regis
1306 1884 1488 1920 purpura,

284 1934 322 1970 2.
368 1933 399 1970 Ο
449 1930 665 1969 aedificatio
720 1941 886 1968 summae
936 1931 1138 1978 bonitatis,
1189 1940 1284 1977 quae
1333 1940 1372 1966 es
1421 1929 1488 1966 lux
1537 1939 1728 1976 nunquam

166 1987 385 2028 obfuscata!

285 2047 324 2084 3.
371 2045 428 2083 Tu
459 2044 558 2082 enim
589 2055 629 2081 es
660 2048 795 2082 ornata
824 2044 864 2081 in
894 2054 1033 2082 aurora
1064 2048 1101 2080 et
1131 2043 1170 2080 in
1202 2043 1328 2080 calore
1359 2042 1462 2080 solis.

282 2104 323 2141 4.
369 2102 400 2140 Ο
441 2101 554 2140 beata
595 2101 780 2150 pueritia,
822 2111 918 2148 quae
959 2100 1094 2138 rutilas
1134 2100 1173 2137 in
1205 2109 1364 2148 aurora,
1408 2103 1445 2135 et
1474 2110 1496 2136 0
1527 2097 1734 2136 laudabilis

168 2158 441 2208 adulescentia,
475 2168 570 2205 quae
601 2158 714 2196 ardes
745 2158 784 2194 in
813 2157 914 2196 sole!

280 2217 317 2254 5.
364 2215 463 2253 Nam
504 2218 565 2265 tu,
609 2225 631 2251 0
670 2214 809 2251 nobilis
848 2215 1037 2261 Ruperte‚
1076 2213 1115 2250 in
1156 2212 1214 2250 his
1255 2213 1352 2249 sicut
1392 2222 1537 2259 gemma
1576 2209 1731 2257 fulsisti,

164 2271 266 2309 unde
305 2282 380 2309 non
419 2274 528 2318 potes
567 2271 751 2309 abscondi
792 2271 919 2308 stultis
960 2269 1195 2318 hominibus,
1242 2269 1340 2306 sicut
1379 2279 1449 2305 nec
1489 2278 1595 2305 mons
1640 2266 1733 2305 valli

165 2328 325 2367 celatur.

281 2387 318 2423 6.
364 2382 573 2421 Fenestrae
598 2386 698 2431 tuae,
730 2384 951 2432 Ierusalem,
984 2393 1067 2421 cum
1088 2383 1238 2430 topazio
1263 2386 1301 2419 et
1321 2381 1488 2429 saphyro
1510 2379 1730 2427 specialiter

166 2445 255 2478 sunt
286 2441 500 2480 decoratae.

283 2499 320 2536 7.
370 2498 415 2535 In
446 2496 581 2544 quibus
614 2496 701 2533 dum
734 2495 869 2547 fulges,
902 2507 923 2533 o
945 2497 1126 2545 Ruperte,
1160 2506 1233 2533 non
1256 2498 1364 2541 potes
1385 2492 1570 2532 abscondi
1591 2491 1733 2540 tepidis

167 2553 348 2598 moribus,
390 2554 489 2591 sicut
518 2552 588 2591 nec
618 2564 724 2590 mons
755 2553 870 2600 valli,
911 2556 1113 2590 coronatus
1143 2552 1264 2598 rosis,
1307 2551 1398 2588 liliis
1430 2554 1467 2587 et
1497 2560 1668 2596 purpura
1696 2548 1736 2585 in

168 2620 260 2647 vera
289 2610 516 2648 ostensione.

282 2668 319 2706 8.
366 2667 396 2705 Ο
437 2670 545 2704 tener
585 2664 654 2704 flos
691 2666 815 2714 campi
847 2669 885 2703 et
914 2676 936 2703 o
969 2665 1090 2703 dulcis
1123 2664 1297 2701 viriditas
1328 2664 1431 2711 pomi
1462 2667 1499 2700 et
1530 2673 1552 2700 o
1583 2661 1736 2700 sarcina

169 2723 250 2760 sine
280 2722 461 2773 medulla,
494 2732 589 2770 quae
616 2733 689 2760 non
721 2721 839 2760 flectit
873 2725 1027 2770 pectora
1059 2721 1098 2758 in
1131 2720 1309 2758 crimina!

267 2866 292 2907 ¹)
316 2868 427 2901 sudan
451 2868 516 2900 Hs.
