2031 3289
903 152 1212 193 —288—

718 309 800 345 220.
835 308 917 352 (10).
954 308 1059 342 Prae
1085 306 1238 359 Gaudio
1264 305 1399 341 Pacis.

563 423 599 460 1.
647 421 825 459 Sanctum
857 417 1083 464 simpliciter
1114 418 1265 454 Patrem
1297 418 1392 463 cole,

758 485 968 522 pauperum
1000 478 1166 520 caterva,

700 532 961 577 Quantumque
991 529 1102 575 nosti,
1134 529 1311 566 laudibus
1342 529 1497 573 honora⁷

563 625 603 661 2.
648 622 712 659 Ad
742 631 911 658 normam
943 619 1082 666 redigit
1113 620 1176 666 qui
1208 619 1362 657 subdita

760 678 887 714 saecla
916 675 1109 723 pravitati,

705 735 843 772 Potens
873 733 1042 770 novandi
1071 733 1170 768 sicut
1201 736 1238 767 et
1269 731 1425 768 creandi

562 827 600 863 3.
645 824 707 874 Et,
741 833 856 870 grave
887 823 1080 868 damnate,
1110 822 1212 868 longi
1244 821 1314 858 tibi

759 879 935 917 subvenit
964 878 1106 916 laboris

702 936 821 982 Opem
854 935 1012 972 ferendo
1043 935 1148 981 pacis
1181 937 1216 969 et
1247 933 1396 980 quietis.

563 1030 602 1068 4.
649 1028 728 1065 Iam
761 1037 938 1073 proceres
969 1026 1092 1071 legum
1124 1023 1334 1062 rationibus

758 1087 845 1120 ante
878 1082 1036 1131 desueti,

704 1141 807 1186 Quae
835 1144 939 1176 recta
971 1138 1134 1185 discunt,
1165 1141 1318 1173 strenue
1348 1138 1563 1181 capessunt.

567 1233 604 1268 5.
652 1230 802 1268 Praedo
826 1240 975 1266 manum
1005 1227 1155 1265 cohibet
1187 1226 1317 1264 furcae
1347 1236 1502 1272 memor,

763 1292 799 1322 et
829 1286 977 1323 latrone
1009 1295 1134 1321 coram

705 1343 865 1379 Inermis
896 1343 972 1379 alte
1002 1341 1189 1388 praecinit
1220 1340 1354 1389 viator,

566 1436 603 1474 6.
650 1433 774 1470 Dente
804 1433 990 1470 saturnali
1020 1432 1264 1480 restringitur

763 1494 922 1537 evagata
953 1489 1039 1526 vitis

708 1547 895 1593 Cultuque
925 1546 1037 1582 tellus
1068 1551 1174 1582 senta
1205 1543 1444 1580 mansuescit.

569 1638 603 1675 7.
653 1637 803 1674 Gaudet
833 1637 966 1674 lancea
997 1634 1088 1683 falx,
1121 1634 1260 1681 gaudet
1290 1638 1400 1681 spata

767 1694 945 1731 devenire
976 1703 1116 1736 vomer,

711 1750 790 1787 Pax
824 1750 920 1787 ditat
950 1750 1056 1799 imos,
1090 1751 1277 1795 pauperat
1307 1746 1506 1795 superbos.

567 1841 604 1879 8.
655 1840 780 1886 Salve,
812 1849 955 1876 summe
986 1843 1108 1885 pater,
1142 1837 1200 1875 fer
1231 1842 1268 1874 et
1297 1837 1470 1874 omnibus

766 1896 951 1942 integram
984 1896 1155 1939 salutem,

709 1952 929 1999 Quicunque
960 1952 1064 2000 pacis
1097 1952 1262 1998 diligunt
1291 1951 1468 1997 quietem.

569 2045 604 2081 9.
651 2045 717 2091 At,
748 2042 812 2091 qui
843 2041 945 2078 bella
972 2041 1114 2088 volunt,
1147 2042 1215 2078 hos
1246 2046 1398 2078 contere

770 2099 929 2136 dextera
959 2098 1121 2146 potenti,

709 2155 882 2192 Tradens
913 2155 1106 2202 gehennae
1137 2153 1235 2190 filios
1270 2154 1437 2201 maligni.

381 2269 495 2309 Opera
528 2279 589 2299 ηις.
614 2267 771 2298 Fnlberti
804 2276 894 2298 saec.
922 2265 973 2298 11.
1000 2267 1047 2297 in.
1072 2263 1131 2307 [12
1155 2269 1190 2297 et
1216 2263 1282 2307 17].
1332 2265 1415 2297 Cod.
1440 2265 1589 2297 Parisin.
1616 2261 1716 2296 2872.
1741 2265 1781 2297 A.
1806 2281 1849 2286 —

290 2310 423 2346 Ibidem
459 2311 497 2345 20
530 2323 634 2344 manu
667 2322 756 2343 saec.
795 2310 846 2343 17.
872 2313 911 2344 B.
935 2329 980 2332 —
1005 2312 1057 2343 De
1087 2311 1226 2342 villiers
1252 2311 1310 2342 fol.
1338 2308 1441 2342 182a.
1469 2309 1506 2342 C.
1535 2327 1570 2331 —
1601 2308 1638 2348 2,
1673 2307 1694 2341 3
1718 2304 1847 2342 Potens

290 2359 442 2391 uouendi
468 2360 504 2393 Β.
532 2375 573 2379 -
599 2357 636 2395 3,
674 2356 688 2388 1
723 2357 769 2388 Et
800 2367 909 2399 grave
940 2357 1019 2388 dam
1048 2357 1122 2388 nati
1147 2357 1194 2396 133
1224 2356 1272 2388 Et
1303 2357 1418 2398 gratia
1443 2355 1595 2387 damnati
1623 2355 1658 2387 C.
1685 2374 1729 2378 —
1756 2354 1792 2394 4,
1825 2352 1846 2387 3

292 2409 384 2436 recte
410 2404 476 2436 BC.
502 2421 546 2425 —
571 2401 603 2442 9,
631 2401 646 2434 1
674 2403 720 2434 Et
749 2404 808 2444 qui
836 2403 905 2435 AC.
930 2419 974 2425 —
999 2400 1029 2440 9,
1055 2400 1075 2433 3
1101 2401 1258 2433 Trudens
1285 2402 1322 2434 C.

759 2582 841 2617 221.
877 2582 956 2623 (11).
994 2562 1135 2618 Oratio
1162 2591 1237 2626 pro
1263 2581 1386 2624 Rege.

741 2694 885 2741 Regum
916 2694 1095 2741 princeps
1126 2698 1238 2740 atque
1268 2694 1399 2741 virtus,

798 2751 902 2788 cuius
934 2755 1026 2787 nutu
1056 2750 1177 2787 maria

747 2806 900 2845 Caelum
931 2811 1055 2854 gyrat,
1086 2811 1190 2843 terra
1220 2810 1379 2854 perstat,

793 2863 1046 2910 disponuntur
1075 2863 1238 2909 saecula,
