2031 3289
965 163 1273 204 —500—

352 278 417 316 11.
451 278 580 316 Omnis
611 283 676 314 tua
707 283 881 314 creatura

505 334 669 371 Multum
700 334 793 370 mihi
822 331 986 380 proficit,

450 390 547 428 Nam
588 395 665 426 tam
695 401 763 426 usu
794 400 904 436 quam
935 387 1083 425 factura

509 447 675 484 Primum
707 444 848 482 fontem
880 444 1030 491 repetit,

454 503 516 541 Sic
547 506 694 549 natura,
727 502 781 538 sic
811 501 1002 548 scriptura

509 560 666 605 Semper
696 559 734 595 in
765 563 802 594 te
832 556 976 596 refluit.

1171 279 1234 315 12.
1267 276 1343 314 Sed
1372 280 1413 313 tu
1443 276 1534 313 mihi
1564 275 1743 323 profuisti

1323 333 1412 369 Plus
1444 336 1579 370 cuncta
1608 343 1718 379 quam
1749 333 1864 381 entia,

1267 389 1341 426 Pro
1371 399 1431 425 me
1462 399 1612 426 carnem
1641 389 1799 426 induisti

1323 444 1422 482 Dum
1453 445 1548 482 mira
1579 445 1778 483 clementia

1265 501 1405 548 Meque
1434 505 1553 538 totum
1583 501 1791 546 redemisti,

1323 557 1448 595 Patris
1478 557 1678 604 sapientia.
1708 569 1713 573 ’

761 683 825 721 13.
858 681 888 719 O
918 686 1101 728 paternae
1131 681 1314 718 bonitatis

914 737 1144 775 Inexhausta
1174 738 1309 787 pietas,

860 795 903 831 In
935 793 1013 831 filio
1042 798 1149 840 patet
1179 794 1272 831 satis

914 851 976 887 Ad
1007 861 1066 887 me
1095 854 1160 888 tua
1191 851 1343 896 caritas7

861 907 1016 953 Laudis,
1048 907 1159 957 lucis,
1192 906 1400 944 maiestatis

914 963 1002 1001 Tibi
1031 963 1120 1000 hinc
1150 963 1368 1001 aeternitas.

431 1086 550 1120 Carsol
545 1087 675 1119 r.uhan
701 1084 778 1118 368.
804 1088 843 1118 A.
872 1104 910 1107 --
939 1086 1102 1118 Zw.ollen
1127 1083 1203 1117 434.
1230 1086 1269 1117 B.
1295 1103 1338 1107 -
1363 1083 1401 1122 3,
1434 1083 1454 1117 2
1482 1086 1599 1117 infinis
1626 1087 1664 1117 B.
1688 1102 1732 1106 —
1755 1083 1798 1124 4,
1823 1084 1843 1116 5
1868 1086 1899 1117 si

339 1134 514 1165 ealvasses
543 1134 580 1164 A.
605 1150 649 1154 —
673 1130 711 1170 6,
745 1131 767 1163 4
800 1132 956 1163 salubria
980 1133 1017 1163 B.
1043 1150 1086 1154 —-
1115 1129 1153 1169 7,
1187 1128 1208 1163 3
1242 1135 1275 1162 et
1311 1130 1396 1162 fehlt
1421 1132 1458 1162 B.
1484 1148 1527 1152 ——
1552 1128 1591 1169 8,
1627 1129 1643 1162 1
1670 1131 1767 1162 Tunc
1791 1132 1830 1165 Β,
1857 1147 1900 1152 -

339 1181 369 1219 ὅ
397 1177 417 1210 2
434 1189 487 1211 me
506 1178 681 1210 subtrahis
698 1178 737 1209 B.
755 1194 799 1198 —
819 1175 914 1215 12,1
936 1177 1072 1209 refuisti
1090 1177 1128 1207 Β.
1145 1193 1190 1198 ——-
1209 1174 1259 1214 13,
1286 1175 1306 1208 5
1325 1176 1459 1207 Laudes
1479 1178 1516 1208 B.
1535 1193 1578 1197 —
1599 1174 1650 1215 13,
1669 1174 1689 1208 6
1707 1177 1899 1217 paternitas

340 1223 418 1266 [lies
457 1220 696 1266 perennitas‘r']
734 1224 772 1254 Β
805 1240 848 1243 —-
881 1223 947 1254 Die
980 1222 1060 1254 Mel
1095 1222 1141 1253 ist
1174 1223 1209 1252 in
1242 1222 1271 1252 A
1304 1221 1475 1263 diejenige
1507 1221 1566 1253 des
1590 1223 1750 1262 Hymnus
1782 1221 1902 1253 Urbs

341 1271 474 1301 beata
507 1268 803 1300 Hierusalem.

531 1447 612 1482 480.
649 1447 728 1487 (23.)
763 1447 821 1481 De
847 1446 1030 1488 gratuita
1055 1445 1291 1488 dignatione
1317 1445 1391 1480 Dei
1417 1445 1465 1480 ad
1492 1444 1706 1480 hominem.

386 1588 422 1627 1.
454 1588 602 1632 Quanta
633 1586 723 1622 mihi
756 1596 846 1622 cura
878 1587 924 1622 de
953 1590 1003 1634 te,

513 1643 645 1688 Homo,
679 1642 711 1679 si
742 1652 999 1689 cognosceres,

455 1700 547 1737 Tam
579 1699 693 1736 miser
723 1704 760 1735 et
789 1699 898 1745 inops
929 1699 966 1734 in
998 1703 1034 1734 te

515 1756 762 1803 Nequaquam
794 1755 1019 1802 exsisteres;

455 1813 543 1853 Sed,
576 1813 664 1859 quia
694 1817 858 1848 remotus
890 1822 911 1848 a
940 1823 1015 1863 me,

513 1869 610 1914 Quid
642 1869 749 1906 exsul
778 1869 817 1905 ni
846 1867 1036 1908 fluctues?

511 1926 540 1963 O
573 1926 604 1962 si
635 1930 675 1962 tu
707 1926 777 1962 hoc
807 1926 983 1972 saperes!

387 2065 422 2100 2.
454 2063 498 2099 In
527 2061 666 2108 abysso
699 2061 851 2098 deitatis

514 2118 628 2155 Finxi
660 2122 698 2154 te
729 2128 774 2154 ex
805 2117 936 2163 nihilo,

459 2175 633 2212 Summae
664 2184 810 2221 quoque
840 2174 1022 2211 trinitatis

514 2231 665 2278 Signavi
697 2231 903 2279 signaculo,

458 2288 589 2334 Tuque
619 2287 716 2324 liber
747 2298 839 2333 prae
869 2287 1007 2324 creatis

516 2344 765 2391 Comparatus
796 2344 949 2390 ange103

515 2401 607 2438 Tam
640 2400 775 2437 nobilis
807 2410 859 2446 es,
892 2400 1025 2437 homo!

390 2542 425 2575 253.
461 2538 503 2574 In
535 2537 618 2574 loco
649 2541 685 2572 te
718 2536 921 2582 voluptatis

516 2593 730 2631 Gloriosum
760 2593 881 2639 posui,

458 2651 531 2688 Per
561 2650 772 2686 ministrum
806 2647 984 2685 falsitatis

515 2706 684 2752 Decepto
716 2705 891 2743 condolui

457 2763 644 2809 'vesteque
676 2762 928 2808 simplicitatis

514 2819 705 2856 Nudatum
738 2824 774 2855 te
806 2818 936 2863 vestii3

516 2876 590 2912 Sic.
624 2876 745 2922 homo,
779 2886 846 2923 pro
878 2880 914 2911 te
946 2872 1012 2913 fui.

1198 1588 1235 1623 4.
1269 1585 1323 1621 Te
1353 1585 1451 1621 iuste
1482 1583 1652 1630 quamvis
1683 1581 1811 1630 fugavi

1325 1641 1382 1677 De
1412 1641 1495 1677 loco
1524 1639 1704 1689 laetitiae,

1268 1697 1514 1744 Nequaquam
1544 1701 1670 1733 tamen
1700 1695 1849 1743 privavi

1327 1754 1402 1800 Spe
1433 1753 1730 1800 misericordiae,

1271 1810 1366 1847 Nam
1398 1821 1464 1847 suo
1495 1808 1779 1857 praedestinavi

1328 1866 1484 1904 Salvare
1514 1871 1552 1903 te
1578 1871 1772 1913 tempore3

1326 1923 1437 1973 Hinc,
1472 1923 1594 1973 homo,
1628 1922 1742 1969 dilige
1774 1932 1845 1962 me.

1232 2090 1237 2098 .
1273 2059 1413 2096 satana
1443 2069 1592 2105 semper
1624 2058 1802 2095 damnato

1328 2115 1443 2153 Nasci
1474 2126 1544 2162 pro
1575 2119 1611 2151 te
1641 2114 1757 2160 volui,

1273 2173 1376 2210 Malo
1407 2172 1511 2209 nullo
1542 2175 1763 2218 perpetrato

1330 2229 1491 2266 Poenam
1523 2238 1592 2274 pro
1622 2232 1660 2264 te
1690 2226 1801 2275 subii,

1272 2286 1336 2323 Me
1366 2285 1600 2332 circumciso,
1633 2283 1762 2321 oblato

1329 2342 1467 2389 Legem
1498 2352 1571 2378 non
1603 2340 1803 2389 praeterii3

1329 2398 1423 2443 Scis,
1455 2398 1576 2447 homo,
1610 2407 1677 2434 cur
1706 2396 1746 2433 id
1776 2395 1881 2443 egi?

1233 2567 1240 2574 ,
1274 2534 1371 2580 Quid
1404 2532 1618 2570 faciendum
1649 2543 1723 2570 non
1754 2529 1827 2568 feci

1330 2590 1451 2627 Homo
1482 2601 1564 2626 cum
1595 2585 1841 2628 hominibus?

1274 2648 1327 2684 Te
1360 2647 1480 2690 (locui,
1513 2651 1551 2682 te
1581 2644 1722 2694 perfeci

1334 2703 1466 2740 Verbis
1498 2707 1534 2739 et
1564 2701 1754 2749 operibus,

1275 2760 1453 2806 Corporis
1485 2759 1557 2796 mei
1588 2757 1704 2796 refeci

1330 2816 1503 2863 Mysticis
1534 2820 1571 2852 te
1603 2814 1784 2862 dapibus3

1329 2873 1440 2919 Quid,
1474 2873 1594 2918 homo,
1627 2871 1683 2908 vis
1714 2867 1902 2917 amplius?
