1914 3223
717 201 763 204 -
827 177 909 217 399
973 200 1016 204 --

433 312 514 347 sos.
552 312 632 353 (11.)
672 312 729 346 ne
756 312 898 347 sancta
924 297 1053 346 Maria
1082 305 1333 353 Magdalena.

731 381 783 413 Ad
810 383 1034 413 Nocturnum.

116 474 156 512 1.
187 473 325 519 Maria,
356 477 477 510 mater
507 471 671 518 Domini,
935 475 971 510 5.
1007 472 1176 508 llaerens
1209 471 1309 508 humi
1341 470 1552 508 miserrima

187 530 321 573 Maria,
354 540 461 566 soror
492 528 640 573 Lazari,
1005 529 1279 576 t'mnplectitur
1310 528 1460 576 vetigia,

161 587 293 624 'Duae
323 590 506 633 patronae
538 585 696 622 caelitus
1003 584 1146 633 Unius,
1181 596 1272 631 quas
1305 584 1403 621 fudit
1434 583 1564 630 oculis,

188 642 358 680 Collatae
389 646 475 679 sunt
506 640 694 680 fidelibus.
1004 641 1080 677 Piis
1113 641 1306 678 desiccans
1340 641 1490 679 osculis.

113 733 154 772 2.
181 733 310 780 Impar
339 732 479 770 aneilla
512 732 700 778 dominae.
931 732 968 769 6.
1001 731 1172 768 Accessit
1206 731 1285 768 eius
1315 731 1450 768 merito

184 789 259 828 Sed
290 789 375 836 pari
406 787 553 835 fulgens
584 789 758 835 nomine3
1002 788 1193 824 Mirabilis
1227 788 1409 834 dignatio.

185 847 292 884 Haec
323 845 445 883 forma
476 845 744 893 paenitentiae,
1001 844 1203 890 Unguento
1236 845 1346 881 nardi
1378 844 1504 891 pistici

186 903 237 940 At
268 902 336 940 illa
365 908 487 940 mater
518 902 662 940 veniae.
1003 900 1177 938 Perfudit
1210 906 1322 947 caput
1354 901 1519 938 Domini.

116 994 156 1031 3.
189 992 260 1029 Est
290 993 358 1030 illa
388 993 494 1040 virgo
527 992 726 1039 virginum,
931 992 966 1031 7.
999 992 1180 1038 Aequalis
1212 992 1342 1028 mundi
1374 991 1544 1028 terminis

183 1048 406 1087 Sanctorum
441 1049 621 1096 princeps
652 1048 829 1094 omnium,
1000 1047 1100 1085 Laus
1131 1048 1240 1085 huius
1271 1049 1369 1085 vivet
1403 1049 1541 1095 operis,

182 1105 288 1143 Haec
318 1111 558 1153 peccatorum
591 1105 740 1142 conscia
1001 1104 1237 1142 Concurrens
1269 1105 1463 1152 evangelio

182 1162 233 1199 Et
265 1163 476 1200 criminosis
508 1162 716 1199 commoda.
1001 1163 1090 1208 Ipso
1121 1165 1285 1198 testante
1315 1161 1489 1200 Domino.

111 1253 150 1291 4.
185 1253 310 1290 Maria
341 1254 458 1299 pedes
489 1253 629 1300 genuit,
932 1253 969 1290 8.
1003 1252 1102 1289 Huic
1133 1262 1173 1288 se
1205 1262 1404 1298 resurgens
1436 1252 1618 1289 Dominus

183 1309 283 1354 Quos
315 1308 385 1346 illa‘
412 1310 567 1356 plorans
600 1309 733 1355 tenuit,
1001 1307 1263 1346 Manifestavit
1296 1309 1483 1356 primitus,

185 1366 279 1412 Quia
311 1366 445 1403 dilexit
477 1366 644 1414 nimium,
1003 1364 1188 1403 Infamem
1219 1365 1408 1412 quondam
1441 1364 1620 1403 feminam

189 1422 376 1471 Purgatur
405 1422 492 1460 labe
523 1423 733 1460 criminum.
1004 1422 1246 1459 Constituens
1277 1423 1498 1468 apostolam.

575 1514 614 1551 9.
647 1513 701 1550 Sit
731 1513 832 1559 patri
865 1515 947 1551 laus
979 1513 1146 1560 ingenito

648 1570 699 1606 Et
729 1571 808 1606 eius
839 1570 1032 1617 unigenito

648 1627 741 1664 Cum
773 1627 909 1673 spiritu
941 1627 1128 1673 paraclito

648 1683 730 1720 Nec
759 1689 847 1720 nato
880 1694 948 1719 nec
980 1683 1158 1730 ingenito.

188 1785 290 1815 Brev.
318 1794 380 1815 ms.
407 1783 440 1815 S.
467 1783 586 1815 Albini
612 1784 838 1825 Andegaven.
865 1794 953 1815 saec.
983 1783 1033 1815 15.
1093 1784 1176 1815 Cod.
1202 1783 1425 1827 And'egaven.
1456 1782 1528 1816 103.
1553 1784 1593 1815 A.
1619 1801 1662 1805 —

94 1829 196 1860 Brev.
222 1839 285 1860 ms.
315 1829 376 1861 SS.
406 1830 553 1861 Cosmae
586 1833 619 1861 et
644 1830 811 1861 Damiani
836 1840 943 1871 prope
967 1830 1124 1861 Turones
1151 1839 1240 1860 saec.
1269 1827 1319 1860 15.
1379 1829 1462 1861 Cod.
1488 1831 1660 1861 Turonen.

99 1871 172 1906 152.
198 1875 237 1905 B.
271 1891 313 1896 -—
339 1875 466 1915 Hymn.
493 1885 554 1906 ms.
581 1874 832 1916 Andegavense
866 1885 955 1906 saec.
985 1873 1035 1905 14.
1086 1874 1168 1907 Cod.
1194 1875 1419 1916 Andegaven.
1449 1873 1521 1906 105.
1548 1875 1585 1907 C.
1618 1891 1659 1896 —

96 1920 226 1960 Hymn.
253 1929 316 1951 ms.
343 1920 595 1962 Andegavense
621 1929 711 1951 saec.
741 1918 793 1951 14.
842 1920 925 1952 Cod.
950 1920 1175 1961 Andegaven.
1203 1918 1275 1952 106.
1304 1920 1346 1951 D.
1373 1937 1416 1940 —
1441 1920 1661 1952 Breviarium

93 1964 275 1997 Locheuse
293 1966 375 2006 imp.
401 1966 598 1997 Turonibus
628 1964 724 1998 1536.
751 1965 792 1997 E.
818 1983 862 1986 —
887 1967 1105 1997 Breviarium
1130 1965 1164 1997 S.
1190 1964 1310 1996 Albini
1328 1965 1551 2006 Andegaven.
1578 1966 1660 2008 imp.

95 2010 277 2053 Andegavi
306 2008 403 2042 15:111.
429 2011 466 2042 F.
499 2027 543 2032 —
575 2011 676 2042 Brev.
704 2012 738 2043 S.
764 2011 909 2043 Melanii
935 2011 1113 2043 Redonen.
1139 2012 1220 2051 imp.
1247 2010 1399 2042 Redonis
1429 2009 1525 2042 1522.
1551 2011 1590 2043 G.
1618 2029 1660 2032 —

95 2055 320 2097 Beaugendre
346 2056 366 2087 l.
393 2067 421 2088 c.
447 2056 511 2088 col.
542 2054 638 2087 1555.
664 2067 714 2098 sq.
743 2056 788 2087 H.

186 2101 254 2132 Str.
281 2099 302 2133 3
327 2101 412 2133 fehlt
437 2102 474 2133 F.
499 2119 542 2122 —
568 2100 598 2138 5.
622 2100 643 2132 4
668 2102 822 2133 desiccat
844 2102 885 2134 G.
912 2119 954 2122 —
980 2104 1047 2134 Str.
1074 2100 1093 2133 7
1121 2113 1186 2132 nur
1209 2103 1246 2133 in
1274 2103 1316 2133 H.
1337 2118 1378 2124 -
1397 2098 1428 2139 S,
1460 2100 1473 2133 1
1504 2102 1597 2133 Huic
1625 2112 1661 2133 se

94 2156 238 2188 surgens
263 2146 304 2178 E.
336 2163 375 2168 --
399 2147 477 2189 Vgl.
505 2147 605 2178 Anal.
632 2148 713 2186 XII,
742 2145 804 2178 167
830 2157 880 2188 sq.
907 2149 1013 2179 sowie
1038 2147 1099 2179 das
1126 2158 1167 2178 zu
1194 2147 1253 2178 Nr.
1283 2145 1322 2178 10
1349 2147 1544 2178 Beinerkte.

423 2303 504 2339 309.
545 2303 626 2345 (12.)
662 2303 720 2338 De
749 2303 892 2338 sancta
916 2303 1048 2338 Maria
1075 2303 1329 2346 Magdalena.

762 2373 815 2404 Ad
840 2373 988 2405 Laudes.

110 2465 146 2504 1.
179 2465 318 2503 Omnes
348 2465 544 2515 immundi,
578 2466 731 2515 currite,
926 2468 962 2504 3.
994 2467 1073 2512 Qua
1104 2467 1290 2512 quondam
1324 2465 1427 2502 nulla
1457 2465 1615 2514 turpior,

178 2521 279 2559 Fons
311 2527 418 2569 patet
447 2522 719 2570 indulgentiae,
996 2526 1075 2567 Qua
1107 2532 1205 2558 nunc
1237 2522 1299 2559 vix
1330 2522 1408 2558 ulla
1439 2522 1617 2569 sanctior,

180 2578 318 2615 Nullus
351 2579 527 2626 desperet
558 2579 718 2625 veniam,
997 2582 1101 2624 Quae
1133 2579 1274 2616 Christi
1307 2579 1423 2624 pedes
1454 2577 1587 2623 abluit,

181 2635 250 2680 Qui
281 2640 407 2672 servat
439 2636 723 2682 paenitentiam.
995 2635 1071 2672 Sed
1103 2646 1188 2671 mox
1220 2641 1254 2671 et
1288 2640 1398 2681 caput
1430 2635 1579 2673 imbuit.

108 2726 144 2763 2.
177 2725 405 2772 Exemplum
438 2725 508 2762 Dei
539 2724 638 2762 filius
923 2727 961 2763 4.
994 2725 1187 2762 Abhorret
1221 2725 1392 2762 Christus
1424 2725 1626 2772 neminem,

179 2782 355 2820 Ostendit
384 2782 658 2831 peccatoribus,
994 2782 1096 2818 Deus
1127 2792 1200 2818 non
1233 2781 1379 2828 spernit
1411 2781 1622 2830 hominem.

178 2838 354 2885 Mariam,
388 2849 453 2876 vas
484 2839 703 2885 spurcitiae,
996 2841 1162 2884 Agamus
1191 2837 1248 2874 illi
1275 2838 1415 2885 gratias

179 2893 344 2941 Septeno
374 2895 524 2942 plenam
557 2895 752 2934 daemone.
994 2895 1081 2931 Pias
1114 2892 1307 2931 fundendo
1338 2894 1529 2932 lacrimas
