1914 3223
776 204 826 209 ——
885 181 964 222 411
1026 205 1081 210 —

289 293 347 331 Tu
380 293 557 332 virtutem
585 294 779 331 ieiunandi
977 290 982 295 “
1102 297 1201 342 Quia*
1216 306 1354 343 perpes
1376 307 1476 334 mors
1498 297 1705 346 gehennae.

165 351 244 390 135
291 349 369 388 Des
400 349 562 396 infirmo,
596 350 662 387 des
693 351 841 390 orandi.
1159 354 1224 390 Me
1255 358 1422 400 receptet
1457 353 1545 391 Sion
1576 355 1654 405 illa,

289 405 363 443 Per
393 406 486 443 haee
518 407 591 444 duo
614 407 763 444 Christo
794 411 890 445 teste
1103 408 1206 455 Sion,
1232 409 1355 447 David
1378 409 1468 447 urbs
1486 411 1705 461 tranquilla,

291 462 502 500 Liber-abor
532 462 579 500 ab
611 463 681 500 hac
712 468 830 510 peste.
1104 465 1217 503 Cuius
1252 465 1359 503 faber
1386 471 1518 504 auctor
1550 467 1657 516 lucis,

286 519 348 557 Ab
371 519 442 556 hac
463 523 570 566 peste
591 520 695 557 solve
712 524 886 570 mentem,
979 521 1056 560 175
1105 521 1219 558 Cuius
1247 527 1380 568 portae
1402 523 1543 570 lignum
1567 524 1707 569 crucis,

286 575 366 613 Fac
398 576 573 612 devotum
606 577 873 623 paenitentem,
1103 577 1217 615 Cuius
1249 579 1376 615 claves
1408 580 1535 626 lingua
1568 581 1684 627 Petri,

163 632 245 671 140
292 632 349 669 Da
383 632 568 676 timorem,
600 644 672 679 quo
704 633 889 680 prioiecto
1103 633 1215 671 Cuius
1247 635 1348 672 cives
1380 646 1532 682 semper
1563 637 1667 685 laeti,

285 688 343 725 De
374 689 495 726 salute
526 689 578 725 nil
610 690 796 728 coniecto.
1102 690 1216 728 Cuius
1248 692 1343 729 muri
1376 692 1474 738 lapis
1507 693 1625 743 vivus,

286 745 345 782 Da
366 756 485 792 spem,
518 744 644 794 fidem,
677 746 887 792 caritatem,
1101 747 1215 786 Cuius
1247 753 1371 784 custos
1401 758 1466 785 rex
1499 748 1670 788 festivus.

286 801 345 838 Da
377 802 579 839 discretam
611 803 804 850 pietatem,
976 803 1055 842 180
1102 804 1146 840 In
1183 803 1253 840 hac
1288 804 1382 841 urbe
1413 805 1476 841 lux
1509 806 1704 856 sollennis,

284 858 343 895 Da
365 863 618 906 contemptum
637 864 885 909 terrenorum,
1101 859 1176 896 Ver
1193 865 1399 905 aeternum,
1418 872 1491 907 pax
1510 863 1702 912 perennis,

158 915 237 953 145
286 915 510 961 Appetitum
542 925 804 962 supernorum.
1100 917 1143 953 In
1171 916 1241 953 hac
1263 917 1358 953 odor
1379 917 1540 964 implens
1564 919 1701 969 caelos,

341 971 490 1016 Totum,
513 971 627 1022 Deus,
650 972 687 1008 in
707 976 743 1009 te
759 983 886 1021 spero,
1101 973 1145 1010 In
1162 973 1233 1009 liae
1252 971 1388 1009 festum
1408 984 1558 1021 semper
1570 975 1700 1016 melos,

284 1027 400 1075 Deus,
437 1038 482 1065 ex
513 1031 551 1064 te
582 1032 699 1065 totum
732 1040 885 1076 quaero,
1099 1029 1184 1066 Non
1217 1033 1272 1066 est
1304 1029 1355 1066 ibi
1387 1031 1614 1080 corruptela,

282 1083 340 1120 Tu
361 1084 442 1121 laus
467 1095 561 1130 mea,
590 1095 710 1122 meum
733 1085 884 1134 bonum,
976 1086 1053 1124 185
1099 1086 1184 1122 Non
1217 1085 1388 1123 ‹lefectus
1420 1098 1489 1124 nec
1519 1088 1686 1137 querela,

282 1140 371 1178 Mea
403 1145 537 1178 cuncta
567 1146 669 1178 tuum
703 1142 855 1181 donum.
1098 1142 1183 1179 Non
1216 1143 1361 1187 minuti,
1395 1154 1468 1180 non
1497 1142 1702 1193 deformes,

159 1198 238 1235 150
285 1197 342 1233 Tu
373 1197 542 1234 solamen
573 1198 610 1234 in
640 1197 783 1250 labore,
1097 1199 1234 1237 Omnes
1267 1199 1417 1237 Christo
1448 1204 1535 1237 sunt
1565 1211 1652 1238 con-

283 1253 523 1298 Medicamen
554 1255 591 1290 in
623 1255 816 1303 languore,
1153 1254 1304 1295 formes.

279 1310 336 1347 Tu
365 1309 402 1346 in
435 1311 538 1347 luctu
569 1321 651 1348 mea
682 1312 778 1360 lyra,
1098 1312 1201 1350 Urbs
1234 1312 1419 1362 caelestis,
1453 1313 1543 1350 urbs
1576 1313 1703 1364 beata,

283 1366 339 1403 Tu
370 1367 532 1404 lenimen
566 1378 606 1404 es
636 1368 674 1404 in
706 1369 775 1415 ira,
1096 1369 1220 1414 Super
1250 1373 1397 1417 petram
1432 1370 1629 1420 collocata,

282 1423 338 1459 Tu
370 1423 406 1459 in
440 1429 523 1460 arto
555 1424 750 1472 liberator,
971 1426 1051 1464 190
1092 1425 1194 1463 Urbs
1225 1425 1264 1462 in
1295 1430 1408 1471 portu
1439 1426 1530 1463 satis
1562 1430 1655 1475 tuto,

156 1479 234 1517 155
283 1479 340 1516 Tu
371 1479 409 1516 in
440 1480 551 1526 lapsu
582 1481 785 1527 relevator⁷
1095 1482 1153 1518 De
1185 1482 1388 1529 longinquo
1418 1486 1456 1518 te
1487 1483 1623 1524 saluto.

282 1536 424 1573 Metum
439 1538 685 1582 praestansin
700 1542 894 1584 provectu,
1097 1538 1151 1575 Te
1179 1538 1314 1584 saluto,
1342 1542 1379 1575 te
1410 1539 1572 1586 suspiro,

281 1592 393 1639 Spem
418 1603 645 1631 conservans
662 1594 699 1630 in
719 1593 883 1632 defectu.
1094 1595 1148 1631 Te
1180 1593 1326 1643 affecto,
1359 1598 1396 1631 te
1428 1596 1594 1642 requiro.

283 1648 322 1686 Si
351 1649 433 1695 quis
464 1649 595 1699 laedit,
629 1656 668 1687 tu
690 1651 883 1700 rependis,
1097 1652 1284 1697 Quantum
1315 1651 1368 1687 tui
1400 1652 1653 1698 gratulentur,

283 1704 322 1742 Si
354 1706 529 1756 minatur,
562 1712 602 1743 tu
634 1706 821 1754 defendis,
972 1708 1050 1747 195
1097 1708 1216 1753 Quam
1247 1708 1384 1745 festive
1416 1708 1677 1759 conviventur,

159 1763 238 1800 160
286 1762 394 1807 Quod
408 1768 463 1799 est
477 1774 629 1813 anceps,
644 1764 884 1812 tudissolvis,
1096 1765 1186 1811 Quis
1217 1763 1373 1801 affectus
1411 1775 1474 1801 eos
1505 1766 1668 1812 stringat

281 1819 388 1865 Quod
411 1821 628 1866 tegendum,
652 1825 691 1857 tu
708 1821 883 1858 involvis.
1098 1823 1175 1858 Aut
1196 1817 1292 1867 quae
1310 1831 1456 1868 gemma
1475 1832 1600 1859 muros
1617 1823 1705 1871 pin-

338 1875 395 1912 Tu
426 1876 570 1913 intrare
601 1888 660 1912 me
688 1889 761 1914 non
784 1878 888 1915 sinas
1158 1882 1233 1926 gat,

283 1929 494 1969 Infernales
525 1932 706 1981 officinas,
1101 1934 1190 1979 Quis
1224 1933 1446 1982 chalcedon,
1479 1935 1561 1981 quis
1581 1935 1702 1972 iacin-

283 1987 357 2025 Ubi
390 1999 549 2033 maeror,
580 1989 644 2026 ubi
675 1995 808 2033 metus,
1159 1990 1259 2038 thus,

156 2043 235 2083 165
284 2044 360 2082 Ubi
393 2044 527 2093 foetor,
558 2046 621 2082 ubi
648 2045 770 2092 fletus,
1100 2047 1249 2084 Norunt
1279 2047 1348 2093 illi,
1382 2047 1446 2093 qui
1473 2051 1560 2084 sunt
1581 2048 1698 2088 intus.

286 2100 358 2139 Ubi
389 2101 530 2148 probra
563 2102 802 2152 deteguntur,
974 2105 1053 2142 200
1100 2105 1145 2142 In
1176 2104 1314 2150 plateis
1346 2103 1455 2140 huius
1487 2104 1592 2141 urb1s

282 2157 358 2196 Ubi
391 2159 446 2195 rei
477 2157 774 2206 confunduntur,
1099 2160 1271 2198 Sociatus
1302 2160 1375 2206 piis
1407 2159 1529 2197 turbis

284 2214 359 2252 Ubi
389 2219 511 2252 tortor
536 2226 686 2262 semper
708 2217 884 2263 caedens,
1099 2216 1191 2255 Cum
1222 2217 1356 2264 Moyse
1387 2221 1424 2252 et
1456 2217 1543 2254 Elia

283 2270 360 2310 Ubi
402 2272 540 2308 vermis
572 2283 723 2319 semper
753 2273 884 2322 edens,
1099 2274 1206 2312 Pium
1239 2278 1385 2310 cantem
1419 2273 1597 2311 Alleluia.

157 2326 236 2365 170
284 2326 359 2365 Ubi
391 2332 509 2365 totum
542 2329 612 2366 hoc
640 2340 820 2377 perenne,

232 2449 374 2482 Collect.
409 2462 469 2482 nis.
498 2452 532 2484 S.
558 2453 697 2485 Nicolai
722 2454 904 2485 Patavien.
931 2463 1021 2485 saec.
1050 2450 1101 2484 12.
1129 2453 1213 2485 Clni.
1241 2453 1421 2483 Monacen.
1453 2449 1568 2483 16073
1594 2452 1632 2484 A.
1659 2470 1705 2474 ——-

140 2494 283 2526 Collect.
318 2506 380 2526 ms.
404 2497 620 2529 Victorinum
654 2509 744 2530 saec.
780 2496 831 2529 1‘2.
877 2498 962 2531 Cod.
989 2499 1140 2530 Parisin.
1177 2495 1302 2529 14867.
1330 2498 1366 2529 Β.
1399 2516 1442 2520 -
1468 2497 1611 2529 Collect.
1640 2508 1703 2530 ms.

142 2540 421 2573 Cirencestrense
448 2552 537 2573 saec.
569 2543 618 2575 13.
667 2544 750 2576 Cod.
776 2544 925 2575 Parisin.
958 2541 1086 2575 11867.
1112 2544 1148 2575 C.
1175 2561 1208 2565 —
1245 2543 1387 2573 (¹0llect.
1414 2553 1475 2573 ms.
1495 2542 1704 2575 carthusiae

139 2585 271 2616 Montis
298 2588 332 2617 S.
357 2587 455 2618 Beati
482 2598 586 2629 prope
605 2588 857 2620 confluentiam
885 2600 975 2622 saec..
996 2587 1045 2620 13.
1065 2586 1133 2630 [14.
1155 2585 1222 2628 15]
1262 2588 1344 2619 eod.
1364 2587 1606 2619 Vindobonen.
1624 2585 1702 2620 898.

141 2630 182 2661 D.
218 2647 260 2653 —
287 2631 430 2663 Collect.
465 2643 526 2664 nis.
553 2634 768 2666 Vol-aviense
801 2644 891 2666 saec.
929 2633 1014 2665 ¹2's13.
1062 2634 1145 2666 Cod.
1174 2633 1360 2664 Voravien.
1387 2631 1440 2664 33.
1465 2631 1566 2673 (111).
1592 2633 1634 2665 Ε.
1658 2651 1702 2656 -

141 2675 285 2707 collect.
319 2687 378 2708 ms.
404 2677 667 2719 Pruvningense
700 2689 789 2711 saec.
819 2679 869 2711 15.
896 2680 982 2712 Clm.
1007 2680 1187 2710 Monaeon.
1225 2676 1350 2709 12007.
1380 2679 1415 2709 1·“.
1448 2695 1486 2699 -
1516 2678 1702 2720 Speculum

141 2719 321 2753 historiale
347 2723 523 2754 Vincentii
548 2724 769 2756 Bellovacon.
796 2735 885 2756 saec.
914 2724 964 2756 14.
991 2726 1076 2757 (Ilm.
1104 2725 1285 2755 Monacen.
1316 2720 1431 2754 17132
1455 2723 1494 2755 G.

236 2764 250 2796 1
279 2767 340 2798 ΑΟ
366 2768 460 2799 Deus
489 2779 583 2800 meus
600 2770 704 2801 ABD.
731 2787 774 2791 —
800 2768 820 2801 2
839 2781 933 2802 niens
952 2772 1045 2802 Deus
1065 2772 1101 2801 Β.
1120 2787 1163 2790 -—
1181 2767 1200 2799 9
1219 2779 1281 2799 nec
1300 2768 1453 2799 inclusus
1474 2769 1513 2800 1).
1532 2787 1572 2792 —
1593 2767 1613 2801 9
1631 2770 1702 2801 und

144 2808 185 2843 10
211 2811 325 2843 hinter
352 2811 394 2844 12
411 2813 485 2852 AF3
515 2831 557 2834 —
586 2812 627 2846 10
652 2815 721 2846 und
748 2813 767 2846 9
792 2815 908 2847 hinter
937 2815 976 2847 12
996 2814 1035 2845 G.
1066 2813 1104 2846 10
1129 2824 1192 2845 nec
1216 2811 1376 2845 exclusus
1394 2814 1430 2845 F.
1451 2831 1491 2836 —
1515 2812 1551 2846 ll
1571 2815 1641 2846 und
1662 2814 1703 2846 12

139 2857 339 2899 umgestellt
355 2858 455 2897 BCG,
483 2877 523 2882 —
552 2858 591 2890 12
616 2871 679 2892 nec
704 2861 902 2892 subtractus
920 2862 959 2892 Α.
985 2878 1027 2882 —
1055 2858 1096 2892 13
1115 2859 1227 2899 Supra
1252 2862 1344 2890 totus
1363 2859 1408 2894 C:
1435 2859 1644 2900 possidendo
1662 2861 1702 2892 13.

138 2917 183 2925 ·—
211 2899 252 2933 14
277 2904 497 2935 subsistendo
516 2905 586 2936 AB.
615 2923 653 2926 —
684 2904 722 2937 16
742 2907 837 2937 Intra
863 2909 955 2937 totus
982 2907 1016 2936 in
1035 2904 1239 2946 complendo
1259 2905 1327 2937 FG.
1348 2923 1388 2928 —
1409 2902 1449 2935 17
1468 2915 1645 2947 nunquam
1663 2907 1703 2938 B.
