2031 3289
841 195 1224 257 --634-

292 307 358 346 37.
404 308 501 355 Ave,
534 308 637 346 cuius
668 308 731 355 pia
763 308 899 346 dextra

290 724 354 761 38.

288 1142 354 1179 39.

285 1559 350 1597 40.

283 1979 349 2017 41.

286 2396 352 2433 42.

404 364 674 401 Sordescentes
705 364 818 414 intus,
851 368 958 403 extra

461 420 527 457 Pie
557 420 654 457 solet
683 424 831 467 tergere

403 476 454 513 Et
486 476 638 513 deterso
671 477 804 523 culpae
835 487 949 514 caeno

400 531 601 570 Serenatos
631 532 669 570 in
701 542 834 570 sereno

458 588 588 636 Regno
618 588 690 626 Dei
721 599 873 635 ponere.

402 725 497 773 Ave,
530 724 651 772 virgo,
683 725 791 772 virga
821 726 936 770 Iesse,

401 780 519 825 Quam
550 781 725 818 caelestis
755 779 947 818 indefesse

458 837 609 874 Laudat
641 837 777 874 chorus
808 837 946 887 curiae,

399 892 451 929 Et
479 893 727 930 succumbunt
747 903 876 931 omnes
896 893 1032 931 Musae

400 949 656 987 Laudatorum
688 949 757 987 sub
791 949 948 988 diffusae

457 1006 630 1043 Pondere
659 1006 853 1046 materiae.

401 1143 499 1190 Ave,
532 1141 650 1191 virgo,
684 1146 816 1191 mater,
849 1141 985 1190 gaude,

400 1197 514 1235 Cuius
545 1197 582 1234 in
617 1198 786 1236 canenda
816 1198 929 1236 laude

453 1255 530 1292 Par
559 1257 615 1291 est
642 1254 792 1292 Cherub
824 1254 967 1292 cherilo
982 1252 1031 1305 ¹),

400 1308 503 1348 Satis
539 1310 640 1347 culta
670 1311 751 1348 sine
783 1312 884 1348 cultu

403 1367 578 1404 Fratrem
596 1366 767 1405 Phoebes
790 1367 909 1405 vincis
926 1368 1031 1405 vultu

458 1423 694 1461 Rutilantem
726 1424 853 1462 rutilo.

398 1555 496 1607 Ave,
530 1559 667 1596 victrix
698 1559 818 1596 hostis
850 1559 965 1605 saevi,

400 1614 589 1653 Claudens
599 1616 720 1654 Deum
733 1616 898 1653 claustro
909 1615 1029 1664 brevi,

454 1671 634 1718 Magnum
664 1683 784 1719 parvo
814 1672 985 1718 metiens,

399 1728 443 1765 In
476 1726 705 1765 frumentum
731 1728 855 1766 carnis
877 1727 1027 1766 foenum

398 1784 448 1821 Et
478 1784 515 1821 in
548 1795 678 1822 aurum
711 1785 828 1822 vertis
868 1796 1023 1823 caenum

453 1840 581 1878 Verbo
614 1852 764 1878 carnem
795 1842 941 1880 uniens.

398 1978 492 2025 Ave,
527 1976 631 2013 cuius
662 1978 803 2023 speciei

399 2033 628 2080 Comparata
656 2034 722 2070 lux
755 2033 829 2071 diei

457 2089 583 2127 Sudae
613 2100 688 2128 nox
723 2095 780 2127 est
810 2090 990 2137 horrida;

398 2145 573 2184 Phoebus
583 2144 706 2191 funus,
717 2147 861 2184 caelum
872 2157 1040 2195 caenum,

398 2203 506 2240 Luna
536 2203 659 2251 limus,
691 2203 764 2240 mel
797 2213 992 2253 venenum,

455 2258 583 2296 Favus
614 2260 883 2307 coloquintida.

399 2395 495 2440 Ave,
529 2398 633 2432 casta
665 2405 803 2441 sponsa
834 2394 918 2441 Dei,

400 2452 503 2498 Quae
531 2450 665 2488 beatae
697 2449 810 2488 faciei

459 2507 557 2544 Nive
587 2507 693 2544 nives
725 2517 894 2554 superas,

401 2565 503 2610 Quae
517 2574 586 2610 per
598 2563 741 2600 vultum
750 2562 1034 2611 praefulgorum

400 2620 621 2667 Aquilinam
653 2620 870 2667 angelorum

455 2677 587 2714 Aciem
620 2676 853 2716 reverberas

402 2820 425 2859 ¹)
461 2821 564 2853 chilo.
589 2838 632 2842 —

399 2863 427 2905 ²)
461 2866 599 2898 chorda.
626 2884 667 2889 —

399 2908 425 2949 Ι’3)
461 2911 687 2943 ardescendit.
715 2929 756 2934 —

1105 311 1171 349 43.

1105 727 1170 765 44.

1104 1143 1170 1181 45.

1105 1560 1172 1600 46.

1101 1979 1168 2019 47.

1106 2395 1173 2436 48.

1217 311 1311 359 Ave,
1344 309 1464 359 virgo,
1498 321 1562 348 vas
1592 314 1765 358 argutum

1216 365 1442 413 Maiestatis,
1474 376 1570 413 quae
1600 367 1782 406 virtutum

1273 422 1444 460 Summas
1475 424 1600 471 carpis
1630 423 1796 471 semitm,

1215 479 1365 525 Expers
1395 478 1504 528 labis,
1539 489 1673 526 expers
1703 479 1841 529 sordis,

1218 535 1313 580 Quia
1343 535 1397 572 tui
1429 534 1591 573 chordas
1603 533 1638 585 2)
1670 535 1795 573 cordis

1274 591 1347 628 Dei
1378 589 1547 641 tenditss)
1580 592 1731 630 caritas,

1218 727 1312 775 Ave,
1345 726 1464 773 virgo,
1496 736 1591 773 quae
1622 726 1793 764 diurnam

1216 783 1357 820 Facem
1388 782 1508 819 vincis
1539 787 1577 819 et
1605 786 1828 820 nocturnam

1274 839 1443 876 Radiosa
1474 838 1584 885 facie,

1218 895 1289 932 Tui
1321 895 1419 932 sacri
1451 895 1593 932 ventris
1627 895 1722 932 cista

1218 951 1349 988 Placet
1382 951 1546 998 Christo,
1578 951 1665 998 quia
1696 951 1812 989 crista

1254 1008 1391 1055 *Cares
1421 1008 1673 1054 arrogantiae.

1218 1143 1314 1191 Ave,
1345 1142 1526 1189 thymum,
1561 1143 1697 1191 caltha,
1729 1153 1827 1192 rosa,

1217 1198 1317 1236 Vitis
1350 1197 1457 1236 ferax
1489 1203 1527 1236 et
1556 1197 1737 1236 frondosa

1273 1255 1478 1302 Palmaque
1507 1256 1746 1305 vermicoma‚

1217 1311 1313 1357 Ave,
1346 1311 1495 1359 fornax,
1527 1312 1566 1349 in
1597 1323 1670 1359 qua
1698 1310 1834 1359 flagrat

1217 1367 1268 1405 Et
1295 1366 1491 1415 flagrando
1521 1369 1640 1416 magis
1671 1366 1817 1416 fragrat

1275 1424 1424 1462 Caritas
1455 1425 1655 1472 ignicoma.

1219 1562 1314 1610 Ave,
1349 1560 1448 1597 doxa
1477 1560 1687 1608 virginalis,

1217 1617 1294 1654 Vas
1323 1616 1477 1654 arvinae
1508 1616 1704 1663 spiritalis,

1272 1672 1427 1710 Gratiae
1456 1672 1677 1718 lardarium,

1215 1728 1352 1766 Strena
1382 1728 1501 1778 pacis,
1534 1729 1648 1767 arrha
1678 1728 1790 1778 vitae,

1218 1785 1433 1823 Maiestatis
1464 1784 1635 1823 infinitae

1275 1841 1422 1880 Subtile
1453 1841 1730 1889 compendium.

1214 1979 1310 2026 Ave,
1343 1978 1439 2015 caeli
1470 1977 1598 2016 brevis
1628 1977 1724 2024 apis,

1216 2036 1320 2081 Quae
1352 2034 1399 2071 de
1429 2034 1502 2071 Dei
1532 2034 1616 2071 sinu
1646 2033 1750 2080 rapis

1271 2090 1520 2128 Redolentem
1550 2088 1746 2127 flosculum

1214 2148 1265 2185 Et
1298 2147 1344 2184 de
1374 2146 1467 2184 flore
1498 2146 1598 2193 sugis
1631 2145 1769 2193 favum,

1213 2203 1335 2242 Gustu
1367 2204 1470 2241 cuius
1502 2204 1550 2240 ad
1582 2207 1754 2240 octavum

1270 2260 1496 2298 Pervenitur
1526 2259 1732 2299 saeculum.

1223 2396 1315 2444 Ave,
1348 2398 1480 2444 mater,
1512 2404 1595 2441 ave,
1627 2394 1746 2441 virgo,

1221 2453 1337 2498 Quem
1368 2451 1407 2488 in
1428 2461 1571 2488 summo
1591 2450 1691 2488 vitae
1711 2460 1846 2498 pyrgo,

1276 2507 1451 2554 Quisquis
1482 2507 1616 2550 credit,
1648 2507 1812 2555 invocat,

1220 2565 1349 2609 Quam,
1367 2564 1429 2610 qui
1442 2567 1565 2600 motor
1576 2567 1633 2600 est
1644 2563 1845 2614 caelorum,

1220 2620 1341 2667 Super
1372 2620 1508 2657 trinam
1540 2620 1757 2667 angelorum

1275 2676 1504 2714 lerarchiam
1535 2676 1709 2715 collocat.
