2031 3289
365 635 431 672 25.

363 929 427 965 30.

365 1229 431 1266 535.

361 1525 426 1561 40.

362 2375 383 2409 ιτ

391 2377 413 2411 05¹

360 2660 424 2695 (30.

945 165 1250 205 —110—

461 277 669 325 Singularis
700 279 738 315 in
770 278 917 325 decore,

516 346 580 371 vas
615 335 783 381 crystalli
815 335 989 383 solidum,

462 397 522 433 Ad
556 397 758 433 videndum
791 396 871 433 dies
903 396 1020 433 bonos

517 453 716 499 multiplex
746 452 975 500 suffragium,

462 515 685 552 Catenarum
719 514 952 561 dissipatrix,

514 571 722 608 absolutrix
756 572 989 618 compedum,

465 635 507 670 In
549 645 621 679 qua
648 637 800 669 sanctus
832 633 1058 679 consolator,

515 689 654 726 artifex
685 683 883 735 artificum,

460 752 614 798 Absque
645 763 757 788 manu
787 753 901 788 maris
925 763 1060 798 corpus

518 809 659 845 creavit
693 809 931 857 dominicum,

463 871 527 909 Uti
562 870 714 907 verbum
747 871 879 907 summi
912 871 1044 916 patris,

517 931 732 963 cunctorum
766 928 1007 974 principium,

463 991 503 1027 In
534 990 674 1027 servuli
705 988 827 1027 forma
857 1000 1006 1026 sumens

518 1056 630 1083 verae
660 1046 784 1083 carnis
814 1046 994 1091 habitum,

463 1108 560 1145 Dum
591 1108 630 1145 in
660 1108 743 1154 ipsa
775 1108 926 1145 deitatis

516 1165 682 1201 occultat
711 1165 880 1202 aculeum

463 1227 514 1264 Et
545 1227 617 1263 vim
652 1228 748 1264 celat
779 1228 991 1275 potestatis,

518 1284 618 1330 quod
650 1288 732 1320 erat
761 1284 982 1333 invalidum,

466 1348 626 1393 Captum
659 1347 768 1383 homo
802 1347 1012 1393 captivaret

523 1403 731 1440 Leviathan
764 1403 934 1441 lividum.

461 1466 518 1502 Tu
551 1466 837 1503 christianorum
870 1471 990 1502 mater

517 1527 552 1558 et
582 1523 707 1559 lumen
739 1522 940 1571 egregium,

461 1579 557 1615 Vere
587 1579 730 1616 habens
762 1578 901 1616 fontem
934 1580 1032 1616 vitae

517 1636 692 1673 claustris
725 1637 797 1672 tuis
827 1636 1002 1684 inditum,

460 1693 511 1729 Et
541 1704 721 1739 propago,
755 1703 849 1739 quae
880 1693 1061 1739 produxit

516 1749 678 1795 primum
710 1754 747 1786 et
776 1750 1031 1789 novissimum.

421 1835 429 1844 .
465 1806 611 1844 Palmes
642 1816 774 1852 verus,
807 1809 928 1843 mater
959 1806 1059 1855 vitis,

520 1863 583 1910 qui
622 1867 731 1910 pater
766 1866 823 1899 est
852 1863 1061 1909 palmitum,

460 1920 548 1958 Sine
578 1920 684 1956 cuius
716 1920 908 1956 mansione

515 1976 609 2013 nihil
641 1981 696 2013 est
729 1975 969 2026 fructificum,

459 2033 743 2070 Monumentum
776 2044 815 2070 es
850 2034 1021 2070 datorum

516 2091 666 2127 saeculo
697 2090 965 2127 charismatum

459 2147 642 2193 Illiusque
673 2149 910 2195 sacramenti,

519 2203 618 2250 quod
651 2208 707 2239 est
738 2204 845 2240 nobis
867 2204 1062 2251 traditum,

458 2262 539 2306 Quo
573 2260 619 2296 (le
641 2271 753 2297 carne
777 2261 915 2297 Christi
937 2260 1060 2298 cibum

517 2317 695 2353 sumimus
727 2317 927 2361 vivificum,

419 2403 427 2411 .
461 2375 513 2412 Ut
543 2374 581 2410 in
615 2374 694 2410 eius
727 2373 1001 2410 transferamur

516 2430 684 2476 corporis
716 2430 923 2476 coagulum.

457 2487 513 2524 De
545 2492 580 2522 te
603 2490 759 2535 constat,
794 2486 893 2533 quod
916 2486 1061 2522 servire

512 2543 579 2579 tibi
612 2544 657 2579 sit
692 2543 939 2588 liberrimum,

464 2601 578 2637 (nius
601 2611 699 2648 caro,
724 2611 832 2646 quam
857 2600 1061 2645 sumpsiss(¹

516 2657 705 2693 credimus
737 2656 972 2702 altissimum,

460 2715 584 2750 Sam-it
621 2714 733 2762 leges,
768 2714 863 2759 regit
895 2713 995 2748 vires

513 2771 721 2817 seriemque
753 2775 973 2816 temporum,

457 2827 581 2863 t‘lavis
612 2838 831 2875 magnaque,
866 2837 938 2872 qua
962 2826 1055 2862 meli

512 2889 702 2920 reseratur
732 2883 881 2920 ostium.

1122 2318 1215 2356 400.

1145 281 1209 319 65.
1243 280 1299 316 Tu
1329 280 1368 317 in
1399 280 1542 327 virgam
1573 281 1800 327 pastoralem

1299 337 1518 373 convertisti
1548 338 1726 385 gladium,

1244 398 1315 445 Qui
1345 400 1590 446 transgressis
1621 400 1789 446 paradisi

1303 454 1456 492 vetabat
1486 455 1691 494 introitum.

1242 517 1358 563 Apud
1385 516 1574 554 Christum
1603 522 1739 562 cuncta
1764 528 1874 564 posse

1147 573 1210 610 70.
1300 577 1338 609 te
1365 573 1459 610 nulli
1490 574 1539 610 sit
1572 574 1738 623 dubium,

1245 635 1338 680 Quia
1368 634 1470 671 Deus
1502 646 1589 673 caro
1619 640 1684 673 tua

1303 691 1472 728 decernit
1501 692 1694 741 iudicium,

1245 754 1318 790 Per
1350 753 1448 800 quod
1480 754 1612 801 cuique
1642 755 1847 791 trutinatur

1303 820 1446 846 merces
1477 814 1539 847 aut
1572 812 1811 857 supplicium.

1112 892 1114 896 >
1152 873 1219 910 75.
1251 872 1358 918 Quod
1391 872 1422 908 si
1453 876 1535 909 tuos
1566 873 1846 920 paranymphos

1304 927 1495 976 proferam
1526 929 1562 965 in
1595 929 1771 974 medium,

1246 991 1308 1028 Ad
1340 991 1517 1027 decenter
1549 992 1826 1039 explanandum

1302 1047 1425 1084 laudis
1456 1051 1542 1084 tuae
1573 1048 1735 1094 titulum,

1247 1109 1464 1146 Gabrielem
1496 1110 1630 1156 loquor
1660 1114 1771 1157 atque

1149 1166 1215 1204 80.
1304 1166 1507 1203 Iohannem
1539 1167 1761 1213 apostolum,

1246 1228 1439 1275 Quidquid
1471 1228 1544 1275 ipsi
1574 1229 1670 1265 tanti
1702 1234 1858 1276 possunt

1305 1284 1409 1321 effari
1440 1285 1729 1332 sanctissimum,

1253 1347 1369 1384 Omne
1401 1348 1672 1393 comparationi

1308 1415 1380 1440 non
1415 1405 1485 1440 erit
1518 1405 1744 1451 contiguum.

1146 1467 1210 1504 85.
1244 1466 1307 1503 Sic
1337 1472 1422 1512 post
1454 1466 1571 1502 Deum
1604 1470 1645 1502 tu
1674 1467 1874 1513 praecellis

1299 1533 1420 1570 omne,
1452 1523 1550 1569 quod
1583 1526 1639 1559 est
1669 1523 1844 1572 arduum,

1243 1579 1349 1626 Quod
1381 1590 1580 1627 cessarem,
1613 1579 1679 1616 sed
1711 1579 1865 1616 affectus

1300 1636 1471 1672 retardat
1501 1636 1691 1673 silentium

1244 1693 1294 1729 Et
1324 1693 1394 1729 hoc
1424 1693 1545 1740 ipsum
1580 1693 1742 1730 recitare

1147 1752 1212 1788 90.
1302 1748 1491 1787 refocillat
1521 1750 1697 1799 animum,

1247 1806 1352 1843 Sicut
1380 1807 1465 1852 ipsa
1497 1805 1592 1843 bene
1622 1806 1734 1852 nosti,

1304 1863 1390 1899 mali
1421 1862 1494 1899 sibi
1526 1863 1715 1900 conscium

1248 1919 1297 1956 Et
1329 1920 1535 1968 timentem,
1569 1919 1668 1966 quod
1702 1919 1862 1957 debetur

1304 1980 1359 2012 tot
1390 1976 1498 2013 noxis
1529 1974 1751 2013 facinorum.

1151 2036 1215 2073 95,
1254 2031 1384 2070 Placet
1414 2037 1537 2069 autem
1569 2033 1762 2070 recordari

1303 2090 1376 2126 iam
1408 2092 1556 2126 tuorum
1585 2100 1752 2136 operum,

1249 2145 1324 2183 Sed
1358 2147 1582 2195 summatim,
1613 2146 1701 2192 quia
1732 2156 1862 2182 sensus

1305 2202 1446 2240 fatiscit
1477 2201 1641 2239 officium

1250 2260 1379 2306 Neque
1417 2259 1517 2306 capit
1546 2264 1688 2296 tantum
1721 2259 1845 2295 lumen

1305 2327 1369 2352 cor
1398 2315 1730 2363 imperitissimum,

1248 2373 1311 2410 Ad
1343 2373 1442 2418 quod
1474 2373 1616 2409 nullum
1647 2373 1862 2419 explorare

1303 2428 1425 2466 fateor
1455 2429 1630 2465 idoneum

1245 2486 1293 2523 Et
1326 2485 1423 2532 quod
1456 2486 1554 2522 nolle
1586 2485 1789 2531 implorare

1303 2546 1355 2578 est
1389 2543 1461 2578 iam
1495 2553 1576 2578 esse
1608 2545 1815 2586 mortuum3

1151 2601 1216 2637 05.
1251 2600 1346 2636 Nam
1379 2611 1451 2635 non
1484 2599 1587 2647 vivit,
1620 2598 1681 2645 qui
1713 2609 1753 2634 sc
1783 2597 1853 2634 tibi

1302 2667 1373 2692 non
1404 2656 1481 2692 vult
1516 2666 1597 2692 esse
1628 2654 1832 2692 subditum.

1245 2712 1302 2748 'l'u
1334 2713 1506 2748 caelestis
1538 2723 1576 2748 es
1609 2711 1785 2748 frumenti

1301 2768 1406 2805 ferax
1439 2768 1682 2810 territorium,

1249 2826 1376 2872 Virgo,
1409 2826 1512 2862 cuius
1544 2825 1624 2861 sine
1655 2824 1728 2860 tine

1148 2883 1212 2919 10.
1302 2886 1425 2918 manet
1458 2881 1711 2928 puerperium,
