1914 3223
101 212 103 214 ⁵
139 239 206 277 51.

138 791 205 829 52.

134 1346 200 1384 53.

131 1900 196 1938 54.

130 2448 195 2487 55.

250 237 374 283 Quare
404 237 460 274 sic
491 237 682 286 decuerat,

305 293 440 341 inquit,
477 298 515 330 te
545 294 747 340 benignum

253 349 402 396 Agnum
434 350 567 387 mortis
599 351 740 387 exitum

308 407 386 454 pati
418 410 493 443 tam
522 406 746 453 indignum?

250 462 326 500 Sed
357 462 412 499 sic
442 462 684 509 disposueras

306 519 459 557 vincere
488 520 706 566 malignum,

249 575 301 613 Et
330 575 402 613 hoc
431 579 551 613 totum
582 574 724 613 factum
755 579 812 613 est

304 631 354 669 ad
385 633 524 669 amoris
555 633 719 682 signum.

251 790 357 828 Haec
388 791 527 827 amoris
559 791 666 838 signa
696 796 795 839 sunt,

305 857 400 893 quae
431 851 623 893 postrema
653 846 785 893 primis

249 902 439 949 Copulans
470 904 649 949 associas,

305 970 451 996 summa
480 960 638 1007 iungens
668 960 766 1006 imis,

877 124 957 178 607

955 240 1023 278 56.

956 792 1020 831 57.

249 1015 482 1063 Monstrans,
515 1017 615 1063 quod
636 1017 691 1053 sic
718 1017 883 1054 moriens

304 1083 372 1111 nos
402 1083 549 1110 amares
579 1073 717 1120 nimis,

247 1129 382 1168 Totum
415 1129 513 1166 enim
546 1127 670 1166 effluis

303 1190 360 1223 tot
388 1186 534 1232 apertis
565 1186 683 1225 rimis.

246 1344 303 1381 Tu
333 1343 476 1381 amicus
507 1355 625 1381 novus
656 1354 708 1394 es,

301 1405 342 1437 tu
373 1410 412 1437 es
444 1411 580 1438 novum
612 1405 798 1453 mustum3

244 1457 307 1495 Sic
337 1461 376 1494 te
406 1462 515 1494 vocat
546 1458 711 1505 sapiens,

302 1517 339 1550 et
370 1516 428 1550 est
458 1515 551 1551 satis
580 1514 732 1565 iustum,

243 1570 361 1607 Totus
392 1570 492 1607 enim
523 1568 647 1607 effluis

298 1626 464 1664 reddens
497 1627 644 1663 dulcem
676 1630 838 1676 gustum,

242 1683 424 1721 Fundens
457 1683 582 1720 carnis
614 1682 768 1731 dolium,

298 1739 389 1776 licet
419 1750 485 1778 vas
518 1743 729 1778 venustum.

242 1898 374 1936 Tantis
405 1898 521 1946 signis
551 1898 715 1935 monitus

297 1954 497 2002 paenitens
528 1955 602 1992 iam
635 1955 777 2005 credat,

242 2011 348 2058 Quod
379 2011 697 2058 praecordialiter

300 2067 476 2106 Christus
507 2067 542 2104 ei
572 2078 612 2104 se
643 2067 731 2115 dat;

241 2125 320 2162 Ista
352 2124 460 2171 signa
491 2124 669 2171 recolam,

295 2190 344 2217 ne
371 2191 431 2217 me
462 2180 578 2218 Satan
609 2180 749 2228 laedat,

241 2236 340 2274 Nam
370 2237 519 2284 peccati
549 2236 692 2274 rabiem

294 2293 389 2330 nihil
419 2293 474 2330 ita
504 2293 625 2331 sedat.

241 2447 320 2484 Ista
353 2445 460 2493 signa
491 2446 661 2483 recolens

293 2502 395 2549 oei,
426 2502 503 2539 oci
535 2503 667 2551 clamo,

241 2558 375 2596 Dulcis
406 2559 503 2608 Iesu,
538 2558 710 2606 querula,

294 2615 395 2661 quod
425 2621 463 2652 te
493 2615 615 2651 minus
647 2625 744 2662 amo,

239 2670 382 2716 stringi
412 2675 537 2709 tamen
570 2672 682 2717 cupio

299 2727 525 2774 disciplinae
557 2727 701 2773 chamo,

237 2783 341 2821 Sicut
371 2794 441 2830 pro
472 2794 530 2820 me
562 2787 694 2830 captus
723 2792 762 2819 es

297 2840 466 2877 caritatis
497 2839 622 2879 hamo.

954 1344 1018 1382 58.

947 1897 1014 1937 59.

946 2445 1011 2483 60.

1068 240 1181 286 Quasi
1214 239 1364 277 hamum
1396 241 1536 278 caritas

1125 296 1194 333 tibi
1224 297 1495 343 praesentavit,

1066 352 1165 390 Mori
1203 363 1285 390 eum
1317 364 1385 399 pro
1416 354 1565 391 homine

1124 413 1161 445 te
1192 409 1429 457 sollicitavit,

1067 464 1142 502 Sed
1173 465 1242 502 sub
1274 475 1360 503 esca
1391 466 1529 513 placita

1125 521 1276 558 hamum
1307 523 1523 566 occultavit,

1068 577 1162 616 Cum
1194 578 1335 615 lucrari
1367 579 1510 616 animas

1125 638 1162 670 te
1192 645 1262 681 per
1291 634 1362 672 hoc
1391 635 1628 673 monstravit.

1072 791 1126 829 Te
1157 792 1309 838 quidem
1341 793 1492 830 aculeus

1124 848 1224 885 hami
1255 860 1328 885 non
1360 849 1515 896 latebat,

1069 903 1143 942 Sed
1174 905 1276 942 illius
1308 906 1462 952 punctio

1125 965 1163 997 te
1193 972 1266 998 non
1300 962 1530 1009 deterrebat,

1069 1017 1188 1054 Immo
1218 1017 1317 1054 hunc
1347 1018 1531 1064 impetere

1124 1073 1194 1110 tibi
1226 1074 1498 1124 complacebat,

1066 1129 1162 1175 Quia
1198 1130 1426 1168 desiderium

1124 1197 1232 1224 escae
1263 1192 1300 1223 te
1329 1187 1517 1226 trahebat.

1064 1344 1166 1391 Ergo
1197 1355 1266 1391 pro
1297 1355 1356 1381 me
1388 1346 1536 1393 misera,

1121 1412 1233 1447 quam
1263 1405 1304 1438 tu
1335 1402 1517 1449 dilexisti,

1065 1457 1204 1496 Mortis
1234 1457 1273 1494 in
1304 1458 1474 1495 aculeum

1122 1513 1244 1550 sciens
1275 1514 1476 1564 impegisti,

1063 1570 1156 1608 Cum
1192 1574 1230 1606 te
1259 1571 1359 1617 patri
1391 1571 1583 1608 victimam

1120 1630 1288 1664 sanctam
1319 1627 1491 1664 obtulisti

1062 1682 1112 1720 Et
1143 1683 1181 1720 in
1213 1687 1277 1720 tuo
1308 1683 1488 1730 sanguine

1120 1733 1314 1777 sordidam
1345 1740 1485 1779 lavisti.

1060 1897 1151 1943 Quis
1182 1897 1341 1935 miretur
1370 1898 1497 1945 igitur,

1117 1954 1149 1990 si
1180 1964 1250 2001 pro
1281 1958 1318 1990 te
1349 1954 1510 2000 suspiro,

1059 2010 1194 2048 Iuncta
1223 2010 1304 2047 sine
1331 2011 1476 2047 meritis

1114 2071 1191 2103 tam
1222 2066 1362 2103 zelanti
1394 2066 1503 2104 viro?

1059 2122 1157 2160 Nam
1188 2122 1361 2160 affectum
1393 2123 1515 2160 allicis

1114 2189 1236 2216 meum
1268 2179 1380 2216 modo
1411 2179 1519 2226 miro,

1059 2235 1133 2273 Pro
1161 2245 1220 2272 me
1252 2235 1367 2272 vitam
1399 2235 1533 2273 finiens

1115 2292 1218 2328 exitu
1248 2296 1322 2328 tam
1357 2291 1453 2331 diro.

1060 2444 1159 2482 Vere
1189 2443 1263 2480 iam
1295 2454 1368 2479 non
1402 2442 1521 2480 debeo

1113 2502 1259 2536 tantum
1290 2499 1495 2548 suspirare,

1058 2553 1178 2594 Immo
1204 2556 1310 2592 iuxta
1341 2555 1496 2592 verbum
1528 2555 1596 2593 Iob

1115 2622 1266 2649 carnem
1299 2612 1479 2657 lacerare,

1059 2668 1103 2705 In
1136 2678 1297 2705 caverna
1327 2668 1458 2705 lateris

1113 2724 1241 2761 nidum
1275 2734 1505 2770 praeparare

1057 2780 1107 2817 Et
1139 2784 1346 2817 extremum
1378 2781 1552 2827 spiritum

1113 2836 1193 2873 illic
1223 2836 1414 2874 exhalare.
