1914 3223
868 177 950 217 429

1026 292 1079 330 Ut
1109 293 1221 329 soluti
1254 293 1382 330 mundi
1416 293 1513 329 mole

1080 349 1130 385 Et
1161 350 1285 386 carnis
1317 350 1474 396 penuria

1025 405 1082 441 De
1113 407 1391 443 tua.laete1nur
1421 406 1540 456 prole,

1082 462 1196 508 Virgo
1228 462 1544 509 praeclarissima.

210 289 286 327 Per
315 299 510 326 ascensum
541 290 765 327 hodiernum

265 346 328 383 Ad
359 352 537 383 montana
565 347 702 393 agilem

209 401 288 440 Nos
319 402 367 439 ad
399 413 552 450 reguum
580 403 653 439 due
674 407 867 440 aeternum

266 459 340 496 Per
370 460 483 496 vitam
517 459 759 506 laudabilem,

212 558 286 590 Fol.
322 556 416 591 1381>
450 569 523 601 sqq,
550 576 593 580 —
619 559 696 591 Alle
730 560 777 590 im
811 559 1065 591 voi-steheuden
1092 561 1272 593 i'ehleuden
1298 563 1395 594 Teile
1421 562 1481 593 des
1507 562 1687 595 Officiums

122 604 200 635 sind
234 604 426 645 prosaisch.
477 606 600 636 Dieses
626 606 770 645 beginnt
794 606 857 636 mit
880 605 940 637 der
965 605 995 638 Α
1030 605 1288 647 Exsurgeus
1323 609 1464 639 Maria
1497 609 1611 639 abiit
1643 610 1687 640 in

122 653 331 681 montana
356 655 433 681 etc.
476 650 553 692 Vgl.
573 650 756 691 beziiglieh
785 650 898 681 dieses
918 651 1097 682 Ot'ticiuina
1124 652 1179 683 die
1198 653 1418 693 Bemerkung
1445 663 1487 684 zu
1508 655 1565 684 Nr.
1594 652 1622 684 2.
1643 673 1686 677 —

121 695 192 726 Der
215 694 351 736 Tropus
376 696 489 727 Mater
514 695 645 727 Christi
677 696 874 727 veneranda
908 694 1013 727 findet
1047 697 1122 728 sich
1156 698 1207 728 ais
1234 699 1391 737 Sequenz
1421 699 1613 740 gebrant-lit
1639 701 1687 731 im

120 741 215 771 Miss.
242 750 303 770 mS.
330 750 421 775 saec,
450 739 500 771 15.
527 741 610 773 Cod.
638 740 845 781 Oenipotan.
875 739 948 773 100.

458 907 539 944 400.
575 908 655 951 (12.)
689 908 734 942 In
759 908 879 943 Festo
906 908 953 943 B.
981 909 1034 945 M.
1062 909 1107 945 V.
1136 910 1186 945 ad
1213 910 1344 946 Nives.

303 1015 375 1050 Ad
417 1014 684 1060 Vesperas.

375 1086 608 1128 Antiphonae.

133 1167 171 1205 1.
203 1165 355 1204 Candor
382 1167 477 1203 lucis
507 1172 684 1204 aeternae

200 1223 243 1259 In
275 1229 324 1269 te,
357 1223 474 1270 virgo,
508 1229 633 1261 manet
664 1225 811 1261 interne

200 1279 385 1327 Niveique
416 1281 573 1326 pudoris

934 1013 979 1054 V.
1018 1014 1209 1062 Quoniam
1234 1015 1314 1062 ipse
1335 1019 1387 1054 est
1407 1017 1535 1055 lumen
1559 1018 1602 1055 de
1623 1018 1680 1056 lu-

1017 1072 1132 1117 mine,
1164 1070 1347 1111 habitans
1374 1074 1491 1111 lucem
1515 1075 1681 1113 ‘inacces-

1015 1128 1180 1169 sibilent,

1158 1241 1211 1272 Ad
1236 1241 1450 1283 Magnificat.

202 1336 376 1374 Claustra
408 1338 505 1384 regit
535 1339 617 1384 ipse
649 1338 808 1377 decoris.
931 1309 978 1348 A·
1016 1309 1266 1388 Eceffstvlrgo
1301 1316 1374 1347 1⁰¹⁵
1588 1370 1594 1376 .

1074 1373 1210 1412 patent
1242 1375 1369 1404 ereata
1401 1373 1630 1419 praeceptis,

156 1451 165 1459 .
197 1420 250 1458 Ut
279 1421 425 1459 maduit
457 1421 593 1463 vellus,
1015 1423 1172 1469 Quando
1204 1425 1278 1460 ritu
1309 1425 1432 1462 soluto

256 1479 439 1524 mergitur
479 1484 565 1524 post
595 1479 703 1516 arida
733 1479 858 1526 tellus,
1016 1479 1167 1516 Transit
1200 1483 1236 1517 in
1269 1482 1450 1518 adversas

198 1535 253 1574 Ut
277 1534 363 1571 nive
393 1535 496 1571 albet
526 1535 672 1584 humus,
1073 1541 1109 1572 te
1141 1537 1293 1573 iubente
1324 1544 1459 1576 natura
1490 1538 1642 1589 figuras,

254 1592 308 1627 sio
339 1591 495 1640 virginis
527 1593 681 1629 canduit
711 1593 830 1632 alvus.
1015 1592 1179 1630 Torrido
1210 1605 1305 1641 quae
1338 1595 1406 1631 sub
1438 1596 1517 1633 sole
1547 1598 1676 1634 niveas

158 1705 166 1712 .
198 1676 352 1721 Beatus⁷
385 1677 448 1723 qui
481 1678 631 1715 exsistit
661 1678 759 1714 lotus
1070 1648 1164 1687 sams
1196 1662 1304 1688 mere
1331 1663 1500 1698 ptumus·

253 1733 326 1770 Hic
356 1733 404 1770 ab
437 1735 545 1780 aquis
578 1735 732 1780 nivium,
1168 1774 1181 1788 Ἰ
1462 1777 1469 1783 ‚

197 1789 373 1827 Transiet
404 1791 458 1827 sie
491 1791 690 1828 dealbatus
1038 1774 1111 1811 Ad
1154 1776 1568 1822 (Jompletorlum-

253 1847 315 1884 Ad
347 1847 509 1884 calorem
543 1848 712 1887 nimium,
1097 1847 1208 1889 Super
1232 1858 1323 1879 nunc
1348 1849 1506 1881 dimittis.

157 1961 166 1970 ·
198 1931 406 1980 Nazawea,
439 1933 638 1970 candidior
924 1921 972 1958 A.
1010 1921 1069 1958 Ne
1099 1923 1247 1959 mireris
1277 1923 1318 1961 in
1351 1924 1408 1960 his
1440 1925 1569 1972 signis,

251 1988 305 2026 Es
337 1989 422 2026 nive
453 2001 522 2036 per
550 1990 816 2037 innocentiam,

195 2044 386 2092 Lauteque
416 2047 577 2097 suavior}

251 2102 304 2139 Es
336 2113 404 2149 per
432 2104 571 2140 amoris
601 2102 853 2150 flagrantiam.

111 2185 148 2223 5.
183 2185 254 2231 Qui
287 2186 351 2223 dat
382 2187 506 2224 nivem
539 2188 638 2224 sicut
669 2188 793 2225 lanam

251 2242 406 2280 Mollem
437 2249 549 2291 atque
580 2249 760 2291 teneram,

194 2298 268 2335 Hic
297 2299 458 2338 Mariam
489 2301 599 2337 nobis
630 2301 730 2348 piam

251 2355 392 2393 Reddit
423 2368 467 2394 ae
498 2358 715 2404 propitiam.

111 2437 157 2477 R.
189 2440 389 2478 Praeeellit
422 2442 588 2479 candore

195 2496 273 2534 Lac
302 2497 406 2545 ebur,
438 2497 548 2535 flores
581 2500 712 2547 lilium,

194 2552 268 2590 Nix
286 2553 451 2601 byssum,
473 2556 627 2593 metalla
642 2561 852 2605 argentum,

194 2609 368 2647 Gemmas
399 2613 654 2659 margaritum,

193 2665 316 2704 Maria
344 2673 467 2704 autem
499 2669 592 2706 haee
621 2670 758 2716 omnia,

192 2723 292 2768 Quae
323 2729 381 2760 est
410 2724 528 2762 nubes
559 2727 735 2775 eandida,

193 2778 236 2814 In
266 2791 376 2826 quam
405 2782 577 2819 ascendit
608 2782 806 2831 Dominus,

193 2834 313 2873 Verae
342 2837 406 2883 qui
437 2838 531 2875 lucis
563 2840 705 2885 radius,

192 2891 272 2937 Quo
303 2893 396 2930 nihil
425 2898 482 2931 est
512 2895 763 2942 splendidiuS,

1067 1979 1174 2024 Quod
1205 1980 1279 2029 (in)
1312 1985 1456 2018 aestate
1486 1982 1611 2020 media

1010 2035 1122 2082 Riget-
1153 2040 1268 2082 terra,
1301 2049 1387 2074 nam
1420 2038 1598 2085 insignis>

1067 2092 1177 2129 Facit
1208 2093 1300 2130 haec
1331 2093 1559 2141 christifera,

1007 2149 1089 2194 Qua
1118 2149 1271 2186 iubente
1301 2155 1437 2196 parent
1468 2150 1614 2202 [ignis],

1066 2205 1232 2254 Caelum,
1266 2211 1381 2254 terra,
1413 2208 1545 2246 maria.

1037 2331 1109 2367 Ad
1155 2333 1191 2371 1.
1233 2330 1558 2371 Nocturnum.

1174 2404 1408 2445 Antiphonae.

966 2507 975 2516 .
1007 2478 1202 2523 Quomodo
1233 2479 1297 2515 nix
1328 2479 1366 2515 in
1398 2483 1543 2516 aestate

1065 2535 1185 2572 Durat
1218 2546 1338 2581 neque
1369 2536 1541 2582 solvitur,

1006 2591 1107 2629 Mire
1137 2592 1192 2627 sio
1223 2602 1305 2628 cuin
1337 2592 1496 2629 caritate

1065 2648 1230 2685 Castitas
1262 2648 1514 2695 coniungitur.

965 2754 974 2763 .
1006 2727 1207 2773 Nunquam
1239 2727 1285 2764 de
1316 2731 1426 2774 petra
1456 2728 1538 2775 agri

1006 2783 1166 2820 Deficiet
1198 2783 1260 2820 nix
1294 2784 1440 2830 Libani,

1005 2841 1086 2878 Nec
1116 2841 1154 2876 in
1185 2841 1327 2878 intacta
1359 2841 1504 2889 virgine

1006 2897 1160 2934 Candor
1189 2897 1442 2934 innocentiae.
