2031 3289
878 184 1178 225 —458—

272 297 322 331 13.
361 297 575 330 Delictorum
602 298 819 330 funestorum
1091 293 1142 326 17.
1178 296 1307 327 Plenus
1332 296 1432 327 vanis
1457 305 1497 328 ae
1521 296 1675 338 profanis

407 344 447 375 In
474 343 678 383 profundum
704 343 831 380 corrui,
1224 341 1514 383 Cogitationibus‚

362 389 487 420 Virens
514 389 603 421 male
628 387 808 419 criminale
1176 385 1266 417 Dolo
1293 386 1405 427 plenis
1431 389 1465 418 et
1488 386 1670 418 obscaenis

406 434 474 465 Vix
500 434 689 476 quidquam
717 432 894 464 abhorrui.
1224 430 1339 462 Effluo
1365 431 1592 463 sermonibus.

274 510 325 543 14.
364 511 447 543 Sum
473 513 631 554 periurus
659 520 723 542 nec
748 520 822 542 sum
849 520 954 551 purus
1089 506 1140 541 18.
1178 509 1237 541 Sic
1263 509 1431 541 malorum
1456 511 1516 551 qui
1544 513 1717 542 tantorum

404 557 435 588 A
459 560 557 589 reatu
584 556 777 598 sanguinis,
1223 554 1317 586 Mole
1342 565 1480 596 pressus
1506 556 1613 595 iaceo,

360 602 543 634 Involutus
569 605 603 633 et
627 601 781 643 pollutus
1179 600 1293 631 Huius
1319 601 1369 631 rei
1393 609 1500 631 causa
1524 600 1590 631 Dei

407 647 553 679 Foetore
580 646 748 678 libidinis.
1225 645 1360 676 Nomen
1385 648 1542 677 sanctum
1569 648 1677 677 taceo.

273 725 323 757 15.
360 726 444 758 Sum
470 725 645 766 profanus,
677 723 834 762 mendax,
865 734 983 763 vanus,
1089 721 1139 755 19.
1176 724 1243 755 Pro
1271 724 1421 764 peccatis
1446 723 1654 765 perpetratis

405 770 487 802 Sum
514 773 617 802 tenax
642 773 677 801 et
701 769 871 809 stupidus,
1223 767 1451 800 Vehementer
1474 768 1574 801 doleo

361 815 445 847 Sum
470 815 612 846 dolosus
638 818 671 846 et
694 813 849 856 gulosus,
1179 813 1223 845 Et
1248 814 1292 845 ad
1317 814 1428 845 Deum
1453 813 1589 845 vultum
1613 824 1726 846 meum

410 861 596 892 Detractor
620 863 654 892 et
679 859 829 890 invidus.
1223 860 1356 891 Levare
1380 869 1449 890 non
1475 859 1596 890 audeo.

274 937 324 971 16.
351 937 434 970 Sum
461 939 630 980 superbus
656 941 690 970 et
715 938 874 976 acerbus,
1091 935 1144 970 20.
1179 939 1292 969 Mater
1316 937 1395 975 Dei,
1418 936 1531 968 cordis
1556 938 1623 969 mei

408 983 538 1015 Carens
565 984 748 1025 patientia,
1226 982 1390 1014 Dolorem
1417 982 1610 1021 considera,

340 1030 449 1069 Quasi
474 1029 615 1061 demens
642 1029 693 1060 ira
718 1028 880 1068 fremens,
1178 1028 1302 1060 Preces
1327 1037 1433 1065 meaS,
1459 1037 1599 1067 quaeso,
1624 1027 1732 1059 vehas

410 1074 560 1106 Pacatus
586 1073 629 1105 ad
655 1074 753 1105 vitia.
1225 1073 1277 1104 Ad
1303 1076 1477 1115 regentem
1502 1072 1626 1104 sidera.

730 1161 782 1195 21.
821 1163 850 1194 O
876 1161 1038 1205 benigna,
1063 1162 1165 1194 laude
1192 1163 1298 1204 digna

864 1208 1028 1241 Gloriosa
1052 1208 1203 1246 domina,

820 1255 917 1293 Quae
942 1253 1063 1285 divina
1089 1253 1261 1285 medicina

864 1298 985 1330 Mundi
1012 1308 1138 1341 purgas
1163 1299 1321 1330 crimina.

244 1390 402 1422 Hierauf
422 1390 538 1431 folgen
563 1389 759 1431 Rhythmus
785 1390 845 1429 lx,
878 1387 1026 1428 16—273
1053 1389 1144 1420 dann

274 1467 326 1500 22.
366 1469 442 1506 Illa,
470 1470 622 1510 inquam,
648 1479 690 1500 ne
715 1469 916 1510 delinquam
1089 1467 1142 1500 24.
1178 1469 1227 1500 Te
1252 1468 1396 1505 honoro,
1422 1471 1455 1499 te
1481 1467 1597 1505 adoro,

405 1515 461 1546 Me
486 1517 668 1546 conservet
691 1515 815 1556 gratia,
1225 1515 1346 1551 Mater,
1372 1513 1470 1544 flexis
1488 1512 1644 1554 genibus

363 1560 439 1599 Qua
466 1559 613 1601 replevit
637 1563 682 1597 te,
707 1560 766 1601 qui
791 1560 888 1591 flevit
1178 1558 1231 1589 Tu
1257 1562 1459 1590 cunctorum
1488 1558 1691 1589 delictorum

406 1606 503 1636 Inter
530 1609 590 1636 tua
616 1604 769 1636 brachia.
1220 1603 1374 1635 Absolve
1399 1613 1453 1635 me
1477 1603 1635 1635 nexibus.

272 1679 325 1714 23.
365 1683 479 1714 Mater
503 1688 610 1723 casta,
637 1694 770 1723 semper
795 1687 882 1721 asta,
1087 1680 1139 1714 25.
1176 1683 1246 1714 Mei
1272 1683 1381 1724 patris
1407 1686 1511 1723 atque
1537 1683 1657 1713 matris

409 1728 524 1759 David
550 1729 664 1770 proles
690 1729 822 1767 inclita,
1223 1728 1430 1766 Memorare,
1456 1727 1606 1765 domina,

363 1773 429 1804 Pia
454 1784 555 1814 prece
581 1784 634 1805 me
659 1774 700 1805 de
726 1774 819 1805 faece
1178 1774 1253 1804 Hos
1281 1783 1449 1804 conserva
1474 1775 1508 1804 et
1531 1782 1659 1803 enerva

411 1818 584 1850 Vitiorum
611 1820 751 1851 suscita.
1228 1818 1358 1850 Eorum
1384 1818 1596 1859 peccamina.

252 1910 354 1941 Dann
380 1909 576 1950 Rhythmus
603 1910 688 1941 VIII
714 1910 781 1941 Str.
805 1907 861 1949 45,
887 1909 1022 1942 worauf
1043 1910 1177 1941 weiter:

273 1985 326 2019 26.
367 1987 475 2019 Serva
501 1991 645 2019 cunctos
673 1989 756 2020 mihi
784 1989 919 2020 iunctos
1089 1985 1143 2019 28.
1182 1988 1275 2029 Rege
1301 1987 1441 2025 clerum,
1467 1997 1555 2029 auge
1580 1997 1709 2025 verum,

411 2033 546 2064 Amoris
573 2033 715 2072 solacio,
1227 2034 1390 2065 Rectores
1417 2032 1586 2064 ecclesiae

364 2078 491 2110 Orbem
515 2081 625 2110 totum
651 2079 704 2110 fac
728 2078 890 2111 devotum
1180 2079 1248 2110 Fac
1276 2079 1457 2115 ferventes,
1484 2088 1553 2109 non
1578 2079 1734 2118 tepentes

409 2124 450 2154 In
474 2127 533 2155 tuo
559 2124 713 2155 servitio.
1223 2124 1264 2155 In
1289 2122 1363 2154 zelo
1389 2123 1556 2154 iustitiae.

273 2199 327 2234 27.
364 2203 529 2234 Nostrum
555 2213 679 2244 regem,
706 2203 834 2234 iustam
860 2202 971 2244 legem
1087 2200 1140 2235 29.
1179 2203 1264 2234 Tam
1292 2203 1453 2234 absentes
1482 2211 1584 2243 quam
1611 2203 1810 2242 praesentes

412 2248 490 2285 Fac,
518 2258 659 2289 quaeso,
685 2258 890 2290 componere
1224 2248 1362 2279 Fratres
1388 2250 1522 2279 nostres
1546 2246 1662 2278 refove

364 2293 410 2324 Et
435 2296 513 2334 post
538 2297 681 2325 mortem
707 2293 759 2325 fae
784 2297 978 2325 consortem
1180 2293 1227 2324 Et
1251 2293 1294 2324 ab
1321 2292 1402 2330 illis,
1430 2291 1599 2334 quidquid
1625 2291 1696 2324 illis

414 2338 559 2380 Requiei
588 2348 743 2380 superae.
1222 2337 1287 2369 Est
1310 2338 1483 2375 nocivum,
1510 2347 1658 2368 remove.

726 2415 779 2449 230.
817 2417 915 2458 Auge
938 2417 1080 2455 fructus,
1108 2417 1197 2458 pelle
1222 2417 1345 2455 luctus,

869 2462 1010 2494 Fluctus
1037 2462 1120 2494 tolle
1145 2463 1270 2494 noxios

819 2507 864 2539 Et
891 2507 1050 2540 imbelles
1077 2512 1111 2538 et
1135 2507 1280 2539 rebelles

863 2553 944 2585 Tibi
969 2552 1022 2584 fac
1047 2553 1227 2584 obnoxios.

259 2644 359 2674 Danu
385 2643 501 2685 folgen
526 2643 586 2675 der
610 2643 719 2674 Reihe
745 2643 833 2674 nach
859 2643 926 2674 XII
955 2643 1021 2675 Str.
1052 2641 1110 2681 17,
1140 2641 1197 2679 18,
1231 2640 1281 2680 14,
1311 2641 1361 2681 15,
1390 2639 1446 2677 16:
1473 2641 1547 2679 XV,
1576 2639 1611 2680 13
1638 2641 1732 2673 XIV.
1760 2637 1811 2679 19,

257 2685 317 2728 203
344 2688 424 2726 XII,
450 2686 502 2719 23.
554 2688 627 2719 Vor
653 2688 811 2720 letzterer
837 2688 985 2730 Stroplie
1010 2689 1093 2719 aber
1123 2687 1227 2719 noch:

659 2765 712 2799 31.
750 2767 817 2798 Pro
843 2766 1015 2798 defunctis
1041 2767 1152 2798 Deum
1178 2767 1312 2798 cunetis

791 2811 909 2844 Exora
935 2811 1104 2851 fidelibus,

751 2858 795 2889 Ut
819 2857 1009 2899 gaudentes
1036 2861 1253 2898 resurgentes

797 2903 1017 2934 Pei-fruamur
1041 2903 1164 2940 gloria.
