2031 3289
393 269 457 305 13.
489 268 567 305 Mei
598 269 787 314 querelam
819 268 977 315 gemitus

489 324 574 362 Tibi
605 325 756 372 impono
787 325 974 372 primitus,

487 382 604 428 Quam
635 380 806 429 perferas
837 381 885 418 ad
917 379 1116 417 Dominum

487 437 538 474 Et
568 441 670 474 tuum
702 449 831 475 verum
863 436 992 474 filium.

390 540 452 576 14.
486 538 621 585 Maria,
654 539 717 575 lux
749 538 936 585 aetherea,

486 595 537 633 Ut
567 605 668 631 meas
700 604 832 641 preces
865 593 1027 644 deferas,

487 652 577 688 Tuis
608 655 749 688 stratus
780 651 949 698 vestigiis

490 708 619 744 Mente
651 708 813 755 deposco
844 707 1019 754 supplici.

451 840 458 848 .
492 811 810 857 computruerunt
841 811 1002 856 pristina
1197 813 1247 849 25

484 868 726 904 Peccatorum
756 867 940 913 contagia,
1045 908 1048 911 ,

482 924 557 961 Sed
588 924 738 971 sapiens
771 927 827 960 est
857 923 1035 973 medicus,

483 981 732 1027 Omnipotens
764 986 821 1016 est
851 979 1045 1016 Dominus.

484 1083 541 1120 De
574 1083 673 1120 mala
705 1082 975 1119 consuetudine
1196 1084 1248 1120 26

481 1140 551 1176 Est
583 1138 718 1176 efficax
750 1149 809 1174 me
839 1139 986 1185 tollere,

481 1197 549 1241 Qui
581 1195 775 1232 suscitavit
808 1195 993 1232 Lazarum

481 1253 778 1299 Quatriduanum
810 1257 1012 1290 mortuum.

389 1084 450 1121 16.

384 1355 446 1393 17.
478 1355 569 1392 Post.
597 1355 742 1400 lapsum
769 1354 919 1390 Petrum
953 1355 1110 1401 respicit

482 1411 530 1448 Et
563 1422 696 1460 magno
726 1409 816 1447 fletu
848 1411 1013 1447 concutit

481 1468 561 1504 Nec
593 1468 814 1505 Cananaeae
846 1467 1022 1514 precibus

481 1524 623 1562 Abnuit
655 1524 716 1562 hic
746 1524 947 1571 propitius

383 1627 447 1665 18.
481 1626 605 1663 David
638 1631 721 1672 post
753 1631 828 1662 tam
855 1625 1031 1662 immania
1196 1626 1246 1663 28

483 1682 670 1719 Paenituit
701 1681 845 1728 flagitia

480 1740 643 1786 Postque
670 1739 817 1775 laudari
851 1739 985 1774 meruit

480 1796 602 1842 Ipsius
633 1806 699 1832 ore
730 1795 892 1834 Domini.

478 1899 588 1936 Unde
618 1908 773 1934 securus
807 1897 953 1934 credidi
1196 1900 1246 1936 29

475 1958 509 1992 A
540 1959 783 2001 peccatorum
816 1954 994 2001 vinculis,

475 2012 538 2048 Me
569 2012 642 2048 cito
674 2022 786 2058 posse
818 2011 926 2059 erigi,

477 2068 514 2107 Si
547 2072 588 2105 tu
618 2073 762 2105 tautum
798 2068 964 2115 petieris.

384 1901 443 1936 19.

380 2172 446 2209 20.
479 2171 604 2207 Mater
634 2170 930 2217 misericordiae,
1194 2172 1243 2209 30

479 2227 541 2264 Sic
571 2227 745 2264 affectum
778 2232 1016 2264 contemnere

479 2284 602 2335 Vales7
636 2294 731 2331 quae
764 2295 874 2320 vocas
904 2283 1040 2330 impios

476 2341 527 2378 Et
557 2352 631 2378 non
663 2341 811 2387 spernis
841 2339 1087 2377 incredulos?

380 2438 444 2475 21.
478 2437 576 2482 Quid
607 2438 645 2474 111
677 2437 802 2474 Maria
835 2436 1009 2484 gesseris,
1197 2437 1245 2475 31

477 2494 587 2530 Illam
622 2494 707 2531 dico
740 2494 980 2541 Aegyptiam,

478 2552 639 2588 Prorsus
673 2551 774 2587 novit
806 2551 966 2587 ccclesia

479 2608 523 2644 let
558 2608 719 2644 exsultat
752 2608 789 2644 in
822 2608 954 2652 gratia.

22 2681 25 2686 .
0 2635 23 2643 ἶ
0 2176 28 2620 κῑξὲἓέεὲξὲὲῡῆνᾶ’ἕΕ-ἳέ-
0 1957 30 2167 *Q
22 1934 27 1941 -
0 1885 29 1922 f..-
25 1843 30 1874 „s

439 2733 446 2742 .
480 2704 711 2751 Theophilus
745 2704 894 2741 diabolo
1195 2706 1245 2742 32

479 2762 552 2797 Suo
586 2762 694 2798 datus
728 2760 978 2807 chirographo

479 2818 589 2863 Quasi
622 2830 643 2855 a
672 2818 787 2854 fundo
820 2817 989 2854 barathri

484 2874 552 2910 l‘m·
583 2879 619 2911 te
651 2874 778 2911 reduci
811 2874 942 2921 potuit.

990 154 1281 194 —100—

1204 269 1270 306 23.
1303 268 1377 305 Sed
1399 269 1481 315 quis
1500 269 1622 306 verbis
1639 271 1926 317 comprenderat

1304 325 1372 362 Vel
1404 326 1592 372 scriptura
1624 326 1826 374 digereret,

1299 381 1448 420 Cotidie
1477 393 1573 434 quos
1601 381 1740 420 liberas

1300 437 1352 475 Et
1382 438 1463 475 Deo
1494 437 1748 478 reconcilias?

1205 539 1270 576 24.
1303 539 1373 576 His
1403 540 1474 577 iam
1509 540 1572 576 diu
1602 540 1858 586 praemonitus

1301 596 1362 632 Ad
1394 600 1430 632 te
1462 595 1612 643 confugi
1645 597 1833 645 credulus,

1300 651 1358 688 Ne
1388 663 1458 702 me,
1490 653 1566 700 pia,
1598 653 1754 699 abicias,

1301 708 1467 755 Supplex
1499 721 1576 756 oro,
1611 710 1671 746 vel
1703 708 1864 747 differas.

1254 841 1262 850 .
1295 811 1515 849 Devotionis
1546 812 1721 849 lacrimas

1297 868 1577 915 Quamprimum
1608 869 1699 905 mihi
1730 869 1904 918 impetra,

1298 925 1351 962 Ut
1382 925 1457 962 sint
1487 936 1637 973 semper
1665 925 1824 962 idoneae

1297 981 1404 1018 Meas
1435 982 1567 1018 sordes
1598 981 1764 1020 abluere.

1254 1113 1262 1120 .
1295 1083 1434 1130 Turpis
1466 1083 1772 1131 concupiscentia

1298 1139 1443 1186 Corpus
1473 1150 1542 1176 nec
1572 1144 1732 1176 mentem
1765 1139 1922 1187 polluat,

1296 1197 1399 1242 Quae
1429 1195 1497 1232 sub
1530 1200 1595 1232 tua
1625 1196 1799 1233 custodia

1296 1253 1375 1289 Iam
1407 1253 1603 1301 deputavi,
1636 1253 1799 1290 domina.

1255 1383 1262 1392 .
1296 1353 1393 1391 Nam
1425 1354 1641 1401 script-urae
1671 1354 1877 1392 auctoritas

1294 1411 1344 1447 Et
1376 1421 1484 1448 sacra
1515 1411 1653 1448 clamat
1682 1411 1824 1448 veritas

1295 1463 1441 1515 Corpus
1473 1468 1640 1514 peccatis
1672 1467 1868 1505 subditum

1295 1525 1471 1562 Sanctum
1503 1525 1610 1562 odire
1642 1524 1829 1571 spiritum.

1251 1655 1260 1663 .
1294 1625 1417 1662 Furor
1447 1629 1485 1662 et
1515 1626 1723 1673 indignatio

1295 1682 1429 1719 Procul
1459 1682 1552 1719 fiant
1582 1683 1628 1719 ab
1662 1683 1797 1732 animo,

1290 1740 1405 1784 Quem
1437 1739 1577 1775 tutelae
1607 1739 1869 1776 sanctissimae

1291 1796 1484 1842 Praeelegi
1517 1796 1762 1834 committere.

1252 1928 1261 1937 .
1294 1898 1378 1934 Non
1409 1899 1534 1935 odium
1568 1903 1780 1948 exasperet,

1293 1955 1479 1992 Iactantia
1509 1966 1581 1992 non
1614 1955 1748 1998 elevet,

1293 2011 1409 2048 Livor
1438 2011 1535 2048 edax
1566 2022 1638 2048 non
1668 2018 1791 2056 acuat,

1293 2069 1367 2105 sed
1399 2079 1474 2114 pax
1505 2078 1593 2105 vera
1624 2069 1830 2114 possideat.

1250 2202 1257 2209 .
1290 2171 1487 2216 Mundum,
1520 2171 1552 2207 si
1584 2171 1695 2217 ridet,
1728 2169 1881 2218 fugiam,

1290 2230 1381 2273 Aut,
1413 2228 1444 2264 si
1476 2228 1607 2274 saevit,
1640 2227 1834 2274 irrideam,

1291 2284 1396 2330 Quia,
1429 2284 1493 2331 qui
1523 2284 1628 2320 illum
1662 2284 1798 2331 diligit,

1292 2340 1442 2377 Christo
1470 2345 1643 2377 constare
1676 2340 1826 2381 desinit.

1254 2467 1261 2475 .
1295 2436 1370 2474 Sed
1401 2436 1571 2474 studiosa
1602 2437 1715 2474 lectio

1292 2494 1342 2530 Et
1373 2498 1596 2541 compuncta
1628 2494 1749 2531 oratio

1293 2550 1573 2587 Incumbentem
1606 2551 1765 2587 exsatiet

1291 2607 1341 2644 Et
1373 2607 1586 2644 haerentem
1618 2607 1790 2645 inebriet.

1251 2733 1260 2742 .
1293 2704 1337 2741 In
1369 2708 1405 2739 te
1437 2704 1571 2740 mentis
1604 2703 1740 2740 intuitu

1290 2761 1426 2797 Mortis
1457 2771 1599 2798 versem
1631 2760 1812 2809 aculeum,

1292 2817 1337 2853 Et
1371 2817 1417 2853 sit
1451 2821 1554 2854 tanto
1585 2816 1806 2866 suspectior,

1291 2876 1436 2919 Quanto
1468 2878 1589 2911 manet
1623 2873 1817 2911 occultior.
