2031 3289
892 182 1200 223 *aea—-

500 297 668 334 Dextera
698 296 893 341 salvatrix,
926 295 998 343 fac,
1031 295 1185 333 haereat
1214 296 1289 333 ista
1320 295 1488 341 cicatrix,

499 354 578 390 Nec
610 357 761 389 renovet
793 353 948 401 sulcum,
981 353 1077 388 sicut
1109 353 1216 400 solet,
1248 352 1357 388 ulcus
1388 351 1566 390 hiulcum.

498 409 661 456 Christe,
690 408 762 445 Dei
793 408 961 453 verbum,
993 408 1056 454 qui
1088 408 1252 454 despicis
1283 418 1391 445 omne
1423 407 1639 454 superbum,

494 466 656 502 Exaltas
687 465 857 511 humiles,
889 465 990 501 tollis
1024 465 1070 501 de
1100 465 1260 511 pulvere
1291 465 1396 510 viles,

396 523 447 561 25
496 522 710 558 Plasmator
741 532 879 570 rerum,
911 521 1035 557 lumen
1069 521 1115 558 de
1145 521 1285 558 lumine
1314 531 1455 568 verum,

494 578 578 614 Huc
609 577 788 614 adhibeto
819 588 963 625 manus,
994 582 1036 614 ut
1066 575 1157 614 fecit
1188 577 1459 623 Samaritanus,

493 634 618 671 Ablue
650 633 777 670 divino
808 634 949 670 saniem
982 643 1062 670 cum
1094 634 1272 680 sanguine
1304 634 1389 670 vino

490 691 553 738 Et,
587 690 706 727 donec
737 690 834 737 vivo,
866 688 1087 736 perfundito
1118 690 1251 727 vulnus
1283 690 1396 734 olivo,

491 747 541 785 Ut
570 747 656 783 vino
684 746 800 783 lotum
833 751 1059 793 saneturque
1090 747 1252 793 unguine
1283 743 1413 783 fotum.

393 805 444 843 30
490 803 553 850 Et,
585 802 704 840 maior
733 803 847 852 caelo,
881 803 962 850 tibi,
994 802 1094 849 quod
1127 803 1241 848 dolet,
1273 813 1381 839 omne
1412 801 1550 848 revelo,

493 859 633 905 Culpas
665 870 840 907 agnosco,
871 859 991 897 laxari
1025 859 1155 896 debita
1185 869 1311 906 posco.

491 916 679 963 spernere
709 926 768 952 me
798 915 887 964 noli,
921 916 1006 962 quia
1037 915 1191 962 peccavi
1222 915 1291 952 tibi
1323 914 1408 960 soli,

491 972 572 1009 Nec
600 982 659 1008 me
690 973 799 1009 trade
828 972 924 1015 neci,
957 972 1043 1019 quia
1075 982 1199 1009 coram
1230 977 1268 1008 te
1295 971 1394 1009 mala
1427 970 1512 1009 feci.

490 1028 625 1066 Mundi
656 1028 824 1065 salvator
853 1032 1080 1075 nostraeque
1111 1028 1243 1066 salutis
1274 1032 1430 1073 amator,

391 1087 443 1124 35
492 1087 565 1123 Per
593 1085 697 1121 cuius
728 1090 856 1121 nutum
889 1085 1012 1131 replet
1043 1083 1222 1121 facundia
1252 1089 1406 1127 mutum,

492 1143 562 1179 Per
593 1141 697 1178 cuius
728 1152 862 1178 numen
895 1141 1032 1188 recipit
1064 1142 1228 1178 caecatio
1259 1141 1398 1183 lumen,

488 1198 547 1235 Ex
577 1198 697 1234 oculis
730 1198 855 1235 cordis
886 1198 978 1234 mihi
1008 1197 1111 1237 tolle.
1145 1198 1244 1244 quod
1275 1202 1331 1234 est
1362 1197 1416 1233 ibi
1447 1196 1583 1242 sordis,

487 1255 539 1292 Et
569 1255 735 1301 linguam
767 1262 905 1291 mutam
938 1253 999 1291 fac
1028 1255 1077 1291 ad
1110 1253 1208 1291 bona
1239 1253 1355 1291 verba
1385 1252 1559 1290 solutam.

489 1311 687 1358 Languida
718 1311 779 1357 qui
811 1321 935 1356 sanas,
970 1321 1063 1348 cava
1094 1310 1233 1356 reples,
1261 1320 1398 1357 aspera
1425 1309 1571 1356 planas.

391 1369 442 1406 40
491 1366 693 1404 Rectificas
724 1372 874 1416 tortum,
910 1371 1068 1404 mortem
1100 1367 1289 1404 convertis
1321 1367 1370 1403 ad
1402 1370 1538 1413 ortum,

488 1424 559 1460 His
589 1424 748 1470 aliisque
778 1424 887 1460 malis
920 1424 1032 1470 pleno
1063 1423 1155 1460 mihi
1186 1423 1237 1460 sis
1268 1423 1440 1460 venialiS.

491 1479 606 1527 Virgo
639 1491 776 1526 parens
808 1480 963 1527 Christi,
996 1480 1107 1527 placa
1138 1479 1241 1522 mihi,
1275 1490 1385 1526 quem
1415 1479 1590 1525 genuisti.

488 1537 604 1585 Audi,
639 1547 725 1574 care
756 1536 849 1586 Deo,
881 1537 942 1583 qui
976 1541 1086 1573 natus
1118 1547 1157 1573 es
1188 1547 1233 1573 ex
1267 1536 1455 1584 Zebedeo,

487 1594 617 1630 Exora
648 1604 717 1639 pro
748 1603 819 1639 me,
854 1593 978 1640 Petre,
1012 1593 1150 1629 nobilis
1180 1593 1303 1629 incola
1332 1593 1485 1638 Romae,

391 1648 442 1688 45
489 1650 540 1687 Et
570 1654 623 1699 tu,
659 1650 774 1686 Paule
805 1659 923 1698 sacer,
958 1649 1016 1687 vir
1046 1649 1254 1696 spiritualis
1286 1653 1321 1685 et
1353 1659 1452 1697 acer,

491 1706 630 1744 Omnes
662 1706 786 1743 electi.
817 1706 1017 1743 Dominum
1049 1716 1162 1754 prece
1194 1706 1314 1752 cogite
1344 1704 1458 1742 flecti.

353 1852 493 1884 Collect.
528 1862 589 1883 ms.
621 1853 654 1882 S.
691 1852 832 1883 Gatiani
856 1851 1030 1883 Turonen.
1062 1861 1150 1883 saec.
1187 1848 1238 1882 12.
1287 1850 1369 1882 Cod.
1395 1851 1568 1881 Turonen.
1601 1847 1678 1882 890.
1711 1850 1751 1881 A.
1779 1867 1822 1872 —

261 1898 406 1930 Collect.
439 1908 501 1928 mS.
528 1897 562 1929 S.
588 1898 720 1928 Mariae
746 1897 787 1928 (le
814 1898 915 1928 Prato
942 1907 1030 1928 saec.
1059 1894 1110 1927 12.
1158 1896 1242 1928 Cod.
1268 1897 1413 1927 Bernen.
1440 1893 1515 1927 710.
1544 1897 1581 1927 B.
1606 1913 1650 1916 —
1676 1895 1818 1928 Collect.

260 1954 323 1975 ms.
349 1943 569 1974 Floriacense
603 1953 691 1974 saec.
727 1940 775 1973 12.
803 1939 871 1983 [713.
898 1945 931 1973 et
958 1939 1023 1983 14.]
1072 1942 1154 1974 Cod.
1182 1942 1315 1972 Bernen
1353 1939 1426 1972 702.
1455 1941 1491 1972 C.
1518 1959 1560 1962 —
1587 1940 1731 1972 Collect.
1757 1951 1818 1972 ms.

260 1990 479 2020 Voraviense
504 1998 593 2020 saec.
620 1986 707 2019 ¹²l13.
750 1987 832 2018 eod.
856 1988 1041 2019 Voravien.
1067 1984 1110 2018 33
1134 1985 1234 2026 (111).
1260 1987 1304 2018 D.
1330 2004 1375 2007 —
1400 1986 1542 2018 Colleet.
1570 1996 1630 2017 mS.
1657 1986 1820 2018 Fiirsten-
1842 2022 1844 2025 .

261 2034 414 2066 feldense
440 2044 528 2066 saec.
559 2032 608 2065 13.
658 2033 742 2065 Clm.
769 2034 949 2064 Monacen.
976 2030 1074 2064 6911.
1101 2032 1142 2063 Ε.
1168 2050 1211 2053 -
1238 2031 1462 2073 Beaugendre
1489 2031 1553 2062 col.
1582 2029 1676 2063 1574.
1703 2032 1738 2063 F.

351 2078 383 2111 4.
409 2080 498 2111 Nam
525 2079 562 2110 C.
587 2096 629 2100 —-
656 2077 676 2109 5
701 2078 786 2110 fehlt
811 2079 848 2109 B.
875 2095 918 2098 —
943 2076 963 2108 6
990 2078 1128 2109 admovi
1153 2081 1191 2109 ut
1215 2077 1386 2108 valituras
1412 2078 1454 2108 D.
1471 2093 1515 2097 -
1536 2074 1555 2107 7
1581 2080 1682 2118 rupta
1706 2077 1818 2118 cuptis

261 2126 298 2157 C.
316 2143 359 2146 —
377 2122 398 2156 8
421 2125 463 2156 Ι11
487 2125 569 2156 totis
588 2124 632 2163 B,
660 2124 828 2156 Omnibus
855 2123 944 2154 hanc
970 2123 1064 2154 horis
1083 2122 1131 2163 E3
1156 2122 1251 2154 horis
1280 2132 1357 2153 cum
1382 2132 1478 2153 meus
1503 2131 1580 2153 mea
1598 2122 1699 2163 plena
1722 2122 1756 2153 F.
1777 2138 1820 2142 —

261 2168 282 2202 9
307 2171 392 2203 fehlt
417 2171 461 2205 B;
497 2170 661 2201 decedere
687 2169 723 2201 F.
750 2186 791 2190 —-
819 2167 857 2200 11
886 2168 971 2199 fehlt
996 2169 1033 2199 B.
1059 2185 1102 2189 -
1131 2166 1170 2199 12
1196 2170 1281 2200 Cum
1307 2173 1421 2199 tamen
1446 2167 1512 2198 hoe
1538 2168 1574 2198 Β.
1601 2184 1643 2188 —-
1671 2164 1712 2198 13
1737 2176 1818 2208 prae

262 2215 511 2247 consuetudine
546 2216 642 2246 mitto
677 2215 720 2246 C:
755 2216 846 2245 nitor
881 2215 920 2244 1).
950 2231 989 2234 -
1019 2211 1059 2244 14
1089 2224 1138 2254 sq.
1173 2213 1286 2245 fehlen
1319 2214 1358 2244 B.
1385 2229 1427 2233 —
1456 2210 1496 2243 15
1528 2212 1621 2251 Quot
1645 2213 1690 2251 B,
1725 2211 1819 2253 quod

263 2272 349 2303 pene
375 2261 419 2301 F3
445 2271 582 2302 quoque
608 2271 683 2291 sero
710 2260 784 2291 DE.
810 2276 853 2281 —-
879 2259 975 2291 Nach
1003 2257 1044 2291 16
1070 2259 1233 2290 schiebcu
1258 2259 1313 2290 BC
1340 2259 1413 2290 cin:

532 2350 642 2381 Filius
669 2353 720 2381 est
746 2350 828 2383 irae.
855 2350 913 2391 qui
940 2349 1015 2380 vult
1041 2350 1181 2390 impune
1207 2350 1329 2390 perire,

532 2396 595 2426 Ast
620 2397 759 2436 impune
786 2397 883 2436 perit,
911 2396 969 2435 qui
996 2405 1066 2426 11011
1092 2395 1158 2426 sibi
1185 2404 1338 2435 congrua
1363 2394 1509 2435 quaerit,

532 2441 638 2481 Ergo,
664 2441 743 2471 11001
770 2451 856 2477 sero,
882 2444 998 2471 tamen
1027 2439 1200 2471 adiutoria
1226 2449 1365 2480 quaero.

355 2541 405 2574 17.
439 2553 507 2574 11011
539 2547 620 2574 sunt
653 2544 720 2573 nisi
755 2544 894 2583 cognita
924 2542 965 2574 E.
995 2559 1037 2563 —
1066 2540 1105 2573 19
1131 2541 1214 2572 fehlt
1242 2542 1277 2572 13.
1304 2558 1347 2562 —
1372 2538 1415 2572 20
1440 2541 1553 2572 debile
1579 2543 1687 2571 totum
1712 2538 1749 2571 C.
1777 2553 1818 2558 -·

263 2586 303 2619 21
331 2589 385 2620 fac
410 2588 469 2620 fiat
494 2588 597 2630 plaga
622 2589 766 2619 cicatrix
793 2588 835 2621 C:
862 2588 915 2619 fac
941 2592 977 2619 ut
1003 2588 1104 2619 abeat
1131 2588 1198 2617 ista
1220 2587 1261 2617 D.
1280 2603 1323 2608 —
1340 2584 1383 2617 22
1401 2587 1472 2617 Nec
1497 2589 1650 2617 removet
1674 2583 1817 2622 sulcum,

263 2635 353 2665 sicut
378 2637 492 2665 movet
509 2633 606 2665 ulcus
625 2635 659 2664 111
679 2633 791 2664 111011111
811 2634 856 2667 Ι);
883 2634 953 2664 Nee
978 2636 1119 2664 renovet
1137 2632 1280 2669 sulcum,
1299 2632 1387 2662 sicut
1406 2635 1521 2662 movet
1539 2630 1635 2662 ulcus
1654 2628 1818 2661 inulcuin.

262 2679 303 2710 E.
330 2698 371 2701 —
398 2677 441 2710 23
465 2689 539 2710 esse
566 2679 749 2720 superbum
777 2681 813 2710 C.
839 2695 883 2700 --
908 2676 950 2709 26
977 2680 1043 2709 Hic
1070 2677 1231 2708 adhibeto
1258 2678 1301 2713 Ἐς
1331 2677 1434 2708 Hunc
1459 2676 1621 2708 adhibeto
1649 2675 1688 2706 E.
1713 2690 1754 2694 -
1776 2670 1818 2704 27

263 2724 382 2755 divino
412 2725 535 2756 famem
571 2725 606 2755 Γ.
640 2741 680 2744 -
714 2725 764 2755 28.
801 2725 911 2765 Atque
947 2723 1103 2755 redivivo
1136 2722 1331 2763 perfundito
1369 2723 1433 2753 150.
1460 2739 1503 2743 —
1528 2718 1581 2752 29.
1613 2723 1752 2751 sanetur
1786 2721 1819 2749 et

264 2771 417 2809 unguine
444 2771 509 2801 Bc.
536 2787 579 2791 —
604 2766 647 2800 315
673 2769 757 2800 fehlt
785 2771 849 2801 1³0.
875 2787 916 2790 —
943 2766 986 2800 :57
1012 2769 1134 2799 Visum
1160 2771 1326 2799 restaura.
1353 2769 1434 2809 quia
1460 2767 1559 2797 vitiet
1585 2765 1700 2796 onmia
1727 2763 1817 2795 bona

263 2815 301 2845 F.
337 2833 373 2836 ἓ
407 2813 450 2845 44
483 2815 583 2846 Ρο11·1·
619 2814 714 2845 urbis
749 2815 862 2845 int-ola
894 2815 935 2845 D.
970 2832 1011 2835 —-
1042 2812 1086 2844 46
1120 2814 1305 2844 Dominum
1339 2812 1423 2843 mihi
1456 2812 1569 2853 cogite
1602 2811 1668 2842 BC.
1693 2825 1736 2830 —
1767 2809 1817 2839 De

266 2861 478 2899 paenitentia
504 2871 625 2891 versus
652 2860 691 2890 l).
715 2877 751 2880 —-
774 2861 850 2901 Vgl.
879 2860 963 2891 111101·
987 2859 1042 2890 dic
1068 2858 1231 2889 Echthcit
1249 2858 1362 2889 dieses
1382 2857 1529 2889 stiickes
1548 2853 1721 2891 1131110311,
1748 2854 1817 2884 Des

265 2902 410 2936 Poe-mes
436 2905 559 2936 Latius
585 2904 754 2936 attribuis
780 2903 796 2935 ἔι
826 2906 925 2937 Saiut
953 2904 1104 2936 Hermai-d
1130 2915 1160 2945 p.
1187 2901 1240 2934 20.
