1914 3223
732 200 781 205 —-
842 179 894 216 :35
959 199 1006 203 —v

147 293 210 331 12.
272 292 385 339 Ecce,
420 291 512 328 duas
545 290 634 328 fidei
666 302 808 328 summo
840 296 948 337 patre
981 290 1200 327 conferente
1233 291 1353 336 dotes,

340 347 436 386 Urbi
469 348 647 384 colendas
678 358 771 394 quas
805 348 911 384 dedit
942 351 1102 404 togatae,

104 426 108 430 ’
149 441 212 478 13.
274 438 353 476 Νο5
384 439 433 476 ad
462 442 661 485 utrumque
691 444 816 475 tamen
848 449 978 485 gressu
1010 448 1255 486 properemus
1288 438 1457 485 incitato,

337 495 387 532 Et
419 495 476 532 his
508 500 545 532 et
574 495 651 531 illis
683 493 925 541 perfruamur
956 495 1118 541 hymnis,

148 586 214 625 14.
276 585 354 622 Nos
386 585 498 623 modo
528 585 776 632 supplicibus,
810 584 961 633 1131105,
995 586 1198 632 rogitemus
1230 597 1383 632 precum
1416 587 1524 633 votis,

339 642 417 679 Nos
448 653 532 680 reos
561 643 701 679 nostris
732 643 882 681 solvant
912 647 953 679 ut
984 652 1006 678 a
1037 642 1157 680 noxis.

148 732 210 771 15.
272 731 327 770 Sit
359 733 522 779 genitori
553 733 654 769 salus
686 743 756 779 par
786 732 834 768 sit
865 732 1064 779 genitoque
1095 733 1219 770 laudis
1254 730 1447 785 [hymnus]

337 788 584 837 spirituique,
617 789 680 836 qui
714 801 784 836 pur
815 795 871 825 est
902 789 1065 836 utrique.

181 878 307 919 Hymn.
336 882 369 910 et
395 882 559 920 Sequent.
586 890 647 910 1115.
678 879 958 911 Fredeslariense
984 890 1073 911 saec.
1102 878 1152 910 11.
1179 891 1231 911 ex.
1280 880 1363 912 cad.
1390 879 1568 912 Uasselau.
1587 880 1642 912 ΜΞ

97 924 192 957 1100.
219 921 286 955 IV⁰
312 921 366 956 25.
391 941 434 945 —-
463 922 502 956 19
532 924 610 966 Ipse
636 925 783 966 primum
811 925 961 956 sibimet.
989 942 1030 946 —
1060 923 1100 956 14
1126 936 1175 967 sq.
1202 926 1357 957 Zusiitza.

361 1058 420 1095 35.
456 1059 568 1111 (143.)
603 1060 778 1104 Hymnus
803 1059 914 1094 beati
939 1059 1141 1095 vincentii
1168 1058 1375 1103 Martyris.
1415 1099 1424 1106 ⁴.

431 1129 638 1172 (Peristeph.
664 1132 704 1169 V,
733 1129 861 1170 1—12;
890 1128 1085 1164 545—548:
1113 1128 1318 1171 557—560.)

111 1221 149 1260 1.
180 1222 298 1260 Beate
328 1226 487 1271 martyr,
520 1234 705 1270 prospera
927 1227 966 1262 4.
998 1224 1145 1260 Adesto
1176 1234 1274 1260 1111110
1306 1227 1342 1259 01
1373 1223 1528 1270 percipe

179 1278 288 1315 Diem
318 1279 585 1326 triumphalem
618 1285 734 1327 tuum,
999 1280 1120 1317 Voces
1151 1283 1372 1326 precantum
1407 1280 1612 1327 supplices,

181 1335 261 1381 Quo
293 1336 486 1383 sanguinis
517 1347 661 1374 merces
690 1337 760 1373 tibi
996 1337 1128 1374 Nostri
1159 1340 1286 1374 reatus
1317 1335 1453 1374 efficax

181 1391 342 1440 Corona,
374 1393 563 1439 Vincenti,
598 1394 720 1434 datur.
998 1394 1136 1431 Orator
1166 1394 1214 1430 ad
1247 1393 1422 1430 thronum
1454 1393 1588 1440 patris.

110 1495 146 1532 2.
182 1494 257 1531 Hic
288 1498 325 1531 te
357 1505 402 1532 ex
433 1495 600 1532 tenebris
632 1496 772 1533 saeculi
926 1497 962 1534 5.
995 1495 1181 1531 Miserere
1213 1499 1430 1532 nostrarum
1461 1506 1630 1544 precum,

180 1550 341 1588 Tortore
374 1552 473 1589 victo
505 1557 541 1589 et
572 1553 698 1589 iudice
997 1552 1173 1589 Placatus
1205 1555 1246 1588 ut
1278 1551 1451 1588 Christus
1483 1552 1560 1590 suis

177 1607 317 1645 Evexit
349 1609 399 1646 ad
429 1609 572 1646 caelum
606 1609 686 1646 dies
995 1609 1158 1646 Inclinet
1190 1618 1318 1645 aurem
1350 1619 1576 1656 prosperam

180 1663 405 1711 Christoque
436 1670 612 1703 ovantem
644 1665 827 1704 reddidit.
995 1665 1124 1702 Noxas
1156 1675 1225 1702 nec
1253 1675 1382 1702 omnes
1413 1666 1596 1712 imputet..

111 1767 149 1804 3.
180 1765 291 1802 Nunc
322 1767 539 1813 angelorum
571 1768 766 1814 particeps
923 1769 960 1806 6.
993 1767 1195 1814 Extingue,
1231 1770 1389 1813 martyr,
1421 1767 1584 1817 grandia

180 1823 350 1860 Colluces
382 1824 519 1871 insigni
551 1825 661 1873 stola,
993 1823 1266 1861 Discriminmn
1297 1823 1486 1873 incendia,

177 1881 293 1927 Quam
326 1880 434 1917 testis
466 1881 709 1918 indomabilis
995 1881 1045 1918 Ut
1080 1891 1193 1926 puros
1226 1892 1294 1917 nos
1326 1880 1476 1918 siderea

181 1936 286 1974 Rivis
320 1937 463 1975 cruoris
495 1938 657 1976 laveras,
996 1937 1150 1974 Sursum
1180 1937 1377 1985 receptent
1409 1938 1561 1983 gaudia.

491 2042 525 2080 7.
559 2041 733 2077 Praestet
762 2044 874 2088 ‘pater
904 2045 939 2077 et
971 2040 1083 2084 filius,

558 2099 734 2136 Praestet
763 2097 958 2135 amborum
989 2098 1159 2144 spiritus,

559 2155 731 2193 Praestet
762 2165 879 2192 verax
910 2159 947 2191 et
978 2155 1131 2200 veritas,

521 2257 526 2262 ,
563 2212 733 2248 Praestet
764 2211 959 2249 amborum
993 2211 1145 2248 caritas.

146 2307 148 2309 ’
186 2310 328 2342 Collect.
359 2322 422 2343 ms.
456 2313 611 2344 incertae
645 2314 731 2355 orig.
765 2323 853 2344 saec.
888 2310 975 2343 ¹⁰l11.
1025 2312 1108 2344 Cod.
1141 2312 1292 2343 Pax-isin.
1325 2308 1426 2343 4626.
1460 2311 1537 2343 add.
1567 2321 1657 2343 saec.

99 2350 182 2386 ¹⁰l11.
214 2373 253 2377 —-
289 2356 356 2388 Str.
390 2355 410 2389 6
442 2358 511 2389 und
545 2356 563 2388 Τ
596 2359 666 2399 vgl.
699 2358 800 2390 Anal.
834 2359 929 2396 XIX,
956 2356 1032 2395 270,
1059 2359 1118 2389 Nr.
1143 2356 1220 2389 490.
1247 2360 1314 2388 Str.
1339 2356 1361 2388 4
1386 2357 1455 2388 und
1481 2356 1510 2387 6.
1561 2356 1660 2389 Nach

98 2398 416 2480 dAilekslclemxffmissls
447 2403 533 2446 folgt
568 2405 603 2434 in
636 2404 697 2435 der
728 2405 791 2435 Hs.
828 2404 889 2445 „In
913 2401 1134 2436 Laudibus“:
1170 2400 1306 2433 (Vm-isti
1338 2400 1436 2434 miles
1463 2399 1659 2443 pretiosu&

509 2558 568 2594 36.
605 2559 717 2601 (14b.)
751 2560 809 2594 De
835 2559 977 2594 sancto
1004 2559 1232 2595 Vincentio.

552 2629 758 2671 (Peristeph.
783 2630 825 2667 V,
854 2627 978 2670 1—123
1005 2626 1207 2669 281—296).

116 2717 152 2755 1.
183 2718 298 2756 Beate
328 2725 484 2770 martyr,
517 2732 702 2768 prospera
924 2723 961 2759 2.
993 2722 1067 2759 Hic
1099 2725 1136 2757 te
1166 2729 1212 2756 ex
1245 2719 1413 2756 tenebris
1443 2720 1586 2757 saeculi

183 2774 292 2813 Diem
323 2777 588 2825 triumphalem
621 2783 737 2823 tuum,
770 2818 771 2821 Ἴ
993 2779 1153 2816 Tortore
1184 2776 1284 2813 victo
1315 2781 1353 2813 et
1383 2776 1509 2813 iudice

184 2831 263 2877 Quo
293 2834 483 2881 sanguinis
515 2845 659 2871 merces
691 2834 761 2871 tibi
993 2834 1133 2872 Evexit
1163 2832 1212 2869 ad
1245 2833 1389 2870 caelum
1423 2833 1504 2870 dies

183 2888 340 2940 Corona,
372 2889 564 2937 Vincenti,
599 2891 722 2930 datur.
995 2891 1221 2937 Christoque
1257 2894 1432 2928 ovantem
1465 2889 1646 2929 reddidit.

1399 2955 1449 2988 3*
