2031 3289
5 1602 15 1640 4.

357 312 496 346 maris.“

985 179 1041 183 —
1098 155 1179 195 432

449 269 522 301 Fol.
552 265 615 299 153
626 278 657 300 a.
685 269 883 309 „Incipiunt
906 269 1038 309 hymni,
1062 269 1172 309 primo
1198 267 1241 299 de
1264 277 1408 308 corpore
1434 267 1563 299 Christi
1587 268 1651 299 sub
1674 278 1817 299 numero
1843 267 1916 300 Ave

551 314 618 345 Die
642 314 793 345 Melodie
819 313 878 344 des
904 315 1064 354 Hymnus
1088 323 1160 345 war
1184 313 1277 353 also,
1308 322 1380 344 was
1405 312 1468 344 das
1494 313 1669 345 Versmass
1695 313 1802 344 sehon
1826 313 1916 345 nahe

357 360 437 402 legt,
464 359 519 390 die
545 359 605 390 des
630 360 703 390 Ave
729 359 834 390 maris
860 359 973 390 stella.

670 490 751 526 402.
789 491 869 533 (14.)
903 491 949 525 In
974 491 1093 525 Festo
1119 489 1378 526 visitationis
1405 491 1454 527 Β.
1480 490 1533 526 Μ.
1560 491 1607 527 V.

1006 555 1059 586 Ad
1084 556 1267 597 Vespera-s,

406 649 442 689 1.
473 649 619 686 Assunt
649 646 747 685 festa
776 647 954 695 iubilaea‚

470 706 515 742 In
545 705 692 742 Mariae
724 715 822 741 nunc
854 704 991 750 gaudia

470 762 565 798 Tota
595 761 735 807 psallat
765 760 925 796 ecclesia

471 818 618 855 Devota
648 818 799 854 laudum
835 817 1016 855 dramata.

431 940 438 947 .
471 907 585 944 Cuius
617 909 766 943 sacrata
797 906 946 943 viscera

469 964 540 1001 Dei
572 963 701 999 invisit.
730 963 865 1009 gratia,

468 1020 522 1058 Ut
554 1023 653 1056 esset
684 1019 789 1065 virgo
820 1018 979 1066 gravida

470 1076 586 1113 Thori
618 1076 738 1112 virilis
769 1075 908 1112 nescia.

429 1197 437 1205 .
469 1166 576 1203 Haec
587 1164 850 1212 paranympho
864 1165 950 1201 dum
964 1164 1098 1213 credit,

472 1224 626 1261 Sacrum
646 1222 741 1258 hanc
754 1233 915 1268 pneuma
929 1221 1102 1268 replevit,

470 1279 591 1316 Alvus
623 1279 798 1316 tumescit
829 1283 864 1314 et
895 1278 992 1324 gerit

470 1335 635 1372 Verbum
662 1335 796 1381 patris,
829 1335 929 1380 quod
951 1333 1099 1372 meruit.

429 1457 438 1467 .
471 1424 678 1464 Confestim
711 1428 855 1461 montes
887 1424 994 1473 adiit,

471 1482 670 1520 Elisabeth
701 1482 893 1527 salutavit,

470 1539 599 1577 Obviis
631 1549 710 1575 eam
743 1538 901 1583 suscipit

471 1595 593 1641 Ulnis,
625 1595 777 1641 stringit
809 1599 845 1630 et
874 1594 1019 1632 circuit.

1214 649 1251 685 5.

1218 1165 1254 1203 ’7.

1284 646 1390 684 Sacri
1418 647 1624 694 iunguntur
1654 647 1766 697 uteri,

1283 703 1482 752 Milesque‚
1516 704 1574 740 sui
1604 703 1756 740 Domini

1285 760 1542 796 Praesentiam
1577 760 1665 796 dum
1696 760 1874 809 percipit,

1285 816 1396 852 Hunc
1426 816 1631 852 exultando
1661 817 1831 863 suscipit.

1243 934 1251 942 .
1285 905 1432 942 Clamat
1462 916 1554 942 anus
1586 915 1670 942 cum
1700 905 1831 953 iubilo,

1285 961 1401 998 Plena
1431 968 1561 998 sancto
1592 963 1803 1008 paraclito:

1284 1017 1403 1054 Beata
1432 1022 1472 1054 tu
1502 1019 1541 1054 in
1571 1017 1662 1062 filio,

1284 1075 1386 1120 Quae
1417 1074 1616 1112 credidisti
1647 1074 1823 1113 Domino.

1286 1164 1463 1201 Exsultet
1495 1165 1591 1201 caeli
1621 1165 1726 1212 regia

1285 1221 1337 1257 Et
1368 1221 1570 1258 mundialis
1602 1222 1790 1270 machina,

1285 1277 1459 1324 Abyssus
1490 1282 1602 1324 atque
1633 1279 1753 1315 maria

1285 1334 1461 1371 Laudent
1492 1334 1613 1371 Deum
1654 1345 1724 1381 per
1754 1336 1917 1374 saecula.

1288 1424 1394 1461 Patri
1424 1434 1567 1461 summo
1598 1435 1681 1461 cum
1712 1423 1803 1475 filio,

1287 1480 1446 1527 Spiritui
1479 1492 1624 1528 quoque
1655 1485 1787 1519 sancto

1286 1537 1344 1574 Sit
1374 1538 1605 1584 sempiterna
1634 1538 1756 1584 gloria

1287 1596 1330 1631 In
1360 1594 1504 1631 unitate
1536 1594 1669 1633 solida.

445 1684 520 1716 Fol.
562 1681 667 1715 153a.
712 1684 893 1724 „Hymnus
934 1686 1074 1714 sanctae
1109 1683 1244 1714 Mariae
1282 1683 1518 1722 visitationis3
1560 1686 1594 1714 et
1631 1684 1768 1714 canitur
1809 1685 1915 1716 sicut:

356 1729 493 1762 Chorus
534 1727 685 1767 novae“‚
727 1729 758 1759 d.
804 1729 836 1759 h.
878 1728 940 1759 auf
971 1728 1026 1760 die
1061 1728 1211 1759 Melodie
1248 1728 1308 1759 des
1345 1728 1598 1768 Osterhymnus
1637 1728 1769 1760 Chorus
1806 1738 1920 1762 novae

355 1775 557 1808 Ierusalem.
591 1793 634 1796 —
670 1773 703 1812 1,
736 1772 757 1804 4
788 1774 977 1815 dragmata.
1010 1791 1052 1794 —
1080 1774 1154 1815 Vgl.
1187 1784 1229 1804 zu
1261 1773 1391 1805 diesem
1424 1773 1493 1804 und
1526 1773 1592 1805 den
1625 1775 1709 1805 zwei
1735 1774 1919 1816 folgenden

356 1821 525 1862 Hymnen
551 1820 607 1851 die
632 1819 852 1860 Bemerkung
877 1829 918 1849 zu
944 1820 1002 1851 Nr.
1029 1816 1060 1850 2.

905 1951 986 1988 403.
1021 1951 1100 1993 (15.)
1134 1951 1191 1986 Ad
1216 1951 1369 1987 Laudes

1001 2016 1154 2048 eiusdem
1180 2016 1272 2048 festi.

403 2109 440 2148 1.
471 2109 501 2147 Ο
534 2108 674 2146 Christi
706 2113 828 2146 mater
857 2109 1017 2158 fulgida,
1217 2110 1254 2147 3.

471 2165 627 2202 Scatens
660 2164 742 2203 fons
774 2167 874 2203 omni
905 2166 1040 2214 gratia,

469 2222 552 2259 Lux
585 2223 730 2269 pellens
762 2233 931 2269 quaeque
959 2222 1100 2268 nubila,

470 2279 595 2316 Maria
626 2279 893 2327 sacratissima,

429 2401 437 2408 .
470 2369 606 2407 Gestas
638 2380 732 2416 quae
764 2370 987 2406 castimonia

472 2427 620 2463 Intacta
649 2431 797 2472 patrem
827 2425 918 2472 filia,

473 2483 589 2530 Virgo
620 2482 861 2520 monarcham
893 2483 1036 2530 inclita,

471 2538 654 2576 Genetrix
687 2539 944 2585 pudicissima,

1286 2108 1367 2145 Tua
1397 2118 1511 2154 prece
1541 2108 1638 2146 hanc
1668 2109 1846 2147 miseram
1897 2109 1900 2111 ’

1288 2164 1544 2211 Pusillamque
1576 2165 1813 2212 plebeculam

1286 2221 1449 2258 Subleva
1479 2232 1549 2268 per
1579 2223 1772 2270 auxilium,

1286 2280 1387 2324 Quae
1417 2279 1515 2315 iacet
1544 2289 1642 2316 nexu
1674 2278 1884 2318 criminum.

1289 2369 1319 2406 Ο
1350 2368 1536 2406 advocata
1565 2373 1731 2416 strenua,

1285 2426 1442 2462 Hostem
1474 2430 1641 2462 nostrum
1673 2425 1894 2476 extermina,

1285 2482 1447 2528 Depelle
1477 2493 1645 2529 quaeque
1675 2483 1801 2532 noxia,

1285 2539 1455 2585 Impetra
1485 2538 1579 2575 caeli
1609 2539 1759 2586 gaudia.

875 2633 911 2669 5.
944 2629 1001 2666 Sit
1031 2629 1151 2676 gloria
1181 2629 1281 2676 patri
1312 2629 1407 2675 Deo,

943 2688 1027 2724 Iesu
1060 2686 1285 2732 Christoque
1316 2684 1405 2730 filio,

942 2742 1101 2789 Spiritui
1132 2742 1334 2789 paraclito,

940 2799 1056 2836 Trino
1086 2803 1122 2835 et
1152 2799 1216 2836 uni
1246 2798 1421 2837 Domino.

445 2876 517 2907 F01.
544 2874 649 2908 15:3a.
678 2877 858 2918 „Hymnus
888 2877 931 2908 ad
956 2874 1126 2908 Laudes“.
