2031 3289
977 159 1287 200 ——480—

644 304 726 340 465.
763 304 820 347 (8.)
856 305 1030 348 Hymnus
1055 304 1102 339 de
1129 314 1161 340 s.
1188 305 1368 340 Iohanne
1394 305 1599 349 Baptista.

358 410 394 448 1.
429 409 575 455 Gaude,
607 413 728 446 mater
759 409 931 457 ecclesia,
1204 411 1241 447 6.
1273 409 1335 446 Ab
1367 409 1446 446 eius
1477 410 1594 446 sacris
1626 409 1797 446 manibus

429 465 486 502 De
518 466 776 512 praecursoris
804 465 937 513 gloria,
1189 462 1198 477 ⁹
1271 465 1495 512 Baptizatur
1524 466 1744 511 altissimus,

426 522 500 559 Hic
532 526 587 558 est
620 522 806 559 Iohannes
837 521 1023 570 Baptista,
1271 521 1406 568 Stupet
1436 522 1604 568 baptista
1634 522 1798 569 humilis,

427 578 608 625 Repletus
639 578 711 615 Dei
741 578 876 624 gratia.
1271 579 1364 623 Quia
1396 578 1450 614 sic
1481 577 1572 615 fecit
1602 578 1796 618 Dominus,

359 692 397 729 2.
431 690 590 727 Sanctus
621 693 731 726 natus
763 700 808 726 ex
840 694 948 727 utero
1208 690 1243 727 7.
1277 689 1461 727 Traditur
1491 691 1644 727 tandem
1676 690 1821 727 carceri

426 746 646 783 Exsultavit
674 746 712 782 in
744 746 894 793 gaudio,
1275 747 1427 784 Ardens
1458 747 1614 783 lucerna
1642 745 1744 788 fidei,

428 804 520 840 Cum
552 803 772 850 redemptor
801 803 970 849 virgineo
1275 803 1429 839 Feritur
1459 803 1601 839 amicus
1636 803 1766 850 sponsi

431 859 590 896 Clausus
621 859 773 895 adesset
805 859 982 896 thalamo.
1275 858 1413 896 Gladio
1445 860 1543 906 regis
1574 859 1694 906 impii.

361 974 397 1012 3.
428 973 550 1011 Annis
580 971 706 1010 adhuc
736 971 804 1008 sub
836 971 977 1008 teneris
1207 973 1243 1010 8.
1276 971 1352 1009 Sed
1382 983 1468 1009 mox
1499 971 1681 1008 assistunt
1711 970 1836 1017 angeli

425 1029 578 1066 Cunctis
608 1028 750 1065 relictis
783 1028 928 1065 civibus
1277 1029 1376 1065 Voce
1408 1032 1584 1065 canentes
1616 1028 1751 1074 parili:

430 1085 618 1122 Instinctu
648 1085 769 1122 sancti
801 1085 957 1131 spiritus
1277 1085 1375 1121 Huic
1408 1083 1567 1122 debetur
1597 1084 1756 1131 martyri

428 1141 490 1178 Fit
524 1141 681 1178 eremita
711 1145 901 1179 strenuus,
1114 1158 1116 1160 ·
1276 1143 1424 1180 Corona
1454 1142 1536 1178 iure
1566 1141 1723 1187 triplici.

357 1255 397 1292 4.
431 1254 538 1290 Pelle
569 1254 703 1290 cameli
733 1253 886 1300 tegitur,
1207 1256 1245 1292 9.
1278 1254 1375 1291 Nam
1410 1254 1542 1290 doctor
1573 1251 1645 1289 fuit
1674 1252 1828 1289 inclitus

3 1337 6 1354 .
428 1310 594 1348 Locusta
625 1310 691 1347 vili
721 1311 904 1356 pascitur,
1276 1311 1326 1347 Et
1357 1315 1503 1357 martyr
1531 1309 1815 1358 invictissimus,

3 1357 7 1375 “
428 1367 536 1403 Viam
568 1371 767 1415 angustam
799 1367 984 1414 graditur,
1277 1367 1351 1405 Sed
1385 1371 1422 1403 et
1452 1366 1558 1413 virgo
1588 1365 1826 1412 purissimus,

4 1419 7 1437 ³
426 1425 500 1462 Per
543 1435 652 1470 quam
682 1424 824 1460 caelum
858 1423 1089 1463 ascenditur.
1275 1423 1473 1471 Iohannes,
1508 1422 1564 1459 vir
1595 1422 1867 1460 sanctissimus.

357 1538 396 1575 5.
430 1537 562 1573 Tantis
595 1536 742 1583 fulgens
775 1537 979 1573 virtutibus
1179 1538 1242 1574 10.
1275 1537 1356 1573 Deo
1387 1536 1569 1583 patri‘sit
1600 1535 1721 1582 gloria

426 1593 614 1631 Iohannes
648 1604 802 1640 compar
831 1593 976 1640 angelis
1273 1593 1441 1640 Eiusque
1472 1593 1543 1629 soli
1573 1591 1653 1630 filio

431 1649 672 1686 Praedicavit
702 1650 741 1686 in
773 1650 944 1696 populis:
1275 1651 1366 1688 Cum
1398 1649 1536 1696 spiritu
1567 1647 1753 1695 paraclito

426 1706 540 1754 Ecce,
572 1717 690 1753 agnus
721 1706 804 1756 Dei,
839 1706 1025 1745 Christus,
1273 1707 1325 1743 Et
1355 1716 1454 1742 nunc
1484 1710 1521 1742 et
1552 1705 1633 1742 sine
1663 1704 1835 1743 termino.

352 1818 759 1895 16O7Tlil‹*l=mag(lll1alleoli
786 1818 827 1850 de
845 1819 989 1860 Kempis
1010 1819 1126 1860 Opera
1147 1819 1263 1850 omnia
1282 1818 1333 1850 ed.
1353 1818 1398 1849 H.
1418 1818 1640 1851 Sommalius.
1675 1817 1908 1860 Antwerpiae.

441 1888 448 1894 .
512 1889 518 1895 .
546 1872 564 1894 o
598 1875 621 1895 ).

613 2019 694 2056 466.
730 2020 788 2061 (9.)
824 2021 999 2065 Hymnus
1025 2021 1072 2057 de
1098 2031 1131 2057 s.
1158 2021 1337 2056 Iohanne
1363 2020 1637 2063 Evangelista.

358 2137 395 2175 1.
429 2137 591 2182 Christe,
625 2141 841 2174 sanctorum
869 2138 991 2185 gloria
1181 2141 1218 2178 4.
1251 2137 1311 2175 Ex
1343 2141 1407 2174 tuo
1438 2147 1545 2174 sacro
1576 2141 1732 2183 pectore
1769 2179 1774 2184 ς

431 2194 481 2230 Et
512 2193 659 2239 piorum
691 2195 885 2239 memoria,
1249 2194 1387 2231 Hausit
1416 2192 1557 2230 fluenta
1589 2194 1744 2240 gratiae,

428 2250 579 2287 Nostris
609 2251 764 2287 intende
796 2251 984 2300 precibus,
1249 2251 1348 2288 Hinc
1377 2250 1446 2287 filii
1478 2250 1660 2287 ecclesiae

428 2307 527 2352 Quas
551 2307 613 2353 pie
644 2307 714 2343 tibi
746 2306 936 2345 fundimus
1247 2307 1364 2344 Verbi
1397 2311 1576 2353 potantur
1609 2310 1775 2346 nectare.

360 2420 396 2457 2.
430 2420 473 2456 In
505 2419 647 2456 honore
678 2419 841 2465 apostoli
1181 2422 1216 2456 5.
1250 2419 1324 2455 Hic
1356 2418 1468 2454 etiam
1499 2418 1694 2466 limpidius

430 2475 607 2512 Iohannis
640 2475 890 2521 dilectissimi,
1248 2476 1345 2512 Prae
1377 2475 1521 2511 cunctis
1553 2480 1590 2511 et
1622 2474 1819 2511 sublimius

430 2532 481 2570 Ut
512 2533 591 2569 eius
622 2532 740 2569 sacris
769 2532 916 2568 meritis
1250 2531 1356 2569 Vidit
1388 2542 1495 2568 sacra
1527 2531 1721 2578 mysteria,

430 2589 532 2626 Caeli
565 2589 762 2636 iungamur
789 2588 956 2625 sedibus.
1249 2588 1347 2625 Solis
1379 2588 1499 2625 beatis
1533 2588 1676 2634 pervia.

13 2694 19 2726 ἶ
359 2703 395 2741 3.
429 2702 497 2747 Qui
529 2701 648 2738 amari
679 2712 771 2748 prae
803 2700 939 2737 ceteris
1177 2702 1214 2739 6.
1249 2701 1433 2747 Flagrant
1464 2701 1543 2736 eius
1574 2700 1759 2747 epistulae

430 2758 645 2795 Promeruit
677 2758 874 2804 discipulis
1250 2758 1322 2794 Tui
1353 2757 1491 2794 amoris
1522 2757 1649 2803 adipe,

0 2815 19 2855 {e
429 2815 485 2852 Ob
519 2814 703 2853 castitatis
735 2815 896 2861 titulum,
1249 2816 1329 2860 Quo
1361 2826 1440 2862 nos,
1473 2815 1572 2860 lesu,
1607 2812 1762 2849 reficere

0 2856 20 2912 i?
432 2871 570 2908 Munus
603 2871 672 2907 tibi
704 2871 971 2918 gratissimum.
1250 2870 1433 2918 Digueris
1464 2871 1564 2907 omni
1597 2874 1779 2916 tempore.
