1914 3223
186 291 251 328 65.
283 288 349 326 Cui
381 297 535 335 prorsus
565 286 788 324 abscondita

286 344 400 383 Nulla
430 349 516 381 sunt
546 343 714 392 latibula,

285 402 357 438 Per
385 411 495 448 quam
525 400 633 438 nobis
665 399 806 437 tradita

283 457 419 496 Divina
450 457 641 504 mysteria,

284 513 493 552 Animabus
523 513 716 551 commoda

286 571 514 617 Praeparant
548 569 773 614 omnimoda,

285 626 492 664 Salvatoris
522 627 664 674 gerula,

285 683 478 722 Castitatis
510 684 651 731 ragula,

286 740 366 777 Deo
398 740 510 787 digne
540 740 691 777 subdita

287 796 514 843 Semperque
544 797 719 845 sollicita,

245 881 255 890 .
288 855 339 892 Ut
369 853 578 890 reddantur
607 863 790 899 prospera

289 911 390 948 Iusta
421 910 634 957 desideria;

291 967 452 1003 Persona
481 967 704 1013 gratissima,

287 1022 401 1060 Glosa
431 1023 688 1068 celeberrima,

288 1080 435 1116 Virtute
467 1080 653 1116 dominica

289 1136 447 1173 Facie-ns
478 1137 675 1184 magnalia,

285 1192 372 1230 Sola
402 1192 476 1229 fide
508 1193 678 1240 gravida,

289 1249 456 1295 suscipe,
490 1249 674 1297 piissima,

285 1306 386 1351 Quae
416 1305 483 1342 tibi
515 1306 732 1352 precamina

289 1361 427 1398 Fundit
459 1362 566 1408 plebs
598 1362 792 1401 catholica.

288 1418 439 1454 'l'imens
469 1418 654 1455 terribilia

286 1473 437 1510 Domini
468 1474 618 1514 iudicia.

288 1530 449 1576 Insignis
480 1541 679 1577 puerpera,

290 1586 355 1623 Pia
385 1591 535 1633 gestans
568 1587 703 1635 vicera,

288 1643 429 1680 Ferens
459 1643 559 1680 inter
588 1644 745 1681 brachia

286 1700 432 1746 Agnum
464 1699 544 1736 sine
574 1701 730 1747 macula,

287 1755 399 1793 Cuius
432 1767 531 1794 mors
561 1756 711 1794 vivifica

286 1812 397 1850 Lavit
427 1813 557 1850 mundi
587 1814 757 1861 crimina,

287 1869 595 1917 Incorruptibilia

285 1924 490 1963 Conferens
521 1928 700 1976 remedia,

285 1982 505 2020 Sanctorum
537 1985 786 2032 sanctissima,

288 2041 448 2076 Pascens
478 2040 655 2078 alimonia

190 572 253 610 70.

191 1137 256 1173 80.

191 1420 255 1455 85.

189 1699 253 1737 90.

188 1984 252 2021 95.

878 171 956 212 120

284 2097 405 2142 Hunc,
439 2107 507 2144 per
536 2108 644 2144 quem
668 2099 886 2136 daemonica

285 2153 348 2190 Nil
379 2158 488 2191 nocet
518 2155 751 2202 muscipula3

284 2209 388 2247 Talis
419 2212 605 2259 operaria,

285 2266 413 2312 Qualis
445 2268 549 2305 nulla
580 2269 666 2314 alia,

283 2323 364 2370 Ope
394 2323 601 2362 multifaria

285 2380 490 2418 Praestans
521 2382 714 2429 salutaria,

284 2436 501 2475 Liberatrix
532 2443 698 2485 strenua⁷

284 2493 411 2531 Fortis
442 2498 480 2531 et
510 2496 673 2543 egregia,

287 2550 482 2588 Potestate
513 2553 615 2600 regia

286 2607 422 2645 Vincla
453 2609 602 2646 solvens
634 2609 775 2656 gravia,

163 2266 253 2305 100.

162 2550 255 2588 105.

287 2664 376 2702 Plus
407 2666 700 2702 transscendens
731 2666 856 2703 omnia

282 2721 500 2759 Electorum
533 2723 665 2759 merita

292 2777 481 2825 Dignitate
513 2780 675 2817 maxima

163 2834 254 2873 110.
288 2837 404 2879 Quam
440 2836 500 2872 lux
534 2836 624 2873 solis
655 2835 793 2873 sidera.

288 2890 470 2928 Columba
499 2892 764 2941 pulcherrima,

213 2959 375 2991 breves,

404 2961 648 2995 Hyinnographi
673 2961 789 2988 Latini.
830 2961 852 2987 Ι.

971 457 1060 494 115.

971 738 1062 775 120.

977 1304 1066 1342 130.

974 1585 1065 1622 135.

979 1869 1070 1908 140.

973 2155 1066 2192 145.

975 2439 1066 2477 150.

979 2725 1071 2761 155.

1094 285 1260 332 Simplex
1292 289 1329 322 et
1358 284 1529 328 innocua,

1095 342 1279 380 Salutaris
1308 342 1433 389 aquila

1096 400 1254 446 Semper
1282 409 1465 446 spernens
1491 397 1631 442 infima,

1093 457 1289 502 Appetens
1320 455 1469 493 siderea

1093 513 1223 550 Mente
1253 511 1506 559 devotissima,

1094 569 1204 606 Oliva
1237 567 1444 614 fructifera,

1096 625 1239 662 Codrus
1271 626 1426 662 multum
1457 624 1588 669 ardua,

1094 682 1192 718 Aula
1227 682 1294 719 Dei
1327 682 1460 729 nitida,

1096 738 1196 775 Rosa
1226 749 1413 786 nunquam
1444 736 1626 781 marcida,

1097 795 1233 832 Lilium
1265 800 1299 831 et
1332 795 1431 832 viola

1096 851 1218 898 Supra
1250 852 1370 888 nivem
1405 850 1580 898 candida,

1100 909 1262 945 Patrona
1293 908 1486 954 benevola,

1095 964 1222 1001 Mater
1256 965 1523 1011 amantissima,

1057 1049 1065 1057 .
1099 1025 1216 1066 Quam
1248 1026 1333 1058 sunt
1366 1021 1587 1068 multiplicia

1098 1077 1177 1115 'l‘ua
1209 1077 1403 1117 beneficia.

1099 1135 1170 1172 Per
1200 1146 1310 1181 quam
1341 1136 1420 1172 ovis
1451 1134 1602 1181 perdita

1098 1189 1276 1228 Refertur
1304 1191 1352 1228 ad
1384 1201 1535 1238 supera,

1101 1248 1172 1284 Per
1201 1259 1310 1294 quam
1343 1248 1469 1284 multis
1500 1248 1631 1293 gravia

1099 1304 1356 1342 Remittuntur
1386 1304 1550 1340 scelera!

1100 1361 1468 1406 Compatientissima

1099 1417 1397 1464 Elemosynaria,

1098 1473 1283 1510 Trucibus
1315 1473 1516 1519 contraria,

1098 1529 1257 1566 Mitibus
1287 1530 1469 1577 proficua,

1097 1587 1206 1633 Auge
1237 1590 1271 1623 et
1303 1586 1516 1633 multiplica

1097 1642 1178 1680 Tua
1208 1643 1316 1680 nobis
1347 1653 1514 1689 munera,

1097 1701 1199 1744 Quae
1229 1710 1379 1747 semper
1407 1699 1569 1737 utillima

1101 1756 1269 1803 Largiris
1302 1757 1472 1795 donaria.

1101 1813 1262 1850 Domum
1294 1814 1405 1851 istam
1437 1814 1548 1851 visita
1573 1849 1583 1855 ,

1104 1870 1196 1908 Cum
1228 1870 1503 1919 benevolentia,

1098 1926 1238 1964 Sordes
1270 1933 1418 1965 nostras
1450 1928 1573 1974 expia,

1097 1982 1243 2022 Graves
1273 1995 1393 2022 noxas
1425 1990 1591 2031 amputa,

1098 2041 1272 2079 Inimicos
1303 2041 1434 2091 effuga,

1097 2097 1261 2135 Destrue
1291 2102 1327 2135 et
1359 2098 1516 2145 dissipa,

1101 2154 1217 2193 Verte
1249 2158 1285 2192 et
1313 2153 1462 2193 infatua

1098 2211 1238 2248 Eorum
1272 2212 1430 2249 consilia

1099 2267 1317 2315 Cunctaque
1348 2268 1552 2311 molimina,

1097 2325 1167 2371 Qui
1198 2329 1383 2372 quaerunt
1413 2325 1521 2362 nobis
1555 2326 1665 2366 mala,

1099 2381 1149 2419 Ut
1181 2383 1218 2418 in
1250 2382 1319 2419 hac
1351 2382 1511 2419 ecelesia

1100 2438 1398 2476 Honorificentia

1100 2496 1354 2534 Conservetur
1385 2506 1548 2543 congrua

1102 2552 1175 2589 Per
1205 2557 1267 2590 tua
1299 2552 1476 2599 suffragia

1102 2609 1351 2656 Hostiumque
1382 2609 1545 2656 pessima

1101 2665 1319 2703 Evadamus
1354 2666 1453 2703 odia.

1105 2722 1223 2760 Stella
1253 2723 1499 2767 lucidissima,

1104 2778 1188 2816 Huc
1219 2790 1354 2826 precor
1384 2779 1544 2825 irradia3

1103 2835 1216 2887 Ecce,
1251 2847 1334 2873 mea
1365 2837 1502 2881 anima,

1106 2892 1271 2931 Vanitati
1304 2894 1444 2941 dedita,

1483 2961 1502 2990 9
