1914 3223
746 230 800 235 —
860 208 939 249 377
1001 229 1055 236 -

299 322 335 359 7.
382 321 412 359 Ο
446 331 549 369 cruX‚
582 332 678 367 quae
709 322 886 358 tenebras
918 323 1120 359 comitante
1151 321 1232 358 Deo
1262 320 1407 367 petiisti

380 375 599 424 Infernique
630 388 734 414 seras
766 384 800 414 et
834 379 985 425 pessula
1016 378 1269 415 comminuisti

375 433 426 471 Et
456 434 589 470 mortis
620 434 773 481 laqueos
806 441 843 471 et
873 435 1054 472 seandala
1085 446 1197 471 saeva
1226 434 1395 480 scidisti3

293 526 329 563 S.
378 524 408 562 Ο
438 535 543 567 crux,
578 524 624 560 de
655 524 775 570 paleis
808 523 1035 561 frumentum
1067 525 1281 571 seposuisti,

376 581 484 617 Solos
517 581 563 617 do
594 580 762 617 tenebris
793 581 933 618 electos
967 582 1153 628 eripuisti,

375 638 468 675 Cum
500 636 634 683 quibus
666 639 808 683 ereptis
841 639 963 675 caelos
996 639 1108 675 etiam
1141 638 1303 681 subiisti,

291 730 327 766 9.
377 728 408 766 Ο
440 738 545 772 crux,
578 728 768 765 sideribus
801 739 896 774 quae
929 729 1068 766 clarior
1099 729 1285 766 emicuisti

375 785 434 822 Ac
465 785 632 821 renitens
665 785 769 821 caelo
799 786 940 821 sanctis
971 786 1055 822 loca
1086 791 1219 822 sancta
1250 786 1404 832 dedisti,

375 841 509 878 Gratia
538 852 672 888 magna
702 841 784 887 tibi,
817 852 912 888 quae
942 846 997 878 tot
1028 847 1136 889 potes
1167 847 1205 879 et
1234 843 1404 889 potuisti.

259 933 323 971 10.
374 932 477 978 Ergo
508 931 616 968 bonis
648 931 763 968 tantis
795 932 845 967 sit
875 932 957 969 laus
989 943 1034 969 ex
1067 944 1132 969 oro
1163 934 1369 981 precantis,

371 988 475 1034 Ergo
507 986 593 1024 fave
623 988 726 1035 genti
759 988 980 1026 crucifixum
1012 993 1123 1036 teque
1155 988 1290 1026 fatenti

372 1044 619 1091 Cultoresque
650 1045 788 1094 crucis,
821 1057 843 1082 o
876 1056 980 1093 crux,
1014 1044 1073 1082 fer
1103 1047 1151 1083 ad
1183 1047 1281 1083 atria
1312 1046 1420 1084 lucis,

206 1144 350 1177 Collect.
377 1155 440 1175 ms.
465 1144 679 1186 'Peg-urinum
710 1155 800 1177 saeC.
829 1143 880 1176 12.
929 1145 1014 1177 Clm.
1040 1145 1222 1177 Monacen.
1251 1143 1377 1177 18580.
1403 1145 1443 1176 A.
1469 1164 1512 1168 —
1538 1145 1683 1177 Collect.

116 1201 178 1224 ms.
209 1191 370 1222 Roffense
411 1200 499 1222 saec.
539 1188 590 1221 12.
659 1191 741 1222 Cod.
777 1191 945 1222 Oxonien.
981 1191 1092 1222 Laud.
1125 1191 1273 1223 Mis-cell.
1307 1189 1360 1222 40.
1395 1192 1430 1222 Β.
1464 1209 1507 1212 —-
1540 1190 1683 1223 Collect.

117 1247 178 1267 ms.
209 1236 428 1267 Burtonense
465 1245 553 1267 saec.
591 1233 642 1267 13.
691 1236 774 1268 Cod.
811 1236 1005 1267 Londinen.
1040 1237 1144 1278 Vesp.
1171 1237 1200 1268 E
1227 1238 1291 1268 III.
1318 1238 1353 1268 C.
1379 1253 1422 1258 ——
1449 1237 1592 1268 collect.
1619 1247 1681 1267 ms.

115 1281 301 1323 Aug-licum
338 1292 427 1318 saeC.
464 1279 515 1312 13.
565 1281 648 1313 cod.
683 1282 852 1313 Oxonien.
888 1281 996 1312 Laud.
1030 1282 1178 1313 Miscell.
1210 1280 1286 1314 500.
1316 1284 1355 1312 1).
1381 1299 1425 1303 —
1451 1282 1594 1313 Collect.
1621 1292 1682 1312 ms.

116 1327 301 1368 Augiicum
335 1336 414 1358 saec
461 1325 512 1359 13.
561 1327 644 1358 Cod.
679 1328 847 1359 Oxonien.
883 1327 999 1369 Digby
1031 1325 1085 1358 65.
1116 1324 1156 1357 E.
1185 1345 1227 1348 ——
1252 1328 1347 1359 Orat.
1381 1338 1443 1358 ms.
1469 1327 1682 1369 Tegurinum

118 1373 202 1404 anni
230 1370 326 1404 1469.
377 1372 462 1405 Clm.
489 1373 671 1404 Monacen.
702 1370 826 1404 19124Δ
854 1373 890 1404 F.
917 1390 960 1393 —

208 1416 245 1456 l,
276 1415 297 1448 2
328 1421 466 1459 portare
499 1418 688 1449 Dominum
723 1419 764 1449 D.
792 1435 836 1439 —
860 1415 898 1455 2,
935 1415 956 1448 2
989 1417 1030 1449 de
1059 1419 1134 1449 vita
1159 1419 1197 1449 B.
1226 1435 1263 1438 m
1293 1416 1328 1450 9».
1363 1415 1383 1448 2
1416 1417 1683 1458 Ecclesiamque

115 1463 218 1494 ADF.
243 1481 288 1484 —
313 1462 352 1501 6,
390 1462 411 1495 3
444 1465 614 1504 pepegisti
639 1463 770 1494 ACDF.
798 1481 842 1484 —
870 1462 927 1500 10,
964 1461 979 1493 1
1007 1464 1089 1495 boni
1114 1463 1156 1494 E.
1182 1481 1226 1484 -—
1252 1464 1375 1495 Dieses
1402 1463 1488 1495 Lied
1514 1463 1623 1504 hiingt
1647 1463 1683 1493 in

117 1508 211 1540 allen
237 1509 383 1548 Quellen
409 1509 636 1540 unmittelbar
660 1510 723 1539 mit
747 1509 824 1540 dem
849 1508 1155 1549 vorhergehenden
1181 1519 1398 1547 zusammen,
1425 1508 1495 1540 und
1522 1508 1582 1539 hat
1607 1508 1682 1539 also

118 1553 222 1585 keine
249 1554 460 1593 Aufschrift3
490 1553 579 1585 nach
608 1551 659 1592 10,
685 1552 706 1585 3
731 1554 848 1596 folgen
873 1553 963 1585 noch
989 1554 1045 1584 die
1073 1554 1195 1585 beiden
1221 1555 1347 1586 Verse:

386 1644 415 1675 O
440 1655 533 1683 crux,
560 1649 702 1686 protege
728 1655 781 1676 me
807 1645 871 1676 sub
897 1646 1018 1675 mortis
1047 1655 1159 1685 agone
1186 1655 1380 1686 supremae,

386 1690 479 1722 Crux
504 1700 614 1729 sacra,
639 1691 720 1721 dum
745 1692 838 1728 vivo⁷
864 1701 917 1721 me
943 1690 1055 1722 salvet
1080 1691 1123 1721 ab
1150 1690 1248 1722 hoste
1274 1693 1410 1722 nocivo.

295 1868 376 1904 291.
413 1869 471 1910 (5.)
506 1868 793 1903 Tetrastichon
818 1868 969 1903 Malchi
994 1869 1044 1903 ad
1072 1868 1268 1913 Spiritum
1294 1869 1499 1905 Sanctum.

289 1976 323 2013 1.
373 1973 619 2020 Omnipotens
649 1971 800 2023 flamen,
832 1975 953 2020 patris
985 1974 1177 2020 prolisque
1206 1975 1382 2023 ligamen,

373 2031 538 2076 Spiritus
568 2029 777 2071 amborum,
807 2031 954 2076 parium
987 2041 1057 2077 par
1088 2042 1207 2068 nexus
1237 2042 1419 2079 amorum,

374 2086 573 2124 Vivificum
605 2097 756 2136 numen,
787 2087 914 2123 oriens
948 2087 994 2124 de
1025 2088 1164 2124 lumine
1194 2088 1332 2136 lumen,

372 2144 490 2181 Pleno
521 2144 648 2190 sorde,
680 2144 802 2190 malis,
835 2149 900 2180 tua
931 2144 978 2180 sit
1012 2144 1102 2180 mihi
1133 2144 1214 2181 laus
1247 2145 1419 2185 venialis,

286 2236 322 2272 30

372 2234 446 2271 Hic
474 2234 540 2271 ubi
570 2234 652 2270 vult
683 2234 816 2280 spirat,
850 2234 967 2280 vadit,
1001 2239 1140 2281 manet,
1172 2235 1298 2271 omnia
1328 2235 1440 2284 girat,

377 2291 451 2328 Res
482 2301 580 2328 nova
609 2291 796 2337 procedit,
829 2292 932 2327 venit
962 2291 1051 2327 inde
1083 2302 1152 2327 nec
1179 2291 1268 2327 inde
1298 2292 1455 2341 recedit,

375 2346 579 2384 Mirificum
611 2352 730 2383 totum
762 2357 874 2384 sensu
906 2347 1107 2394 linguaque
1138 2353 1334 2394 remotum,

370 2404 513 2451 Expiet
542 2404 603 2440 hic
633 2408 796 2440 mentem
828 2404 1016 2450 magnalia
1047 2409 1153 2441 tanta
1183 2410 1398 2451 paventem.

287 2496 324 2533 3.
371 2495 542 2533 Luminis
572 2495 670 2532 alme
700 2495 822 2540 dator,
857 2495 951 2531 caeli
982 2500 1181 2542 terraeque
1213 2501 1373 2545 creator,

373 2552 489 2597 Ordo,
520 2552 592 2588 Dei
624 2551 776 2598 digitus,
810 2552 948 2588 donum
980 2552 1112 2601 patris,
1145 2552 1285 2599 unctio,
1318 2553 1426 2601 ritus,

373 2607 519 2654 Gratia,
553 2607 636 2644 fons
670 2609 788 2653 vivus,
820 2608 894 2655 lex,
928 2609 1039 2655 ignis,
1071 2619 1177 2645 amor
1207 2609 1406 2658 genitivus,

377 2665 553 2713 Spiritus,
587 2665 670 2710 ipse
701 2665 799 2709 veni,
833 2670 1065 2701 maerentum
1096 2670 1252 2711 pectora
1283 2665 1371 2703 leni.

286 2759 327 2794 4.
377 2756 584 2793 Pneumate
615 2755 771 2801 repletis
804 2765 886 2791 cum
918 2756 1079 2802 mystica
1111 2756 1209 2793 dona
1240 2755 1436 2802 prophetis

375 2812 467 2857 Das,
500 2810 630 2858 opifex
662 2811 794 2848 horum
823 2811 973 2858 sapiens
1004 2811 1291 2857 mirabiliorum,

371 2868 474 2906 Mira
503 2868 606 2914 loqui
636 2873 758 2904 mutos
787 2866 882 2904 facis
913 2872 949 2904 et
980 2869 1167 2917 sapientia
1195 2868 1338 2918 brutOS,

371 2924 590 2962 Pneumatis
621 2924 772 2971 ignaros
803 2922 864 2960 fac
895 2935 1031 2972 gnaros
1062 2931 1099 2962 et
1129 2925 1198 2962 tibi
1230 2936 1350 2966 caros.
