1914 3223
166 269 203 304 3.
238 264 451 312 Congaude,
483 263 598 310 virgo,
632 263 781 314 virgini,

235 322 358 359 Mater
387 324 443 357 est
474 320 564 357 haec
594 320 780 363 altissimi,

236 378 361 424 Nupta
391 381 528 424 nuptae
559 376 803 423 congaudeat,

236 436 336 481 Quae
349 444 430 471 mox
443 437 662 480 conceptum
676 433 885 480 praedicat.

163 560 202 598 4.
236 559 440 597 Conclusus
469 558 591 595 adhuc
622 561 740 604 utero,

238 616 316 661 Quo
347 619 491 663 potens,
524 613 647 652 infans
677 614 813 660 gaudio

242 672 362 708 Vitam
394 671 534 714 mundi,
566 682 675 717 quam
707 674 887 720 senserat,

241 728 383 765 Mundo
413 728 537 765 statim
568 727 777 765 annuntiat.

242 852 268 882 Β
295 851 350 883 fol.
376 850 418 883 89
428 861 459 883 a.

888 150 954 190 171

1000 267 1036 302 ἴ».
1071 263 1168 300 [linc
1197 273 1324 303 senex.
1357 261 1445 299 inde
1477 261 1591 298 vidua

1072 319 1212 356 Laude.
1229 319 1419 371 Christum
1452 318 1675 365 prophetica

1070 376 1300 415 Confitentes
1336 375 1559 413 dominicam

1070 433 1324 469 ostenderunt
1358 431 1621 479 praesentiam.

1004 559 1041 596 6.
1075 556 1154 593 Deo
1186 557 1285 603 patri
1317 567 1398 593 cum
1430 556 1520 600 tilio,

1074 614 1164 649 Cum
1196 613 1332 660 spiritu
1363 614 1559 660 paraclito,

1075 669 1126 707 Ut
1156 674 1209 706 est
1243 681 1316 707 una
1346 669 1569 715 substantia,

1075 726 1138 765 Sic
1168 731 1205 763 et
1235 738 1308 763 una
1339 727 1387 763 sit
1418 727 1550 773 gloria.

584 1028 657 1066 152.
693 1031 773 1072 (42.)
809 1029 847 1065 ln
875 1028 1079 1066 paraseeve
1109 1027 1260 1065 Domini.

154 1240 188 1278 1.
223 1241 325 1278 Haec
356 1250 440 1287 nox,
473 1238 670 1286 carissimi,

278 1307 349 1332 nox
380 1295 447 1334 illa
476 1294 624 1342 flebilis,

221 1354 301 1398 Qua
332 1352 663 1400 comprehenditur

277 1409 356 1445 dies
387 1420 409 1445 a
440 1408 621 1456 tenebris,

222 1465 297 1503 Piis
329 1464 493 1502 fidelium

278 1527 331 1557 est
362 1522 472 1568 plena
503 1522 679 1566 lacrimis),

222 1579 350 1625 Aquas
381 1578 591 1615 immanitas

280 1635 468 1681 compellit
500 1635 666 1673 sceleris,

154 1748 175 1784 [ὑ

183 1779 190 1785 .
223 1747 304 1784 Hac
335 1752 443 1784 nocte
474 1748 646 1795 proditor

279 1808 334 1840 est
363 1814 432 1851 per
462 1815 501 1841 se
531 1805 716 1852 proditus,

221 1860 290 1906 Qui
320 1860 429 1907 lupus
461 1859 583 1898 fuerat

276 1918 481 1963 permixtus
509 1918 657 1966 ovibus,

218 1974 348 2020 Agnus
379 1974 427 2011 ad
455 1974 642 2012 victimam

274 2040 342 2076 per
371 2030 500 2077 lupum
531 2032 707 2077 tradituS,

218 2086 347 2123 Scelus
377 2087 586 2125 antidotum

273 2142 359 2179 fecit
391 2144 607 2184 sceleribus,

236 2244 263 2276 C
289 2243 346 2276 sol.
371 2242 453 2277 78a.
480 2262 518 2267 —-

151 2471 184 2508 1.
216 2471 408 2509 Mercator
436 2473 611 2520 omnium,

275 2528 370 2565 Iuda
399 2529 630 2579 stultissime,

217 2586 309 2622 Cum
340 2586 470 2622 mortis
500 2587 640 2634 emptio

273 2642 321 2677 sit
352 2642 466 2679 vitam
496 2644 671 2693 vendere,

215 2696 273 2734 Ne
303 2698 393 2744 quid
425 2700 613 2746 susceptio

270 2756 390 2801 prosit
420 2757 612 2805 pecuniae,

214 2810 328 2857 Quem
360 2812 504 2860 vendis,
533 2815 732 2861 praevenis

269 2870 398 2907 mortis
430 2870 468 2908 in
499 2868 641 2912 funere,

779 1113 818 1144 In
847 1111 874 1143 1.
901 1113 1086 1144 Noeturno.

960 1242 996 1278 3.
1030 1239 1125 1276 Dum
1157 1249 1305 1276 sacrum
1336 1239 1503 1276 celebrat

1085 1296 1257 1333 Christus
1288 1296 1518 1346 mysterium,

1029 1353 1214 1400 Egressus
1246 1353 1408 1390 traditor

1083 1413 1254 1446 sanctum
1285 1409 1479 1457 collegium

1031 1465 1092 1503 Ad
1124 1477 1281 1513 pravum
1313 1470 1511 1514 congregat

1086 1534 1223 1570 pravos
1255 1523 1464 1568 consilium,

1028 1579 1080 1617 Ut
1110 1579 1168 1616 his
1199 1580 1236 1616 in
1268 1578 1392 1626 pretio

1087 1636 1151 1673 det
1182 1636 1312 1674 mundi
1343 1637 1519 1683 pretium.

958 1752 997 1788 4.
1029 1750 1085 1787 Tu
1115 1749 1184 1786 tibi
1217 1751 1380 1797 compati

1084 1807 1138 1843 sic
1169 1805 1229 1844 fac
1259 1818 1339 1855 nos,
1371 1807 1543 1853 Domine,
1575 1850 1584 1856 ,

1029 1863 1132 1900 Tuae
1163 1863 1370 1910 participes

1084 1924 1124 1957 ut
1155 1920 1269 1957 simus
1301 1921 1453 1970 gloriae,

1029 1976 1091 2013 Sic
1123 1987 1303 2023 praesens
1334 1977 1498 2015 triduum

1082 2033 1120 2069 in
1151 2034 1254 2070 luctu
1286 2034 1434 2084 ducere,

1028 2090 1078 2127 Ut
1110 2090 1224 2127 risum
1255 2090 1400 2127 tribuas

1084 2146 1274 2193 paschalis
1304 2147 1461 2203 gratiae.

651 2355 721 2392 153.
756 2357 836 2400 (43.)
871 2357 910 2393 In
937 2357 969 2393 2.
995 2357 1187 2394 Nocturna.

954 2478 992 2514 2.
1026 2476 1077 2515 Ut
1107 2477 1291 2523 patientia

1080 2533 1262 2580 probetur
1292 2533 1437 2583 traditi,

1026 2590 1216 2627 Monstrat
1246 2590 1344 2627 hunc
1374 2591 1538 2628 traditor

1079 2657 1148 2693 per
1178 2647 1323 2693 signum
1354 2647 1486 2693 osculi,

1025 2703 1167 2750 Pioque
1196 2703 1312 2750 impie

1081 2760 1270 2806 permixta
1301 2761 1441 2797 nomini

1028 2816 1107 2852 Nec
1138 2817 1315 2854 salutatio

1082 2872 1201 2911 defuit
1234 2874 1393 2914 crimini.
