2031 3289
278 294 343 332 61.

285 844 349 881 62.

278 1396 344 1432 63.

278 1947 343 1985 64.

274 2487 341 2524 65.

900 178 1208 219 —608—

391 293 521 338 Plane,
554 292 626 328 nisi
656 292 808 341 moriar,

444 352 567 385 tecum
598 359 672 385 non
703 347 910 396 quiescam,

391 404 495 451 Oci,
528 404 606 441 oci
636 404 834 441 clamitans

445 471 634 507 nunquam
666 460 926 506 conticescam,

389 516 450 554 Ab
483 516 554 554 hoc
585 516 776 554 desiderio

444 583 533 609 vere
563 584 636 610 non
667 576 870 619 tepescam,

390 630 726 675 Quantumcunque
765 628 850 674 plus
880 627 918 664 in
950 628 1021 665 hoc

447 685 598 722 saeculo
629 685 820 723 vilescam.

398 844 504 880 Tunc
533 846 575 878 ut
606 842 758 879 demens
790 841 978 879 clamitat:

449 898 603 935 veniant
633 898 806 946 lanistae,

393 954 464 1001 Qui
493 953 662 1000 adfigant
692 955 868 992 miseram

452 1011 554 1047 cruci
585 1014 685 1057 tuae,
717 1010 886 1057 Christe3

389 1067 477 1105 Erit
507 1067 604 1104 enim
637 1068 758 1103 exitus

451 1123 571 1160 dulcis
601 1123 693 1159 mihi
723 1124 807 1169 iste,

395 1180 434 1217 Si
466 1180 695 1226 complectar
725 1179 887 1217 moriens

451 1236 618 1283 propriis
648 1236 746 1272 ulnis
777 1240 827 1276 te.

392 1392 496 1432 Vere
526 1393 592 1437 sic,
624 1404 699 1430 non
731 1393 843 1430 aliter

446 1449 572 1487 rabies
605 1450 760 1497 doloris,

389 1506 469 1552 Qua
501 1517 566 1544 cor
595 1516 718 1542 meum
749 1505 906 1554 singulis

446 1563 662 1599 terebratur
692 1562 806 1609 horis,

389 1619 552 1656 Deliniri
583 1618 735 1665 poterit,

443 1675 517 1711 nisi
546 1679 600 1719 tu,
634 1675 799 1712 dulcoris

387 1732 490 1769 Fons
521 1731 730 1775 abundans,
762 1730 930 1768 medicus

444 1787 517 1824 mei
549 1787 600 1824 sis
631 1787 836 1834 languoris.

391 1945 489 1983 Sane
521 1945 641 1982 dulcis
672 1945 840 1983 medicus

447 2012 498 2047 es,
531 2002 592 2048 qui
624 2013 811 2048 nunquam
844 2003 992 2050 pungis,

393 2058 468 2097 Sed
499 2069 522 2095 a
552 2059 667 2095 corde
698 2058 828 2095 vitium

444 2114 582 2151 leniter
617 2115 806 2161 emungis,

390 2170 500 2217 Nam,
533 2181 625 2217 quos
655 2170 725 2207 tibi
755 2170 916 2208 firmiter

445 2237 513 2273 per
545 2238 709 2264 amorem
739 2227 876 2275 iungis,

390 2283 481 2320 Tuis
514 2283 803 2321 charismatibus

445 2350 595 2386 semper
625 2350 687 2378 eos
718 2340 840 2386 ungis.

388 2485 486 2532 Heu,
519 2497 627 2532 quam
663 2486 929 2523 damnabiliter

445 2542 605 2579 mundus
637 2547 694 2578 est
725 2547 910 2588 caecatus,

387 2599 457 2644 Qui
489 2609 571 2635 cum
603 2599 649 2635 sit
683 2598 730 2635 ab
762 2598 932 2635 hostibus

445 2654 527 2691 dire
557 2655 788 2704 vulneratus,

390 2710 501 2747 Hunc
533 2711 716 2747 detrectet
749 2711 946 2760 medicum,

448 2777 529 2803 cum
561 2767 608 2803 sit
640 2772 715 2804 tam
747 2772 912 2817 paratus,

387 2823 594 2869 Languidis
625 2823 799 2869 aperiens

444 2890 549 2915 suum
583 2879 692 2916 dulce
722 2880 841 2917 latus!

1093 294 1159 333 66.
1202 292 1300 340 Heu,
1337 303 1405 330 cur
1433 291 1616 330 beneficia

1263 348 1404 386 Christi
1434 348 1620 396 passionis

1206 406 1326 443 Penes
1356 409 1394 441 te
1423 405 1662 454 memoriter,¹

1262 461 1384 508 homo,
1416 472 1490 498 non
1522 459 1702 507 reponis?

1203 518 1278 555 Per
1307 517 1404 554 hanc
1435 517 1533 554 enim
1565 517 1666 563 rupti
1697 521 1788 554 sunt

1259 573 1384 619 laquei
1415 572 1632 621 praedonis,

1204 629 1278 666 Per
1307 629 1406 666 hanc
1437 629 1608 667 Christus
1639 630 1815 667 maximis

1260 689 1298 722 te
1326 686 1460 723 ditavit
1490 685 1610 725 bonis,

1095 843 1161 880 67.
1207 841 1281 879 Suo
1316 842 1456 890 quippe
1487 852 1646 889 corpore

1263 898 1481 945 languidum
1512 902 1549 934 te
1580 899 1698 947 pavit,

1206 955 1323 1000 Quem
1355 955 1393 991 in
1424 965 1491 992 suo
1521 955 1701 1001 sanguine

1263 1011 1380 1058 gratis
1410 1011 1615 1058 balneavit,

1207 1067 1298 1104 Post
1327 1067 1398 1104 hoc
1428 1078 1533 1104 suum
1566 1067 1675 1104 dulce
1705 1077 1770 1112 cor

1263 1123 1334 1160 tibi
1366 1123 1584 1169 denudavit,

1208 1180 1262 1218 Ut
1293 1180 1348 1216 sic
1377 1180 1644 1226 innotesceret,

1266 1239 1444 1282 quantum
1475 1240 1514 1273 te
1545 1236 1698 1274 amavit.

1093 1394 1157 1432 68.
1206 1394 1236 1431 O
1267 1404 1376 1440 quam
1409 1394 1518 1430 dulce
1549 1393 1736 1442 balneum,

1263 1460 1348 1487 esca
1379 1461 1488 1496 quam
1518 1451 1656 1498 suavis,

1207 1507 1310 1552 Quae
1336 1507 1497 1543 sumenti
1529 1507 1640 1553 digne
1671 1506 1716 1544 fis

1262 1563 1432 1609 paradisi
1464 1563 1602 1600 clavis!

1204 1619 1264 1665 Ei,
1295 1630 1404 1665 quem
1435 1623 1475 1656 tu
1506 1618 1641 1669 reficis,

1260 1675 1386 1712 nullus
1417 1675 1526 1712 labor
1555 1675 1693 1724 gravis,

1204 1732 1313 1769 Licet
1343 1732 1394 1768 sis
1427 1730 1581 1768 fastidio

1261 1788 1439 1825 cordibus
1469 1788 1629 1835 ignavis.

1094 1947 1158 1985 69.
1207 1946 1280 1984 Cor
1309 1946 1435 1993 ignavi
1465 1946 1651 1993 siquidem

1261 2002 1412 2039 minime
1444 2003 1659 2050 perpendit,

1204 2059 1266 2096 Ad
1309 2059 1400 2105 quid
1431 2059 1604 2096 Christus
1635 2070 1741 2097 suum
1769 2070 1836 2097 cor

1261 2115 1401 2152 homini
1432 2115 1611 2161 ostendit,

1205 2170 1327 2218 Super
1354 2171 1434 2208 alas
1464 2171 1627 2218 positum

1262 2228 1384 2264 crucis
1413 2238 1482 2264 nec
1512 2228 1685 2279 attendit,

1205 2284 1312 2330 Quod
1344 2284 1577 2321 reclinatorii

1260 2340 1361 2378 vices
1394 2339 1465 2377 hoc
1495 2340 1724 2387 praetendit.

1093 2488 1156 2525 70.
1200 2487 1284 2524 Hoc
1315 2487 1594 2524 reclinatorium

1261 2543 1432 2589 quotiens
1462 2547 1694 2581 monstratur

1206 2599 1296 2636 Piae
1325 2599 1452 2642 menti,
1483 2599 1621 2636 totiens

1259 2655 1291 2691 ei
1317 2655 1536 2703 glutinatur,

1202 2711 1251 2749 Et
1283 2711 1379 2749 sicut
1411 2711 1594 2757 accipiter

1260 2772 1359 2804 totus
1389 2767 1579 2804 inescatur

1204 2823 1326 2870 Super
1356 2834 1504 2860 carnem
1537 2822 1703 2873 rubeam,

1262 2891 1331 2926 per
1361 2891 1470 2926 quam
1502 2883 1711 2918 revocatur.
