2031 3289
984 183 1262 225 -76-

825 351 879 385 72.
915 351 996 393 (57.)
1029 349 1079 386 Do
1103 349 1217 386 Beata
1242 349 1362 385 Maria
1389 349 1430 385 V.

394 458 434 496 1.
466 457 555 503 Quis
586 461 643 493 est
672 457 746 503 hie,
1210 458 1247 495 3.
1278 457 1370 494 Mox
1402 467 1469 504 ego

466 513 536 560 Qui
567 513 692 559 pulsat
719 513 767 550 ad
798 513 947 558 ostium,
1279 512 1476 560 Dereliqui
1505 513 1696 562 lectulum,

468 570 600 606 Noctis
632 579 809 615 rumpens
841 569 1024 605 somnium
1279 569 1437 607 Cucurri
1467 570 1516 606 ad
1546 571 1751 618 pessulum,

467 626 531 663 Me
563 624 699 662 vocat?
734 637 754 661 0
1281 625 1335 663 Ut
1366 626 1506 663 dilecto

525 681 710 729 virginum
744 680 1011 730 pulcherrima,
1335 685 1417 718 tota
1448 682 1578 719 domus
1609 686 1751 729 pateat,

467 738 594 784 Soron
629 738 800 785 coniunx,
1282 738 1334 775 Et
1363 749 1468 775 mens
1499 749 1582 776 mea

524 804 669 839 gemma
699 793 1020 840 splendidissima,
1336 794 1554 840 plenissime
1585 795 1725 842 videat,

466 850 552 888 Cito
583 860 738 896 surgens
1281 851 1399 896 Quem
1430 851 1562 888 videre

523 906 643 952 aperi,
677 906 907 945 dulcissima.
1335 907 1497 944 maxime
1529 907 1733 946 desiderat.

394 1026 434 1063 2.
466 1025 549 1071 Ego
579 1035 659 1062 sum
1211 1026 1249 1063 4.
1281 1027 1333 1062 At
1364 1025 1429 1061 ille

469 1081 610 1118 Summi
641 1080 742 1128 regis
772 1080 884 1129 filius,
1053 1076 1055 1079 ’
1284 1083 1363 1118 lam
1394 1081 1484 1118 inde
1513 1082 1733 1126 transierat,

467 1138 619 1174 Primus
651 1142 688 1173 et
718 1137 955 1184 novissimus,
1285 1138 1430 1176 ostium
1462 1139 1669 1184 reliquerat

467 1194 538 1241 Qui
570 1195 616 1231 de
648 1193 761 1230 caelis
1283 1194 1382 1240 Quid
1414 1204 1502 1241 ergo
1533 1195 1601 1231 mi-

523 1251 561 1286 in
592 1251 660 1287 has
691 1250 776 1287 veni
806 1249 982 1287 tenebras
1342 1251 1513 1300 serrima7
1546 1251 1637 1297 quid
1669 1248 1862 1290 facerem?

468 1307 652 1344 Liberare
1282 1307 1538 1344 Lacrimando

526 1363 760 1409 captivorum
791 1363 946 1413 animas⁷
1340 1374 1420 1400 sum
1452 1368 1582 1401 secuta
1612 1364 1798 1411 iuvenem⁷

468 1421 606 1458 Passus
638 1425 794 1456 mortem
1282 1420 1419 1457 Manus
1449 1420 1553 1457 cuius

527 1483 561 1513 et
592 1477 729 1513 multas
760 1475 930 1515 iniurias,
1338 1477 1622 1523 plasmaverunt
1653 1475 1853 1513 hominem.

821 1597 857 1632 5.
890 1594 1033 1641 Vigiles

887 1651 1004 1688 Urbis
1035 1652 1261 1688 invenerunt
1290 1660 1361 1696 me,

889 1708 1211 1754 Exspoliaverunt
1241 1717 1313 1755 me,

886 1764 1140 1802 Abstulerant

945 1824 982 1857 et
1013 1821 1201 1858 dederunt
1232 1820 1402 1869 pallium,

888 1878 1148 1916 Cantaverunt

945 1934 1036 1971 mihi
1067 1945 1203 1971 novum
1235 1933 1436 1981 canticum,

889 1991 969 2036 Quo
999 1991 1037 2027 in
1069 1990 1168 2038 regis

945 2047 1107 2084 inducar
1136 2046 1333 2095 palatium.

448 2160 566 2200 Migne
590 2160 612 2191 l.
639 2170 666 2190 e.
693 2158 770 2192 939.
789 2178 832 2181 —
850 2160 927 2190 Von
953 2159 1084 2191 diesem
1100 2158 1208 2191 Liede
1236 2159 1300 2201 gilt
1323 2158 1480 2190 dasselbe
1505 2159 1570 2189 wie
1599 2167 1667 2188 von
1693 2157 1753 2188 der
1774 2158 1916 2197 V‹'›1·ig·eu

352 2206 532 2237 Nummer.

820 2337 874 2372 73.
912 2339 992 2379 (502)
1028 2338 1077 2373 De
1104 2337 1231 2373 sancto
1255 2335 1462 2372 Vincentio.

768 2446 801 2482 1.
835 2445 1000 2486 Caelum,
1033 2449 1149 2490 terra,
1182 2447 1333 2490 pontuS,
1364 2443 1508 2492 aethra,

893 2501 1042 2538 Pariter
1073 2501 1257 2537 elementa

836 2557 980 2595 Cuncta
1011 2562 1185 2605 promant
1214 2556 1480 2602 triumphalem

893 2614 1034 2651 Summi
1066 2614 1165 2660 rogis
1196 2613 1367 2661 gloriam,

838 2671 908 2716 Qui
939 2670 1057 2707 leonis
1088 2670 1269 2717 rugientis

948 2726 1106 2764 Rabiem

838 2785 912 2821 I‘er
943 2783 1136 2820 robustum
1166 2782 1402 2827 bellatorem,

948 2840 1038 2877 Mox
1072 2840 1251 2876 victorem

895 2896 1138 2935 conculcavit
1172 2896 1425 2933 Vincentium.
