1914 3223
97 261 167 302 ea,
197 259 342 298 Armati
372 259 434 306 qui
465 257 610 296 horruit

250 316 392 353 Nomen
425 315 564 360 Abner,

131 371 134 374 ’
197 373 333 410 Inermi
365 372 576 420 praevaluit

251 429 348 480 Tibi,
381 429 521 473 Abner,

100 556 168 593 721.
201 554 356 599 Milites,
388 553 543 590 militiae

253 610 391 648 Ducem
422 615 564 647 tantum

195 667 451 704 Lacrimantes
482 666 650 714 plangite

255 723 316 761 Sic
346 724 596 771 prostratum!

815 142 892 184 231

903 256 975 295 6b.
1010 257 1090 294 Nec
1119 257 1156 293 in
1190 256 1250 294 via
1280 256 1458 303 congredi

1061 313 1200 350 Tecum
1232 323 1355 358 ausus,

1007 371 1138 407 Portas
1168 367 1273 407 urbis
1304 369 1441 416 polluit

1062 428 1134 464 Per
1165 426 1234 464 hoc
1265 426 1400 466 scelus,

901 551 971 590 71).
1005 552 1201 598 Principes
1231 552 1397 588 iustitiae

1060 608 1217 646 Sumant
1248 609 1367 645 zelum

1004 665 1046 702 In
1078 669 1153 702 tam
1187 664 1420 702 exsecrabile

1061 722 1342 760 vindicandum.

177 834 238 875 2a,
264 834 286 868 4
311 836 394 868 Pars
419 836 504 868 eius.
529 854 571 859 —
598 833 658 871 4b,
684 832 705 865 3
730 835 766 866 iu
795 833 848 866 his
874 833 1004 865 foedus.

286 1037 367 1073 2⁴9.
403 1038 506 1079 (139.)
542 1037 732 1072 Planctus
759 1036 886 1072 David
914 1045 1034 1080 super
1059 1035 1151 1071 Saul
1179 1036 1219 1071 et
1244 1035 1432 1071 Ionatha.

103 1168 174 1205 1a.
206 1166 392 1204 Dolorum
425 1166 616 1213 solacium,

204 1223 391 1260 Laborum
425 1223 642 1266 remedium,

259 1280 344 1316 Mea
376 1279 464 1315 mihi
497 1279 641 1316 cithara

105 1395 175 1431 23.
208 1392 359 1438 Strages
387 1402 518 1438 magna
549 1391 690 1439 populi,

206 1448 317 1495 Regis
347 1459 446 1484 mors
477 1452 511 1484 et
543 1447 622 1493 filii,

264 1503 435 1542 Hostium
467 1504 636 1551 victoria,

107 1620 178 1655 321.
210 1617 391 1656 Amalech
422 1617 592 1662 invaluit,

203 1674 319 1713 Israel
353 1673 438 1710 dum
471 1674 632 1722 corruit3

259 1730 425 1768 infidelis
455 1730 586 1767 iubilat

316 1786 531 1835 Philistaea‚

260 1843 354 1881 Dum
387 1843 559 1880 lamentis
589 1843 729 1880 lacerat

312 1900 359 1937 Se
390 1900 540 1938 Iudaea.

103 2015 173 2050 43.
205 2013 320 2059 Quem
358 2013 516 2059 primum
550 2013 606 2049 his
638 2012 825 2060 praebuit,

203 2069 333 2106 Victus
364 2080 429 2107 rex
460 2069 644 2115 occubuit,

256 2125 359 2162 Talis
390 2130 446 2162 est
476 2126 608 2163 electio

313 2181 382 2219 Dei
413 2183 482 2229 sui,

255 2238 357 2275 Talis
387 2239 618 2276 consecratio

312 2295 418 2332 Vatis
448 2295 593 2342 magni!

105 2409 175 2444 ba.
207 2406 308 2454 Saul,
339 2418 465 2460 regum
497 2407 711 2454 fortissime,

202 2463 328 2500 Virtus
359 2464 498 2501 invicta
528 2465 718 2511 Ionathae,

201 2520 270 2565 Qui
302 2531 366 2557 vos
397 2522 563 2568 nequivit
594 2522 754 2569 vincere,

203 2576 408 2614 permissus
441 2582 495 2614 est
526 2578 710 2618 occidere.

104 2690 175 2727 Ga.
209 2689 295 2726 Plus
327 2688 445 2727 fratre
475 2691 578 2742 mihi,
610 2692 784 2738 Ionatha‚

201 2747 243 2784 In
274 2757 348 2784 una
378 2757 518 2784 mecum
551 2749 685 2794 anima,

200 2802 301 2847 Quae
335 2808 502 2849 peccata,
534 2815 628 2852 quae
658 2805 802 2843 scelera

202 2858 342 2897 Nostra
372 2860 565 2898 sciderunt
595 2861 758 2899 viscera!

908 1165 978 1204 lb.
1012 1165 1133 1211 Nunc,
1166 1175 1237 1211 quo
1268 1163 1388 1201 maior
1419 1163 1526 1201 dolor
1558 1167 1614 1200 est

1010 1222 1221 1268 lustiorque
1251 1231 1400 1257 maeror
1429 1224 1498 1265 est,

1066 1278 1154 1316 Plus
1185 1281 1242 1314 est
1272 1278 1499 1315 necessaria.

906 1391 980 1430 2b.
1013 1390 1159 1428 Ducum
1191 1390 1387 1434 desolatio,

1011 1447 1119 1493 Vulgi
1151 1447 1365 1493 desperatio

1066 1503 1187 1540 Luctu
1217 1503 1366 1550 replent
1395 1503 1532 1543 omnia.

907 1618 928 1653 :3
944 1617 980 1655 b.
1014 1617 1176 1654 Insultat
1203 1615 1379 1653 fidelibus

1008 1672 1179 1710 Infidelis
1210 1674 1383 1722 populus,

1064 1730 1108 1767 In
1139 1730 1317 1767 honorem
1350 1730 1550 1767 maximum

1121 1786 1234 1824 Plebs
1262 1787 1436 1834 adversa,

1065 1844 1107 1880 In
1141 1843 1304 1880 derisum
1334 1845 1498 1881 omnium

1123 1900 1186 1937 Fit
1217 1900 1351 1939 divisa.

905 2013 979 2053 4b.
1012 2013 1242 2051 Insultantes
1272 2014 1468 2063 inquiunt3

1008 2071 1120 2114 Ecce,
1159 2070 1206 2107 de
1236 2081 1309 2117 quo
1340 2070 1525 2118 garriunt,

1067 2127 1237 2173 Qualiter
1267 2127 1334 2164 hos
1365 2127 1537 2175 prodidit

1122 2184 1223 2221 Deus
1255 2194 1356 2231 suus,

1066 2240 1163 2277 Dum
1193 2251 1216 2277 a
1247 2241 1376 2277 multis
1407 2239 1547 2277 occidit

1119 2297 1189 2334 Dis
1219 2301 1444 2344 prostratus.

904 2413 926 2449 5
946 2409 980 2446 b.
1012 2410 1128 2459 Quasi
1158 2421 1231 2447 non
1264 2414 1363 2448 esset
1392 2411 1475 2448 oleo

1006 2467 1257 2505 Consecratus
1291 2467 1488 2513 dominico,

1006 2523 1196 2562 Scelestae
1228 2535 1358 2561 manus
1388 2524 1515 2572 gladio

1007 2581 1202 2628 Iugulatur
1232 2580 1271 2617 iu
1302 2581 1462 2628 proelio.

907 2693 979 2732 6b.
1013 2695 1213 2742 Expertes,
1245 2697 1389 2732 montes
1420 2694 1576 2741 Gelbae,

1011 2751 1121 2788 Roris
1152 2751 1234 2787 sitis
1267 2754 1302 2787 et
1334 2751 1496 2798 pluviae,

1009 2807 1090 2844 Nec
1120 2818 1293 2854 agrorum
1325 2807 1516 2854 primitiae

1015 2865 1151 2902 Vestro
1181 2870 1403 2902 succurrant
1433 2865 1591 2907 incolae,
