2031 3289
924 181 1232 221 —262—

488 298 539 336 .7.
573 296 795 334 Adveniunt
825 295 972 342 pariter
997 305 1142 331 necnon
1173 294 1400 331 comitantur
1430 297 1578 331 euntem

629 352 824 399 Perspicui
856 350 1008 396 fratres,
1041 350 1201 397 angelici
1233 360 1422 397 proceres.

570 409 642 454 Qui
674 408 794 445 sancti
827 405 1009 444 feretrum
1040 407 1377 443 circumvolitando
1408 405 1559 444 beatum

625 465 785 502 Alarum
818 474 987 511 expansu
1016 463 1183 509 undique
1213 462 1382 499 membra
1412 466 1556 509 tegunt.

504 567 541 604 8.
573 564 668 601 Inde
698 563 966 609 Columbanus‚
998 568 1127 600 noster
1156 566 1266 610 pater
1295 568 1407 610 atque
1437 563 1626 613 magister,

626 620 792 667 Alpibus
822 620 991 656 excursis
1019 619 1206 666 aeriisque
1236 619 1307 655 viis

569 676 644 714 Hic
675 676 800 713 aderit
829 686 1009 724 praesens
1039 675 1253 722 alacrisque
1282 675 1331 712 ad
1362 676 1501 722 gaudia
1530 679 1636 713 tanta

628 732 792 779 Agmina
822 731 1015 778 coniungit
1046 732 1261 768 consociata
1291 732 1415 769 simul.

506 836 544 874 9.
577 834 863 881 Coniunguntur
894 833 929 870 ei
960 834 1101 870 celeres
1133 843 1357 881 gressusque
1389 832 1549 880 fatigant

627 891 722 928 Tres
753 900 899 937 quoque
930 889 1163 927 Francorum
1195 889 1435 937 Scottigenae
1465 890 1619 937 pariles,

571 948 672 994 Quos
704 946 866 984 volitans
892 945 993 983 fama
1023 946 1211 983 asciscens
1242 947 1289 984 ad
1322 947 1461 992 gaudia
1490 950 1595 984 tanta

629 1003 766 1042 Unitos
797 1003 939 1040 tulerat
970 1002 1144 1040 dulcibus
1175 1002 1377 1050 obsequiis.

493 1107 558 1145 10.
589 1105 731 1143 Obvius
761 1104 848 1141 hinc
877 1104 1053 1152 proprios
1084 1104 1217 1142 Gallus
1247 1104 1425 1152 producit
1455 1104 1623 1142 alumnos

631 1161 797 1208 Longius
828 1172 987 1198 occursu
1017 1160 1251 1208 adpropians
1282 1161 1432 1208 rapido.

573 1220 684 1257 Hunc
715 1218 854 1254 circum
886 1217 1050 1254 medium
1082 1217 1291 1254 numerosis
1324 1217 1492 1254 coetibus
1523 1222 1655 1254 auctus

631 1274 823 1312 Densatur
850 1274 993 1312 nitidus
1025 1273 1244 1311 caelicolum
1275 1274 1451 1321 populus.

478 1378 541 1417 11.
573 1377 711 1415 Omnes
742 1376 805 1423 qui
835 1376 981 1424 pariter
1010 1379 1141 1413 sancta
1171 1380 1209 1412 te
1239 1386 1330 1412 voce
1360 1376 1527 1413 salutant

633 1433 684 1471 Et
714 1434 891 1481 proprios
917 1432 1030 1482 lares,
1063 1433 1261 1479 Magne,
1293 1431 1422 1469 subire
1452 1437 1598 1481 rogant,

576 1490 639 1539 Ut,
673 1500 766 1537 quos
797 1489 984 1527 aethereis
1014 1488 1153 1526 retinet
1181 1489 1389 1526 communio
1419 1489 1583 1536 templis,

633 1546 708 1584 Hic
737 1556 884 1593 quoque
912 1545 1097 1584 consortis
1127 1546 1255 1592 iungat
1286 1545 1439 1582 honoris
1470 1556 1588 1585 amor.

479 1651 543 1688 12.
575 1649 728 1687 Interea
758 1646 920 1685 Ottmari
950 1646 1162 1694 praestabit
1192 1656 1282 1684 cura
1312 1645 1428 1693 beati,

635 1704 785 1742 Mansio
817 1707 1033 1740 constructa
1063 1713 1210 1750 quoque
1239 1708 1375 1750 parata
1405 1701 1485 1749 fiat,

578 1761 632 1800 Ut
660 1760 714 1798 nil
746 1760 947 1807 displiceat
977 1760 1162 1796 venientis
1191 1759 1354 1807 hospitis
1383 1760 1453 1806 ori,

637 1817 771 1855 Omnia
802 1816 1018 1864 splendenti
1050 1816 1117 1853 sed
1148 1815 1294 1853 niteant
1323 1814 1431 1853 facie.

399 1930 503 1972 Trop.
532 1939 595 1960 me.
629 1929 857 1971 Sangallense
891 1939 979 1960 saec.
1014 1925 1100 1960 ¹⁰l11.
1150 1927 1232 1959 cod.
1258 1927 1459 1969 Sangallen.
1483 1925 1559 1960 381.
1584 1944 1628 1948 —
1652 1928 1702 1958 Zu
1731 1926 1862 1958 diesem

309 1975 476 2009 Gedichte
502 1974 659 2006 bemerkt
676 1974 837 2006 Canisius
860 1974 978 2010 (bezw.
999 1972 1154 2012 Metzler)
1170 1973 1212 2011 V,
1238 1971 1322 2004 753:
1349 1973 1497 2013 „Incerti
1522 1973 1685 2010 auctoris,
1703 1970 1863 2003 monachi

309 2029 425 2053 tamen
449 2021 484 2052 S.
502 2020 596 2052 Galli
621 2023 736 2062 atque,
762 2023 801 2051 ut
824 2019 962 2050 videtur
985 2019 1248 2050 Hartmanni
1275 2022 1413 2059 propter
1437 2017 1605 2060 quosdam
1630 2018 1705 2049 eius
1730 2027 1864 2055 versus,

310 2077 396 2109 quos
428 2066 534 2097 habet
564 2066 668 2096 etiarn
702 2066 738 2096 in
771 2065 897 2096 litania
921 2061 1068 2095 Humili
1086 2061 1221 2104 prece“.
1270 2064 1358 2094 Dem
1386 2062 1543 2095 schliesst
1571 2062 1644 2094 sich
1670 2062 1862 2104 Schubiger

311 2123 364 2151 an,
392 2109 647 2153 Siingerschule
671 2107 725 2149 34,
751 2121 784 2142 n.
811 2108 831 2141 2
856 2110 925 2141 und
950 2109 1131 2141 zweifelnd
1155 2109 1335 2140 Diimmler
1360 2109 1401 2140 N.
1428 2109 1467 2139 A.
1493 2109 1515 2140 l.
1541 2119 1569 2140 c.
1595 2109 1654 2140 Nr.
1680 2108 1738 2140 VI.

482 2278 562 2313 198.
598 2278 678 2319 (11.)
714 2278 759 2312 In
784 2277 1046 2321 Susceptione
1072 2276 1348 2319 Reliquiarmn
1373 2275 1513 2311 Sancti
1538 2275 1687 2319 Magni.

584 2383 630 2422 R.
671 2383 797 2430 Miles,
830 2383 879 2420 ad
911 2387 1072 2420 castrum
1107 2391 1288 2429 properes
1320 2381 1509 2420 novellum

671 2440 824 2477 Pridem
847 2445 892 2476 'et
922 2442 1030 2476 notos
1062 2442 1212 2485 repetas
1243 2437 1409 2483 locellos,

672 2496 830 2534 Posside
861 2500 1000 2532 terram
1032 2494 1101 2531 tibi
1133 2500 1413 2541 praeparatam,
1992 2517 1995 2529 .

671 2554 763 2602 Iam,
797 2563 920 2590 comes
952 2551 1066 2596 Galli,
1098 2551 1244 2588 sociare
1274 2551 1344 2588 illi.
1951 2558 1955 2563 ·
1992 2531 1995 2575 Ι

332 2668 367 2705 1.
400 2666 478 2704 Nos
509 2677 588 2712 sua,
620 2667 772 2715 Magne,
1141 2665 1178 2703 2.
1211 2664 1321 2701 Nunc
1351 2663 1479 2700 studet
1508 2663 1572 2700 ille

402 2723 562 2769 Pignora
592 2722 724 2760 Gallus
1212 2721 1289 2758 Rus
1320 2721 1548 2767 laquearque

401 2779 561 2816 Miserat
590 2780 638 2816 ad
669 2784 707 2815 te
1210 2777 1264 2813 Te
1292 2777 1465 2813 veniente

402 2836 528 2882 'seque
559 2836 687 2872 venire
1213 2834 1369 2871 Comere
1399 2833 1513 2879 laute,

402 2892 552 2939 Oppido
583 2893 717 2939 poscit.
1213 2889 1276 2926 Nil
1309 2888 1520 2927 remoreris.
