2031 3289
393 256 432 294 5.

391 520 426 555 6.

369 1592 432 1630 10.

370 1865 432 1904 11.

370 2137 432 2174 12.

372 2407 436 2446 13.

376 2680 437 2717 14.

969 139 1274 179 —104—

465 254 695 300 Laetamque
726 253 826 290 vitae
855 253 1005 289 ianuam

468 310 604 347 Pandit
635 309 855 355 redemptor
885 308 1072 355 omnibus,

464 367 563 412 Quos
595 366 656 402 lex
687 375 815 402 amara
847 365 1014 411 corporis

464 423 550 459 Vita
583 422 665 468 pios
697 421 928 467 privaverat.

460 517 489 554 Ο
520 517 616 553 mira
646 526 771 552 rerum
805 515 977 553 claritas!

460 572 638 609 Miranda
668 572 867 609 salvatoris
899 578 955 609 est

463 628 602 674 Virtus,
634 629 794 676 gemella
824 628 943 675 gratia

460 685 562 730 Quae
592 695 708 732 regna
736 685 804 721 leti
836 685 1006 723 destruit.

420 810 428 818 .
464 780 559 817 Nam
589 780 772 827 plurimos
803 780 850 816 ab
880 778 993 816 inferi

460 837 586 873 Portis
617 837 769 873 reduxit
800 836 950 882 spiritu,

460 892 602 931 Multos
633 900 669 929 et
699 893 782 939 ipso
814 902 970 940 corpore

459 949 515 985 De
547 948 656 986 fauce
689 949 821 986 mortis
853 949 962 994 eruit,

420 1079 427 1088 .
463 1050 659 1096 Surgentis
690 1053 732 1086 ut
763 1050 810 1086 de
839 1049 997 1086 mortuis

464 1106 606 1144 Christi
637 1110 816 1143 sonarent
846 1106 984 1153 gaudia

462 1162 577 1201 Binos
607 1163 741 1199 choros
772 1162 966 1209 paschalia

463 1219 551 1257 Vita
578 1229 675 1256 nova
702 1219 936 1265 laetantium,

423 1350 430 1359 .
464 1320 581 1358 Binae
613 1320 785 1357 cohortes
817 1320 970 1357 aethera

465 1376 655 1414 Christum
672 1381 823 1414 secutae
845 1377 1093 1414 ascenderent

463 1433 653 1480 Sedesque
685 1434 789 1471 caelo
820 1439 998 1480 perpetes

466 1490 571 1527 Inter
601 1495 774 1527 tenerent
804 1490 971 1537 angelos,

465 1591 576 1628 Hunc
606 1601 694 1638 ergo
726 1591 850 1628 cuncti
881 1593 1053 1629 consonis

462 1647 571 1685 Diem
602 1646 767 1685 feramus
797 1648 987 1695 laudibus,

466 1704 595 1742 Victor
625 1705 722 1751 petit
752 1716 823 1751 quo
856 1703 991 1752 fulgidi

463 1762 567 1798 Iesus
599 1761 751 1808 Olympi
781 1761 925 1798 ianuas

466 1866 545 1911 Quo
577 1864 685 1901 nobis
715 1864 798 1911 ipse
825 1864 925 1911 apud
944 1868 1089 1911 patrem

465 1920 610 1958 Thoros
643 1920 771 1960 beatos
803 1921 979 1968 praevius

465 1979 523 2015 Ac
553 1977 766 2014 mansiones
797 1977 979 2024 plurimas

466 2034 618 2072 Paravit
649 2038 780 2070 auctor
808 2034 985 2073 aetheris,

463 2136 542 2182 Quo
573 2140 651 2173 tota
681 2135 987 2183 praecedentium

464 2193 499 2230 A
530 2192 680 2230 saeculo
711 2192 879 2229 fidelium

466 2250 628 2288 Caterva
660 2249 753 2287 caeli
781 2249 922 2297 regiam

468 2306 663 2344 Pandente
695 2305 847 2343 Christo
877 2305 1004 2345 subiit.

469 2407 590 2446 Erant
619 2407 657 2444 in
688 2407 906 2445 admirabili

468 2464 580 2511 Regis
611 2463 801 2511 triumpho
832 2464 1029 2501 altithroni

468 2520 604 2559 Coetus
636 2521 745 2557 simul
777 2520 994 2558 caelestium

466 2576 596 2614 Polum
623 2581 795 2624 petentes
825 2578 1026 2624 agminum.

470 2678 646 2725 Apostoli
676 2682 753 2715 tum
785 2678 944 2725 mystico

467 2735 510 2771 In
549 2739 674 2772 monte
706 2739 848 2772 stantes
880 2734 1095 2771 chrismatis

466 2791 557 2829 Cum
590 2797 710 2828 matre
741 2792 880 2828 claram
913 2791 1057 2838 virgine

466 2847 549 2884 Iesu
583 2847 761 2886 videbant
793 2848 964 2894 gloriam.

1178 254 1239 292 15.

1173 518 1236 555 16.

1176 781 1240 818 17.

1178 1051 1240 1088 18.

1182 1322 1244 1358 19.

1179 1593 1244 1630 20.

1177 1866 1243 1903 21.

1180 2410 1245 2446 23.

1187 2679 1249 2717 24.

1273 254 1331 290 Ac
1360 254 1552 300 prosecuti
1582 254 1721 290 lumine

1276 309 1392 346 Laeto
1423 314 1614 356 petentem
1645 310 1772 347 sidera

1277 365 1404 402 Laetis
1435 376 1502 412 per
1533 377 1644 403 auras
1674 366 1851 403 cordibus

1277 422 1433 459 Duxere
1463 432 1587 469 regem
1619 422 1772 476 saeculi.

1271 517 1369 562 Quos
1400 517 1632 564 alloquentes
1664 518 1814 565 angeli:

1270 573 1369 618 Quid
1405 578 1509 610 astra
1538 578 1681 611 stantes
1713 572 1898 613 cernitis?

1271 629 1446 666 Salvator
1475 629 1538 666 hic
1568 634 1636 675 est,
1669 630 1853 676 inquiunt,

1271 686 1387 731 Iesus,
1418 686 1609 732 triumpho
1639 685 1757 723 nobili

1273 782 1307 817 A
1338 781 1444 818 vobis
1475 781 1524 818 ad
1555 781 1733 818 caelestia

1272 837 1342 883 Qui
1358 847 1473 884 regna
1489 848 1588 874 nunc
1603 841 1817 884 assumptus
1829 842 1898 887 est,

1276 893 1462 930 Venturus
1492 893 1582 931 inde
1613 894 1753 931 saeculi

1274 951 1318 986 In
1349 949 1424 986 fine
1454 950 1568 987 iudex
1599 951 1775 990 omnium.

1278 1051 1380 1087 Haec
1412 1050 1598 1095 dixerant,
1631 1054 1669 1089 et
1689 1062 1763 1088 non
1784 1063 1900 1100 mora,

1274 1107 1395 1143 Iuncti
1426 1107 1549 1143 choris
1580 1105 1756 1144 felicibus

1276 1163 1368 1201 Cum
1400 1173 1487 1210 rege
1518 1174 1646 1210 regum
1677 1164 1794 1201 lucidi

1275 1219 1400 1256 Portis
1431 1220 1583 1266 Olympi
1623 1220 1900 1267 adproximant.

1279 1321 1429 1358 Emissa
1459 1326 1548 1358 tunc
1579 1332 1651 1359 vox
1681 1322 1827 1369 angeli:

1279 1378 1424 1421 Portas,
1458 1377 1521 1425 ait,
1555 1388 1653 1414 nunc
1683 1378 1852 1426 pandite,
1900 1420 1901 1423 Ἰ

1279 1434 1330 1472 Et
1360 1434 1532 1472 introibit
1561 1434 1729 1481 perpetis

1280 1490 1365 1527 Dux
1396 1491 1502 1537 pacis
1533 1495 1570 1527 et
1600 1501 1666 1527 rex
1696 1491 1852 1539 gloriae.

1280 1592 1490 1638 Respondit
1524 1592 1616 1629 haec
1646 1592 1694 1629 ab
1726 1592 1866 1629 intimis

1280 1650 1362 1686 Vox
1402 1648 1508 1685 urbis
1539 1649 1660 1686 almae
1689 1648 1902 1687 moenibus:

1276 1705 1365 1750 Quis
1394 1705 1465 1741 iste
1495 1715 1561 1742 rex
1593 1709 1649 1742 est
1679 1705 1833 1752 gloriae,

1276 1763 1395 1799 Intret
1426 1762 1504 1808 poli
1535 1762 1597 1808 qui
1628 1760 1790 1801 ianuas?

1278 1864 1355 1901 Nos
1386 1873 1536 1911 semper
1566 1864 1603 1901 in
1636 1863 1860 1901 caelestibus

1276 1921 1465 1959 Christum
1493 1921 1656 1958 solemus
1688 1930 1842 1957 cernere

1275 1977 1324 2014 Et
1357 1977 1435 2014 eius
1465 1988 1539 2013 una
1570 1987 1652 2014 cum
1683 1982 1791 2025 patre
1839 2022 1842 2024 Ὗ

1278 2033 1364 2071 Pari
1395 2033 1550 2070 beamur
1579 2033 1712 2081 gloria.

1237 2165 1245 2174 .
1277 2137 1328 2172 At
1360 2145 1497 2182 praeco
1527 2137 1652 2182 magni
1681 2134 1815 2172 iudicis

1276 2192 1458 2229 Dominus
1481 2196 1614 2237 potens
1633 2195 1668 2228 et
1691 2189 1800 2228 fortis
1826 2193 1893 2234 est,

1276 2249 1347 2294 Qui
1377 2248 1511 2285 stravit
1545 2252 1665 2285 atrum
1697 2247 1734 2284 in
1757 2246 1898 2294 proelio

1275 2305 1412 2342 Mundi
1424 2305 1660 2351 triumphans
1678 2303 1898 2351 principem.

1279 2408 1520 2453 Quapropter
1549 2405 1759 2451 elevamini,

1279 2465 1414 2501 Portae
1445 2463 1621 2509 perennis
1651 2461 1825 2511 aetheris,

1277 2521 1446 2557 Introeat
1478 2529 1544 2556 rex
1575 2519 1728 2565 gloriae,

1279 2576 1437 2614 Virtutis
1468 2580 1579 2622 atque
1609 2575 1765 2622 gratiae.

1284 2677 1426 2714 Mirata
1456 2677 1581 2714 adhuc
1611 2675 1824 2713 caelestium

1282 2733 1453 2779 Requirit
1485 2733 1571 2770 aula
1602 2733 1759 2770 civium:

1280 2789 1381 2836 Quis,
1414 2789 1546 2836 iuquit,
1579 2793 1636 2826 est
1657 2799 1723 2826 rex
1744 2787 1896 2834 gloriae,

1280 2846 1359 2883 Rex
1391 2846 1462 2882 iste
1490 2850 1565 2882 tam
1596 2840 1829 2883 laudabilis?

1866 3138 2031 3289 Δ
