2031 3289
933 217 1240 260 —622—

301 332 348 372 V.
385 331 438 370 Ut
466 329 549 376 ipse
579 333 688 377 rogat
717 330 919 368 Dominum

387 387 464 425 Pro
494 385 602 422 nobis
633 385 853 436 efficaciter,

387 441 495 489 Quod
525 441 576 479 ad
606 446 800 480 aeternam
830 444 988 491 gloriam

387 499 576 537 Perducat
605 510 672 536 nos
704 497 880 540 feliciter.

384 589 473 627 Fuit
503 589 656 635 praesul
684 589 884 627 Odelricus

383 645 573 682 Maximus
605 644 677 681 Dei
707 646 862 693 amicus,

383 702 540 747 Viridis,
572 711 647 737 non
679 713 804 738 ramus
835 703 970 751 siccus,

383 758 523 804 Bonus,
557 756 674 794 bonas
706 757 831 795 ferens
862 758 967 808 ficus,

381 815 501 861 Quem
533 814 678 860 recepit
707 815 801 851 caeli
832 816 949 857 vicus,
1021 836 1029 843 -

299 903 343 941 V.
380 903 453 939 Hic
484 914 506 940 a
537 904 682 942 cunctis
713 904 890 942 fidelibus

380 959 616 997 Reverenter
646 960 903 1008 honorandus,

381 1014 646 1053 Sanctissimus
678 1017 739 1053 hic
769 1017 941 1064 pontifex

381 1071 582 1110 Odelricus
612 1076 668 1110 est
698 1074 925 1115 laudandus.

377 1161 578 1199 Odelricus
611 1163 793 1202 exuberat

378 1218 537 1256 Pietatis
568 1219 759 1267 operibus,

376 1275 446 1321 Qui
479 1275 607 1322 largas
639 1276 874 1324 elemosynas

376 1330 524 1377 Largus
560 1332 676 1369 donat
706 1334 938 1380 pauperibus

375 1387 427 1424 Et
454 1388 658 1434 hospitalis
690 1390 834 1437 colligit

376 1444 636 1491 Vagabundos
667 1446 705 1482 in
738 1447 922 1487 domibus.

291 1533 336 1572 V.
371 1533 494 1583 Felix,
529 1537 592 1583 qui
623 1548 738 1584 super
767 1548 954 1585 pauperes

290 1975 309 2013 1

379 1592 475 1629 Toto
504 1594 620 1630 corde
650 1595 839 1642 intelligit,

373 1647 459 1685 Non
491 1648 672 1687 habentes
703 1651 908 1698 hospitium

375 1704 418 1740 In
450 1715 518 1742 sua
551 1707 660 1744 domo
692 1708 847 1755 colligit.

479 1830 497 1866 I
509 1841 534 1866 n
573 1830 606 1866 L
618 1842 638 1868 a
648 1842 672 1867 u
686 1831 731 1868 di
743 1831 766 1868 b
779 1842 801 1868 u
813 1842 843 1872 S.

537 1894 783 1938 Antiphoowe.

318 2005 325 2013 .
359 1975 576 2013 Odelricum
607 1977 791 2016 Dominus

425 2033 558 2069 Induit
589 2033 824 2085 fortitudine,

371 2089 590 2126 Praecinxit
620 2091 823 2129 virtutibus

425 2146 469 2182 In
500 2147 849 2187 omnicertamine.

370 2236 505 2275 Cuncti
535 2236 666 2274 fideles
697 2238 840 2286 populi,

425 2293 507 2330 Deo
538 2298 668 2331 nostro
698 2294 867 2346 iubilate,

369 2349 517 2387 Servite
548 2350 585 2386 in
617 2351 774 2399 laetitia,

426 2406 643 2445 Odelricum
674 2408 869 2447 honorate.

367 2497 567 2535 Odelricus
599 2497 647 2534 ad
678 2497 881 2536 Dominum

425 2555 585 2592 Sanctus
618 2553 664 2590 de
695 2554 777 2591 luce
808 2555 952 2604 vigilat,

364 2611 432 2657 Qui
464 2609 554 2648 fidei
586 2614 623 2646 et
653 2621 808 2657 operum

422 2666 634 2714 Splendore
665 2667 789 2704 clarus
820 2668 963 2708 rutilat.

363 2757 586 2794 Benedicite
616 2757 791 2803 Domino,

422 2814 541 2860 Caeli,
575 2818 688 2864 terra,
723 2814 854 2862 maria,

362 2869 431 2914 Qui
463 2870 640 2908 Odelrico
672 2871 838 2918 praesuli

415 2925 544 2972 Regno
577 2927 642 2964 dat
673 2927 862 2968 caelestia.

1119 334 1158 373 5.
1208 333 1253 370 In
1283 333 1450 372 Odelrici
1480 337 1668 382 praesulis

1257 389 1374 428 Festo
1403 391 1532 429 laudet
1562 393 1601 430 in
1629 397 1812 442 tympano

1201 444 1322 482 Deum
1353 446 1478 485 fidelis
1508 449 1682 497 populus,

1257 502 1302 539 In
1334 504 1516 550 cymbalis
1548 509 1585 541 et
1615 516 1769 553 organo.

1328 611 1389 645 Acl
1412 611 1640 648 Benedictus.

1153 719 1162 730 .
1198 691 1382 730 Dominus
1413 694 1516 732 Deus
1547 697 1680 743 Israel,

1255 749 1485 787 Benedictus
1515 762 1584 798 per
1613 754 1749 800 omnia,

1199 804 1414 843 Odelricum
1445 808 1662 854 pontificem

1255 861 1459 900 Benedixit
1488 864 1527 901 in
1558 866 1683 911 patria

1195 917 1248 954 Et
1278 918 1351 955 sibi
1383 919 1491 957 dedit
1520 920 1668 968 perfrui

1255 975 1365 1012 Vitae
1394 979 1572 1023 perennis
1602 979 1735 1025 gloria.

1267 1098 1321 1135 In
1363 1101 1400 1138 2.
1442 1101 1699 1148 Vesperis.

1363 1163 1606 1207 Antiphonae.

1138 1274 1147 1284 .
1194 1244 1392 1282 Odelricus
1423 1247 1649 1286 iustissimus

1250 1302 1294 1338 In
1325 1307 1480 1341 aeterna
1510 1305 1689 1343 memoria

1193 1356 1280 1395 Non
1309 1357 1358 1395 ab
1389 1360 1521 1398 auditu
1550 1365 1719 1400 metuens

1247 1414 1352 1452 Malo
1383 1417 1523 1462 gaudet
1551 1418 1590 1455 in
1620 1419 1758 1465 patria.

1137 1531 1147 1541 .
1190 1503 1380 1555 Odelrice,
1411 1506 1644 1552 praesidium

1249 1560 1368 1598 Tuum
1402 1563 1451 1600 da
1480 1563 1554 1600 tuis
1585 1563 1748 1616 famulis,

1194 1616 1336 1654 Libera
1366 1618 1439 1665 piis
1470 1620 1646 1666 precibus

1249 1673 1328 1710 Nos
1360 1686 1381 1711 a
1408 1677 1553 1714 cunctis
1583 1678 1775 1724 periculis.

1137 1792 1146 1803 .
1192 1763 1382 1814 odelrice,
1415 1776 1505 1813 roga
1536 1767 1740 1814 Christum,

1192 1820 1245 1858 Ut
1275 1827 1461 1868 expurget
1481 1824 1659 1860 mundum
1681 1824 1794 1862 istum

1191 1878 1227 1914 A
1258 1877 1435 1915 vitiorum
1466 1879 1642 1917 sordibus

1193 1932 1450 1981 Informetque
1481 1936 1697 1976 virtutibus

1135 2051 1144 2062 .
1196 2023 1372 2061 Festivas
1403 2036 1472 2072 age
1503 2027 1659 2076 gratias,

1246 2080 1556 2119 Christicolarum
1588 2083 1722 2135 contio,

1190 2137 1234 2174 In
1266 2137 1434 2174 Odelrici
1464 2139 1650 2186 praesulis

1246 2192 1401 2231 Festivo
1434 2196 1619 2235 natalitio.

1129 2313 1138 2323 .
1185 2283 1375 2332 Odelrice,
1405 2295 1625 2322 succurrere

1241 2339 1423 2388 Digneris
1454 2342 1527 2379 tuis
1557 2343 1735 2389 precibus

1183 2396 1274 2434 Tuis
1307 2397 1454 2435 devotis
1484 2399 1644 2437 servulis

1240 2453 1361 2491 Tuum
1392 2453 1528 2492 festum
1559 2456 1781 2497 colentibus.

1312 2563 1373 2596 Aa
1398 2562 1462 2596 Ma
1465 2564 1554 2608 ym'fi
1558 2568 1624 2599 cat.

1133 2673 1142 2684 .
1183 2645 1360 2686 Odelrice
1390 2646 1601 2694 magnificis

1179 2700 1384 2750 Magnifica
1415 2703 1627 2750 praeconiis

1180 2760 1385 2803 Christum,
1417 2760 1480 2806 qui
1512 2765 1548 2796 te
1580 2761 1796 2808 magnificat

1178 2819 1270 2858 Cum
1303 2815 1477 2863 gloriosis
1506 2819 1685 2863 praemiis

1179 2875 1419 2913 Associatum
1451 2874 1598 2920 superis

1176 2932 1379 2969 Beatorum
1413 2931 1592 2978 collegiis.

1940 2514 1952 2758 ss

1928 2853 1991 3090 ᾗ

1968 3090 1993 3289 l
