1914 3223
7 376 16 398 1

210 277 241 320 1,
269 276 284 310 1
313 278 442 310 femina
468 279 534 311 BF.
557 296 601 302 —-
622 277 649 317 l,
675 277 696 310 2
720 281 818 322 virgo
844 284 1009 322 perpetua
1029 281 1067 312 A.
1086 300 1129 305 —
1151 281 1178 318 1,
1203 281 1225 313 4
1250 284 1323 322 Qui¹
1349 283 1436 314 caeli
1455 282 1534 322 AE;
1561 285 1682 325 patent

115 325 222 373 ianua
245 323 284 356 A.
312 341 356 346 —
380 321 411 361 2,
437 321 458 356 3
482 324 559 356 Tua
584 335 645 366 pro
671 329 784 357 mente
809 325 848 356 A.
877 343 918 348 -—
943 327 983 358 In
1010 327 1038 358 E
1065 338 1126 359 vor
1151 331 1218 360 Str.
1234 326 1286 366 3.·

661 414 778 451 Laeta,
806 416 934 456 regina,
963 417 1152 457 parvulum,

659 459 800 491 Aeterni
826 462 916 502 regis
943 461 1061 495 filium.

658 505 767 536 Laeta
794 510 928 537 sacrato
956 507 1069 541 ubere,

660 550 727 589 Qui
753 554 785 581 te
813 553 983 583 concessit
1008 555 1136 584 vivere.

118 640 224 672 Dann
249 639 370 672 Gloria
394 639 460 671 tibi
490 639 639 671 Domine
665 643 728 671 etc.
755 657 797 662 —
824 640 922 672 Steht
947 638 994 672 ad
1022 639 1165 673 Semtam
1191 643 1231 677 A.

522 853 527 859 ·
591 841 645 877 27.
681 841 761 884 (12.)
798 842 846 877 De
872 841 987 877 Beata
1012 841 1137 878 Maria
1164 843 1204 879 V.

718 923 771 955 Ad
798 923 1078 966 Completorium.

143 1049 180 1088 1‘.
211 1048 349 1096 Maria,
380 1048 486 1096 virgo
517 1049 634 1096 regia,
954 1052 991 1089 2.
1024 1051 1081 1087 Tu
1111 1062 1179 1088 nos
1210 1052 1339 1090 avulso
1373 1053 1488 1089 veteri

206 1105 332 1143 David
361 1105 481 1152 stirpe
511 1104 725 1155 progenita,
1026 1106 1250 1154 Complanta
1280 1120 1375 1146 novo
1407 1109 1578 1156 germini,

207 1161 293 1199 Non
322 1166 398 1199 tam
430 1166 590 1209 paterna
620 1161 760 1198 nobilis
1026 1164 1100 1201 Per
1129 1169 1166 1201 te
1197 1165 1245 1201 sit
1275 1175 1391 1212 genus
1420 1166 1610 1203 hominum

209 1218 327 1264 Quam
360 1218 544 1267 dignitate
575 1218 728 1258 subolis
1025 1220 1166 1268 Regale
1197 1222 1463 1260 sacerdotium.

597 1334 634 1372 3.
667 1332 723 1369 Sit
754 1331 825 1368 tibi
855 1333 949 1378 laus,
982 1334 1178 1374 altissime.

212 1457 342 1498 Hymn.
367 1466 430 1487 ms.
448 1457 648 1488 Veronense
674 1466 763 1487 saec.
794 1453 845 1488 11.
886 1457 969 1489 Cod.
988 1458 1102 1499 Capit.
1120 1459 1291 1489 Veronen.
1320 1456 1392 1490 109.
1411 1458 1451 1489 A.
1478 1476 1518 1480 -—
1539 1458 1681 1501 Antiph.

123 1512 186 1534 ms.
212 1501 441 1533 Martialense
464 1500 693 1541 (Cluniacen.)
723 1512 812 1533 saec.
848 1500 900 1533 11.
949 1502 1032 1534 Cod.
1058 1504 1206 1534 Parisin.
1238 1501 1330 1535 1087.
1359 1505 1397 1535 B.
1430 1520 1470 1525 —
1495 1505 1594 1536 Brev.
1620 1515 1680 1536 ms.

123 1546 157 1579 S.
191 1547 313 1580 Crucis
346 1547 652 1579 Fontisavellanae
683 1557 773 1578 saec.
809 1545 861 1578 13.
910 1548 994 1580 Cod.
1029 1549 1185 1580 Classen.
1216 1546 1282 1580 357
1312 1547 1402 1589 (137.
1435 1547 1465 1580 5.
1498 1550 1551 1588 D).
1578 1550 1616 1581 C.
1642 1567 1682 1572 —

120 1593 240 1635 Migne
265 1592 287 1624 l.
313 1603 340 1624 c.
370 1590 441 1624 1:37.
468 1593 512 1624 D.

602 1747 658 1784 28.
697 1748 778 1793 (13.)
813 1748 862 1784 Dc
887 1750 1014 1785 sancto
1041 1747 1204 1785 Andrea.

137 1878 177 1917 1.
209 1878 392 1925 Captator
421 1877 509 1915 olim
539 1877 710 1927 piscium,
955 1881 991 1917 3.
1025 1878 1055 1916 O
1085 1889 1236 1925 germen
1269 1878 1498 1928 venerabile,

208 1936 289 1973 Iam
319 1944 418 1972 nunc
449 1934 618 1983 piscator
649 1934 852 1981 hominum,
1023 1935 1053 1973 O
1085 1946 1155 1981 par
1185 1946 1324 1972 corona
1353 1935 1509 1983 gloriae,

201 1990 309 2039 Tuis,
340 1990 509 2041 Andrea,
543 1991 688 2028 retibus
1023 1991 1220 2029 Ecclesiae
1251 1995 1378 2038 patres
1409 1993 1462 2038 pii

205 2047 343 2086 Mundi
374 2058 443 2085 nos
474 2058 568 2094 rape
597 2046 787 2087 fluctibus.
1025 2048 1155 2085 Crucis
1187 2052 1273 2085 sunt
1303 2058 1420 2095 aeque
1450 2047 1530 2088 filii.

139 2174 178 2211 2.
214 2171 425 2210 Germanus
455 2172 560 2209 Petri
591 2183 750 2220 corpore
957 2175 996 2212 4.
1028 2173 1091 2211 Ad
1122 2174 1246 2211 Iesum
1279 2171 1390 2210 fratri
1421 2174 1597 2220 praevius

211 2228 293 2266 Nec
322 2228 455 2266 mortis
488 2229 619 2278 dispar
648 2229 795 2277 ordine,
1027 2230 1221 2277 Indexque
1252 2230 1353 2267 vitae
1383 2234 1569 2280 strenuus,

215 2286 316 2331 Quos
345 2297 420 2323 una
451 2296 540 2323 caro
570 2287 710 2333 genuit,
1026 2286 1077 2324 Et
1109 2287 1216 2324 nobis
1248 2292 1328 2324 esto
1358 2287 1504 2324 miseris

212 2341 315 2380 Crux
347 2342 452 2380 caelo
483 2341 622 2380 fratres
654 2342 788 2381 edidit.
1028 2343 1137 2380 Beati
1169 2343 1245 2381 dux
1276 2343 1436 2382 itineris.

526 2458 563 2495 5.
596 2456 654 2494 Sit
684 2457 786 2503 patri
817 2457 898 2494 laus
930 2457 1111 2504 ingenito7

596 2513 654 2550 Sit
686 2514 800 2550 decus
831 2513 1038 2560 unigenito.

596 2569 655 2607 Sit
684 2570 880 2616 utriusque
911 2570 1025 2616 parili

594 2626 778 2664 Maiestas
810 2637 954 2664 summa
984 2624 1140 2664 flamini.

209 2758 306 2790 Orat.
330 2769 393 2789 mS.
427 2759 619 2801 Campense
650 2761 732 2792 anni
761 2757 857 2792 1462.
906 2760 989 2792 Cod.
1008 2760 1263 2793 Darmstadien.
1287 2757 1363 2792 521.
1383 2761 1423 2792 A.
1449 2777 1492 2782 —
1517 2761 1635 2801 Migne
1661 2760 1683 2791 l.

117 2814 147 2836 c.
178 2801 256 2836 942.
281 2804 319 2835 Β.
353 2821 396 2826 -
426 2803 465 2842 3,
500 2803 514 2835 1
548 2814 688 2846 germen
714 2816 794 2837 vere
820 2806 937 2838 nobile
964 2807 1001 2838 B.
1028 2822 1070 2827 -
1096 2807 1158 2837 Am
1186 2806 1305 2838 Raude
1331 2816 1399 2837 von
1423 2805 1685 2849 gleichzeitiger

117 2848 242 2881 Hand:
279 2849 422 2892 „Petri
455 2848 695 2881 Damiani“.
720 2850 760 2882 Α.
795 2867 839 2872 -—
872 2851 921 2882 Zu
954 2851 1082 2883 diesem
1116 2850 1184 2882 und
1214 2850 1290 2883 dem
1317 2851 1499 2893 folgenden
1523 2852 1684 2892 Hymnus

122 2895 173 2926 sei
198 2894 325 2926 darauf
344 2894 591 2936 bingen-iesen,
617 2895 693 2927 dass
718 2895 874 2928 Andreas
900 2896 1031 2928 Patron
1058 2907 1126 2927 von
1152 2897 1260 2928 Fonte
1286 2896 1458 2928 Avellana
1482 2906 1563 2928 war.
