<?xml version="1.0" encoding="UTF-8"?>
<!DOCTYPE html PUBLIC "-//W3C//DTD XHTML 1.0 Transitional//EN"
    "http://www.w3.org/TR/xhtml1/DTD/xhtml1-transitional.dtd">
<html xmlns="http://www.w3.org/1999/xhtml" xml:lang="en" lang="en">
 <head>
  <title>
</title>
<meta http-equiv="Content-Type" content="text/html;charset=utf-8" />
  <meta name='ocr-system' content='tesseract 3.04.00' />
  <meta name='ocr-capabilities' content='ocr_page ocr_carea ocr_par ocr_line ocrx_word'/>
</head>
<body>
  <div class='ocr_page' id='page_1' title='image "./hymnographilatin01drevuoft_0115.png"; bbox 0 0 1914 3223; ppageno 0'>
   <div class='ocr_carea' id='block_1_1' title="bbox 0 1621 65 3223">
    <p class='ocr_par' dir='ltr' id='par_1_1' title="bbox 0 1621 65 3223">
     <span class='ocr_line' id='line_1_1' title="bbox 0 1621 65 3223; baseline 0 0"><span class='ocrx_word' id='word_1_1' title='bbox 0 1621 65 3223; x_wconf 95' lang='lat' dir='ltr'> </span> 
     </span>
    </p>
   </div>
   <div class='ocr_carea' id='block_1_2' title="bbox 169 430 234 469">
    <p class='ocr_par' dir='ltr' id='par_1_2' title="bbox 169 430 234 469">
     <span class='ocr_line' id='line_1_2' title="bbox 169 430 234 469; baseline 0.092 -6"><span class='ocrx_word' id='word_1_2' title='bbox 169 430 234 469; x_wconf 75' lang='lat'>30.</span> 
     </span>
    </p>
   </div>
   <div class='ocr_carea' id='block_1_3' title="bbox 178 996 242 1033">
    <p class='ocr_par' dir='ltr' id='par_1_3' title="bbox 178 996 242 1033">
     <span class='ocr_line' id='line_1_3' title="bbox 178 996 242 1033; baseline 0.016 -1"><span class='ocrx_word' id='word_1_3' title='bbox 178 996 242 1033; x_wconf 86' lang='lat'>40.</span> 
     </span>
    </p>
   </div>
   <div class='ocr_carea' id='block_1_4' title="bbox 166 1901 230 1937">
    <p class='ocr_par' dir='ltr' id='par_1_4' title="bbox 166 1901 230 1937">
     <span class='ocr_line' id='line_1_4' title="bbox 166 1901 230 1937; baseline 0 -6"><span class='ocrx_word' id='word_1_4' title='bbox 166 1901 230 1937; x_wconf 74' lang='lat'>55,</span> 
     </span>
    </p>
   </div>
   <div class='ocr_carea' id='block_1_5' title="bbox 165 2183 229 2221">
    <p class='ocr_par' dir='ltr' id='par_1_5' title="bbox 165 2183 229 2221">
     <span class='ocr_line' id='line_1_5' title="bbox 165 2183 229 2221; baseline -0.016 0"><span class='ocrx_word' id='word_1_5' title='bbox 165 2183 229 2221; x_wconf 83' lang='lat'>60.</span> 
     </span>
    </p>
   </div>
   <div class='ocr_carea' id='block_1_6' title="bbox 164 2469 228 2505">
    <p class='ocr_par' dir='ltr' id='par_1_6' title="bbox 164 2469 228 2505">
     <span class='ocr_line' id='line_1_6' title="bbox 164 2469 228 2505; baseline -0.016 0"><span class='ocrx_word' id='word_1_6' title='bbox 164 2469 228 2505; x_wconf 91' lang='lat'>65.</span> 
     </span>
    </p>
   </div>
   <div class='ocr_carea' id='block_1_7' title="bbox 266 259 866 702">
    <p class='ocr_par' dir='ltr' id='par_1_7' title="bbox 270 259 739 363">
     <span class='ocr_line' id='line_1_7' title="bbox 270 259 664 298; baseline -0.008 -2"><span class='ocrx_word' id='word_1_7' title='bbox 270 260 475 298; x_wconf 77' lang='lat' dir='ltr'>Vulnerata</span> <span class='ocrx_word' id='word_1_8' title='bbox 507 259 664 295; x_wconf 84' lang='lat' dir='ltr'>caritate</span> 
     </span>
     <span class='ocr_line' id='line_1_8' title="bbox 322 315 739 363; baseline -0.007 -10"><span class='ocrx_word' id='word_1_9' title='bbox 322 322 480 363; x_wconf 82' lang='lat' dir='ltr'>patrona</span> <span class='ocrx_word' id='word_1_10' title='bbox 511 315 739 361; x_wconf 79' lang='lat' dir='ltr'>mortalium,</span> 
     </span>
    </p>

    <p class='ocr_par' dir='ltr' id='par_1_8' title="bbox 267 371 866 475">
     <span class='ocr_line' id='line_1_9' title="bbox 267 371 866 421; baseline -0.005 -11"><span class='ocrx_word' id='word_1_11' title='bbox 267 374 309 411; x_wconf 87' lang='lat' dir='ltr'>ln</span> <span class='ocrx_word' id='word_1_12' title='bbox 328 383 412 421; x_wconf 88' lang='lat' dir='ltr'>qua,</span> <span class='ocrx_word' id='word_1_13' title='bbox 431 372 478 408; x_wconf 89' lang='lat' dir='ltr'>de</span> <span class='ocrx_word' id='word_1_14' title='bbox 489 383 560 418; x_wconf 84' lang='lat' dir='ltr'>qua</span> <span class='ocrx_word' id='word_1_15' title='bbox 573 371 631 408; x_wconf 86' lang='lat' dir='ltr'>vel</span> <span class='ocrx_word' id='word_1_16' title='bbox 645 382 753 417; x_wconf 86' lang='lat' dir='ltr'>quam</span> <span class='ocrx_word' id='word_1_17' title='bbox 767 371 866 408; x_wconf 88' lang='lat' dir='ltr'>circa</span> 
     </span>
     <span class='ocr_line' id='line_1_10' title="bbox 324 427 746 475; baseline -0.005 -10"><span class='ocrx_word' id='word_1_18' title='bbox 324 429 415 466; x_wconf 86' lang='lat' dir='ltr'>nihil</span> <span class='ocrx_word' id='word_1_19' title='bbox 447 433 501 465; x_wconf 90' lang='lat' dir='ltr'>est</span> <span class='ocrx_word' id='word_1_20' title='bbox 534 427 746 475; x_wconf 90' lang='lat' dir='ltr'>inglorium,</span> 
     </span>
    </p>

    <p class='ocr_par' dir='ltr' id='par_1_9' title="bbox 266 484 844 588">
     <span class='ocr_line' id='line_1_11' title="bbox 266 484 844 525; baseline -0.01 0"><span class='ocrx_word' id='word_1_21' title='bbox 266 487 340 525; x_wconf 90' lang='lat' dir='ltr'>Cor</span> <span class='ocrx_word' id='word_1_22' title='bbox 371 491 428 521; x_wconf 84' lang='lat' dir='ltr'>est</span> <span class='ocrx_word' id='word_1_23' title='bbox 459 484 526 521; x_wconf 93' lang='lat' dir='ltr'>tibi</span> <span class='ocrx_word' id='word_1_24' title='bbox 558 484 658 520; x_wconf 85' lang='lat' dir='ltr'>circa</span> <span class='ocrx_word' id='word_1_25' title='bbox 691 489 844 520; x_wconf 83' lang='lat' dir='ltr'>cunctos</span> 
     </span>
     <span class='ocr_line' id='line_1_12' title="bbox 324 541 735 588; baseline -0.005 -10"><span class='ocrx_word' id='word_1_26' title='bbox 324 541 735 588; x_wconf 80' lang='lat' dir='ltr'>compatientissimum,</span> 
     </span>
    </p>

    <p class='ocr_par' dir='ltr' id='par_1_10' title="bbox 270 597 751 702">
     <span class='ocr_line' id='line_1_13' title="bbox 270 597 724 645; baseline -0.004 -9"><span class='ocrx_word' id='word_1_27' title='bbox 270 598 496 645; x_wconf 83' lang='lat' dir='ltr'>Imperatrix</span> <span class='ocrx_word' id='word_1_28' title='bbox 528 602 562 634; x_wconf 87' lang='lat' dir='ltr'>et</span> <span class='ocrx_word' id='word_1_29' title='bbox 595 597 724 644; x_wconf 84' lang='lat' dir='ltr'>regina</span> 
     </span>
     <span class='ocr_line' id='line_1_14' title="bbox 323 653 751 702; baseline -0.005 -11"><span class='ocrx_word' id='word_1_30' title='bbox 323 665 569 702; x_wconf 81' lang='lat' dir='ltr'>supernomm</span> <span class='ocrx_word' id='word_1_31' title='bbox 603 653 751 702; x_wconf 82' lang='lat' dir='ltr'>civium,</span> 
     </span>
    </p>
   </div>
   <div class='ocr_carea' id='block_1_8' title="bbox 229 710 725 751">
    <p class='ocr_par' dir='ltr' id='par_1_11' title="bbox 229 710 725 751">
     <span class='ocr_line' id='line_1_15' title="bbox 229 710 725 751; baseline -0.01 0"><span class='ocrx_word' id='word_1_32' title='bbox 229 742 238 751; x_wconf 90' lang='lat'><strong>.</strong></span> <span class='ocrx_word' id='word_1_33' title='bbox 268 712 552 749; x_wconf 81' lang='lat' dir='ltr'>Miserat-ionum</span> <span class='ocrx_word' id='word_1_34' title='bbox 585 710 725 747; x_wconf 85' lang='lat' dir='ltr'>habens</span> 
     </span>
    </p>
   </div>
   <div class='ocr_carea' id='block_1_9' title="bbox 272 767 864 928">
    <p class='ocr_par' dir='ltr' id='par_1_12' title="bbox 272 767 864 928">
     <span class='ocr_line' id='line_1_16' title="bbox 327 767 864 815; baseline -0.006 -10"><span class='ocrx_word' id='word_1_35' title='bbox 327 768 541 805; x_wconf 87' lang='lat' dir='ltr'>thesaurum</span> <span class='ocrx_word' id='word_1_36' title='bbox 581 767 864 815; x_wconf 84' lang='lat' dir='ltr'>amplissimum,</span> 
     </span>
     <span class='ocr_line' id='line_1_17' title="bbox 272 823 654 872; baseline -0.008 -10"><span class='ocrx_word' id='word_1_37' title='bbox 272 825 454 872; x_wconf 76' lang='lat' dir='ltr'>t&#39;opiosac</span> <span class='ocrx_word' id='word_1_38' title='bbox 486 823 654 861; x_wconf 83' lang='lat' dir='ltr'>caritatis</span> 
     </span>
     <span class='ocr_line' id='line_1_18' title="bbox 327 880 790 928; baseline -0.006 -10"><span class='ocrx_word' id='word_1_39' title='bbox 327 887 361 918; x_wconf 91' lang='lat' dir='ltr'>et</span> <span class='ocrx_word' id='word_1_40' title='bbox 393 881 503 928; x_wconf 84' lang='lat' dir='ltr'>plena</span> <span class='ocrx_word' id='word_1_41' title='bbox 536 880 790 926; x_wconf 77' lang='lat' dir='ltr'>dulcedinum,</span> 
     </span>
    </p>
   </div>
   <div class='ocr_carea' id='block_1_10' title="bbox 270 935 1016 985">
    <p class='ocr_par' dir='ltr' id='par_1_13' title="bbox 270 935 1016 985">
     <span class='ocr_line' id='line_1_19' title="bbox 270 935 1016 985; baseline 0 -10"><span class='ocrx_word' id='word_1_42' title='bbox 270 939 344 976; x_wconf 84' lang='lat' dir='ltr'>Per</span> <span class='ocrx_word' id='word_1_43' title='bbox 355 949 462 985; x_wconf 90' lang='lat' dir='ltr'>quam</span> <span class='ocrx_word' id='word_1_44' title='bbox 474 937 575 975; x_wconf 87' lang='lat' dir='ltr'>Deus</span> <span class='ocrx_word' id='word_1_45' title='bbox 589 937 625 973; x_wconf 90' lang='lat' dir='ltr'>in</span> <span class='ocrx_word' id='word_1_46' title='bbox 640 935 866 974; x_wconf 88' lang='lat' dir='ltr'>frumentum</span> <span class='ocrx_word' id='word_1_47' title='bbox 953 938 1016 975; x_wconf 84' lang='lat'>85.</span> 
     </span>
    </p>
   </div>
   <div class='ocr_carea' id='block_1_11' title="bbox 272 993 867 1268">
    <p class='ocr_par' dir='ltr' id='par_1_14' title="bbox 273 993 825 1098">
     <span class='ocr_line' id='line_1_20' title="bbox 329 993 790 1042; baseline -0.004 -11"><span class='ocrx_word' id='word_1_48' title='bbox 329 994 421 1041; x_wconf 83' lang='lat' dir='ltr'>legis</span> <span class='ocrx_word' id='word_1_49' title='bbox 452 994 563 1031; x_wconf 83' lang='lat' dir='ltr'>vertit</span> <span class='ocrx_word' id='word_1_50' title='bbox 597 993 790 1042; x_wconf 83' lang='lat' dir='ltr'>hordeum,</span> 
     </span>
     <span class='ocr_line' id='line_1_21' title="bbox 273 1049 825 1098; baseline -0.005 -10"><span class='ocrx_word' id='word_1_51' title='bbox 273 1050 512 1095; x_wconf 74' lang='lat' dir='ltr'>Donativum,</span> <span class='ocrx_word' id='word_1_52' title='bbox 543 1051 642 1098; x_wconf 88' lang='lat' dir='ltr'>quod</span> <span class='ocrx_word' id='word_1_53' title='bbox 673 1049 825 1098; x_wconf 88' lang='lat' dir='ltr'>largiris</span> 
     </span>
    </p>

    <p class='ocr_par' dir='ltr' id='par_1_15' title="bbox 272 1108 867 1210">
     <span class='ocr_line' id='line_1_22' title="bbox 327 1108 786 1155; baseline 0 -10"><span class='ocrx_word' id='word_1_54' title='bbox 327 1113 449 1145; x_wconf 89' lang='lat' dir='ltr'>manet</span> <span class='ocrx_word' id='word_1_55' title='bbox 482 1108 520 1144; x_wconf 92' lang='lat' dir='ltr'>in</span> <span class='ocrx_word' id='word_1_56' title='bbox 552 1110 786 1155; x_wconf 88' lang='lat' dir='ltr'>perpetuum.</span> 
     </span>
     <span class='ocr_line' id='line_1_23' title="bbox 272 1162 867 1210; baseline -0.005 -9"><span class='ocrx_word' id='word_1_57' title='bbox 272 1164 356 1201; x_wconf 84' lang='lat' dir='ltr'>Non</span> <span class='ocrx_word' id='word_1_58' title='bbox 388 1164 539 1210; x_wconf 74' lang='lat' dir='ltr'>peribit,</span> <span class='ocrx_word' id='word_1_59' title='bbox 571 1174 680 1210; x_wconf 89' lang='lat' dir='ltr'>quem</span> <span class='ocrx_word' id='word_1_60' title='bbox 711 1168 750 1200; x_wconf 89' lang='lat' dir='ltr'>tu</span> <span class='ocrx_word' id='word_1_61' title='bbox 775 1162 867 1199; x_wconf 88' lang='lat' dir='ltr'>velis</span> 
     </span>
    </p>

    <p class='ocr_par' dir='ltr' id='par_1_16' title="bbox 327 1220 772 1268">
     <span class='ocr_line' id='line_1_24' title="bbox 327 1220 772 1268; baseline -0.004 -10"><span class='ocrx_word' id='word_1_62' title='bbox 327 1220 407 1258; x_wconf 88' lang='lat' dir='ltr'>Deo</span> <span class='ocrx_word' id='word_1_63' title='bbox 438 1231 518 1257; x_wconf 86' lang='lat' dir='ltr'>esse</span> <span class='ocrx_word' id='word_1_64' title='bbox 549 1221 772 1268; x_wconf 85' lang='lat' dir='ltr'>proximum,</span> 
     </span>
    </p>
   </div>
   <div class='ocr_carea' id='block_1_12' title="bbox 231 1276 868 1325">
    <p class='ocr_par' dir='ltr' id='par_1_17' title="bbox 231 1276 868 1325">
     <span class='ocr_line' id='line_1_25' title="bbox 231 1276 868 1325; baseline -0.003 -11"><span class='ocrx_word' id='word_1_65' title='bbox 231 1307 238 1314; x_wconf 93' lang='lat'>.</span> <span class='ocrx_word' id='word_1_66' title='bbox 275 1277 360 1319; x_wconf 80' lang='lat' dir='ltr'>Sed,</span> <span class='ocrx_word' id='word_1_67' title='bbox 405 1283 442 1313; x_wconf 87' lang='lat' dir='ltr'>ut</span> <span class='ocrx_word' id='word_1_68' title='bbox 475 1277 610 1325; x_wconf 85' lang='lat' dir='ltr'>placet,</span> <span class='ocrx_word' id='word_1_69' title='bbox 646 1287 690 1313; x_wconf 84' lang='lat' dir='ltr'>ex</span> <span class='ocrx_word' id='word_1_70' title='bbox 721 1276 868 1312; x_wconf 88' lang='lat' dir='ltr'>misello</span> 
     </span>
    </p>
   </div>
   <div class='ocr_carea' id='block_1_13' title="bbox 261 1332 867 2687">
    <p class='ocr_par' dir='ltr' id='par_1_18' title="bbox 261 1332 867 2687">
     <span class='ocr_line' id='line_1_26' title="bbox 326 1332 720 1378; baseline 0 -8"><span class='ocrx_word' id='word_1_71' title='bbox 326 1332 420 1378; x_wconf 84' lang='lat' dir='ltr'>facis</span> <span class='ocrx_word' id='word_1_72' title='bbox 451 1333 720 1371; x_wconf 85' lang='lat' dir='ltr'>felicissimum.</span> 
     </span>
     <span class='ocr_line' id='line_1_27' title="bbox 271 1389 867 1437; baseline -0.003 -11"><span class='ocrx_word' id='word_1_73' title='bbox 271 1389 428 1436; x_wconf 80' lang='lat' dir='ltr'>Sponsa,</span> <span class='ocrx_word' id='word_1_74' title='bbox 442 1401 551 1437; x_wconf 88' lang='lat' dir='ltr'>quam</span> <span class='ocrx_word' id='word_1_75' title='bbox 565 1402 630 1426; x_wconf 78' lang='lat' dir='ltr'>rex</span> <span class='ocrx_word' id='word_1_76' title='bbox 639 1389 867 1435; x_wconf 83' lang='lat' dir='ltr'>concupivit,</span> 
     </span>
     <span class='ocr_line' id='line_1_28' title="bbox 329 1446 780 1494; baseline 0 -12"><span class='ocrx_word' id='word_1_77' title='bbox 329 1447 505 1494; x_wconf 82' lang='lat' dir='ltr'>princeps</span> <span class='ocrx_word' id='word_1_78' title='bbox 537 1446 780 1492; x_wconf 81' lang='lat' dir='ltr'>exercituum,</span> 
     </span>
     <span class='ocr_line' id='line_1_29' title="bbox 271 1501 867 1549; baseline -0.005 -9"><span class='ocrx_word' id='word_1_79' title='bbox 271 1503 385 1540; x_wconf 84' lang='lat' dir='ltr'>Cuius</span> <span class='ocrx_word' id='word_1_80' title='bbox 417 1503 590 1540; x_wconf 82' lang='lat' dir='ltr'>claustris</span> <span class='ocrx_word' id='word_1_81' title='bbox 621 1513 694 1539; x_wconf 87' lang='lat' dir='ltr'>non</span> <span class='ocrx_word' id='word_1_82' title='bbox 725 1501 867 1549; x_wconf 88' lang='lat' dir='ltr'>apertis</span> 
     </span>
     <span class='ocr_line' id='line_1_30' title="bbox 327 1559 832 1606; baseline -0.002 -11"><span class='ocrx_word' id='word_1_83' title='bbox 327 1564 381 1595; x_wconf 91' lang='lat' dir='ltr'>est</span> <span class='ocrx_word' id='word_1_84' title='bbox 411 1569 582 1606; x_wconf 87' lang='lat' dir='ltr'>egressus</span> <span class='ocrx_word' id='word_1_85' title='bbox 613 1559 832 1602; x_wconf 81' lang='lat' dir='ltr'>thalamum,</span> 
     </span>
     <span class='ocr_line' id='line_1_31' title="bbox 267 1615 718 1661; baseline 0 -9"><span class='ocrx_word' id='word_1_86' title='bbox 267 1616 370 1661; x_wconf 83' lang='lat' dir='ltr'>Quae</span> <span class='ocrx_word' id='word_1_87' title='bbox 401 1615 528 1652; x_wconf 91' lang='lat' dir='ltr'>odoris</span> <span class='ocrx_word' id='word_1_88' title='bbox 558 1616 611 1652; x_wconf 93' lang='lat' dir='ltr'>tui</span> <span class='ocrx_word' id='word_1_89' title='bbox 644 1616 718 1652; x_wconf 86' lang='lat' dir='ltr'>late</span> 
     </span>
     <span class='ocr_line' id='line_1_32' title="bbox 320 1672 663 1718; baseline 0 -10"><span class='ocrx_word' id='word_1_90' title='bbox 320 1672 663 1718; x_wconf 74' lang='lat' dir='ltr'>thymiamaterium</span> 
     </span>
     <span class='ocr_line' id='line_1_33' title="bbox 264 1727 863 1776; baseline 0 -11"><span class='ocrx_word' id='word_1_91' title='bbox 264 1727 431 1775; x_wconf 80' lang='lat' dir='ltr'>Spargis,</span> <span class='ocrx_word' id='word_1_92' title='bbox 460 1727 626 1776; x_wconf 87' lang='lat' dir='ltr'>fraglans</span> <span class='ocrx_word' id='word_1_93' title='bbox 648 1729 733 1775; x_wconf 86' lang='lat' dir='ltr'>plus</span> <span class='ocrx_word' id='word_1_94' title='bbox 755 1739 863 1775; x_wconf 85' lang='lat' dir='ltr'>quam</span> 
     </span>
     <span class='ocr_line' id='line_1_34' title="bbox 538 1795 646 1822; baseline -0.009 0"><span class='ocrx_word' id='word_1_95' title='bbox 538 1795 646 1822; x_wconf 87' lang='lat' dir='ltr'>omne</span> 
     </span>
     <span class='ocr_line' id='line_1_35' title="bbox 319 1842 767 1890; baseline 0 -12"><span class='ocrx_word' id='word_1_96' title='bbox 319 1852 434 1888; x_wconf 90' lang='lat' dir='ltr'>genus</span> <span class='ocrx_word' id='word_1_97' title='bbox 466 1842 767 1890; x_wconf 82' lang='lat' dir='ltr'>pigmentarium.</span> 
     </span>
     <span class='ocr_line' id='line_1_36' title="bbox 266 1898 718 1946; baseline 0 -11"><span class='ocrx_word' id='word_1_98' title='bbox 266 1898 379 1935; x_wconf 80' lang='lat' dir='ltr'>Dives</span> <span class='ocrx_word' id='word_1_99' title='bbox 412 1899 718 1946; x_wconf 83' lang='lat' dir='ltr'>elemosynatrix,</span> 
     </span>
     <span class='ocr_line' id='line_1_37' title="bbox 322 1956 732 2002; baseline 0 -11"><span class='ocrx_word' id='word_1_100' title='bbox 322 1956 487 2002; x_wconf 86' lang='lat' dir='ltr'>pretiosa</span> <span class='ocrx_word' id='word_1_101' title='bbox 517 1956 732 2002; x_wconf 86' lang='lat' dir='ltr'>plurimum,</span> 
     </span>
     <span class='ocr_line' id='line_1_38' title="bbox 263 2012 863 2061; baseline 0 -12"><span class='ocrx_word' id='word_1_102' title='bbox 263 2012 366 2049; x_wconf 89' lang='lat' dir='ltr'>Dans</span> <span class='ocrx_word' id='word_1_103' title='bbox 397 2024 419 2049; x_wconf 89' lang='lat' dir='ltr'>a</span> <span class='ocrx_word' id='word_1_104' title='bbox 442 2012 595 2050; x_wconf 89' lang='lat' dir='ltr'>Christo</span> <span class='ocrx_word' id='word_1_105' title='bbox 625 2013 731 2061; x_wconf 85' lang='lat' dir='ltr'>larga</span> <span class='ocrx_word' id='word_1_106' title='bbox 754 2024 863 2050; x_wconf 87' lang='lat' dir='ltr'>manu</span> 
     </span>
     <span class='ocr_line' id='line_1_39' title="bbox 319 2069 813 2117; baseline 0 -11"><span class='ocrx_word' id='word_1_107' title='bbox 319 2069 466 2106; x_wconf 87' lang='lat' dir='ltr'>veniam</span> <span class='ocrx_word' id='word_1_108' title='bbox 497 2075 561 2106; x_wconf 89' lang='lat' dir='ltr'>aut</span> <span class='ocrx_word' id='word_1_109' title='bbox 593 2070 813 2117; x_wconf 91' lang='lat' dir='ltr'>praemium,</span> 
     </span>
     <span class='ocr_line' id='line_1_40' title="bbox 264 2126 864 2173; baseline -0.002 -9"><span class='ocrx_word' id='word_1_110' title='bbox 264 2127 400 2164; x_wconf 85' lang='lat' dir='ltr'>Potens</span> <span class='ocrx_word' id='word_1_111' title='bbox 409 2131 522 2173; x_wconf 88' lang='lat' dir='ltr'>atque</span> <span class='ocrx_word' id='word_1_112' title='bbox 531 2137 617 2163; x_wconf 90' lang='lat' dir='ltr'>mun</span> <span class='ocrx_word' id='word_1_113' title='bbox 623 2126 710 2163; x_wconf 91' lang='lat' dir='ltr'>dum</span> <span class='ocrx_word' id='word_1_114' title='bbox 719 2136 864 2163; x_wconf 90' lang='lat' dir='ltr'>omnem</span> 
     </span>
     <span class='ocr_line' id='line_1_41' title="bbox 320 2182 746 2232; baseline 0 -12"><span class='ocrx_word' id='word_1_115' title='bbox 320 2182 462 2220; x_wconf 87' lang='lat' dir='ltr'>habens</span> <span class='ocrx_word' id='word_1_116' title='bbox 490 2183 746 2232; x_wconf 82' lang='lat' dir='ltr'>tributarium,</span> 
     </span>
     <span class='ocr_line' id='line_1_42' title="bbox 265 2239 821 2277; baseline 0 0"><span class='ocrx_word' id='word_1_117' title='bbox 265 2239 379 2277; x_wconf 92' lang='lat' dir='ltr'>Cuius</span> <span class='ocrx_word' id='word_1_118' title='bbox 412 2245 546 2277; x_wconf 83' lang='lat' dir='ltr'>cuncta</span> <span class='ocrx_word' id='word_1_119' title='bbox 576 2240 821 2277; x_wconf 87' lang='lat' dir='ltr'>sustinentem</span> 
     </span>
     <span class='ocr_line' id='line_1_43' title="bbox 319 2296 740 2335; baseline 0.005 -2"><span class='ocrx_word' id='word_1_120' title='bbox 319 2296 502 2334; x_wconf 89' lang='lat' dir='ltr'>baiulavit</span> <span class='ocrx_word' id='word_1_121' title='bbox 532 2297 740 2335; x_wconf 84' lang='lat' dir='ltr'>brachium.</span> 
     </span>
     <span class='ocr_line' id='line_1_44' title="bbox 261 2353 780 2401; baseline 0.002 -11"><span class='ocrx_word' id='word_1_122' title='bbox 261 2353 318 2390; x_wconf 92' lang='lat' dir='ltr'>Tu</span> <span class='ocrx_word' id='word_1_123' title='bbox 348 2354 596 2401; x_wconf 85' lang='lat' dir='ltr'>dispersionis</span> <span class='ocrx_word' id='word_1_124' title='bbox 627 2360 780 2391; x_wconf 88' lang='lat' dir='ltr'>nostrae</span> 
     </span>
     <span class='ocr_line' id='line_1_45' title="bbox 320 2410 809 2458; baseline 0.002 -11"><span class='ocrx_word' id='word_1_125' title='bbox 320 2410 556 2458; x_wconf 87' lang='lat' dir='ltr'>congregasti</span> <span class='ocrx_word' id='word_1_126' title='bbox 586 2410 809 2457; x_wconf 76' lang='lat' dir='ltr'>symbolum,</span> 
     </span>
     <span class='ocr_line' id='line_1_46' title="bbox 263 2466 808 2515; baseline -0.002 -10"><span class='ocrx_word' id='word_1_127' title='bbox 263 2467 509 2505; x_wconf 86' lang='lat' dir='ltr'>Conturbatis</span> <span class='ocrx_word' id='word_1_128' title='bbox 539 2466 652 2504; x_wconf 92' lang='lat' dir='ltr'>rebus</span> <span class='ocrx_word' id='word_1_129' title='bbox 683 2478 808 2515; x_wconf 90' lang='lat' dir='ltr'>regem</span> 
     </span>
     <span class='ocr_line' id='line_1_47' title="bbox 319 2522 693 2571; baseline 0 -11"><span class='ocrx_word' id='word_1_130' title='bbox 319 2522 451 2561; x_wconf 88' lang='lat' dir='ltr'>fudisti</span> <span class='ocrx_word' id='word_1_131' title='bbox 481 2524 693 2571; x_wconf 86' lang='lat' dir='ltr'>pacificum,</span> 
     </span>
     <span class='ocr_line' id='line_1_48' title="bbox 263 2580 776 2626; baseline 0.002 -8"><span class='ocrx_word' id='word_1_132' title='bbox 263 2581 332 2626; x_wconf 85' lang='lat' dir='ltr'>Qui</span> <span class='ocrx_word' id='word_1_133' title='bbox 363 2591 403 2618; x_wconf 84' lang='lat' dir='ltr'>se</span> <span class='ocrx_word' id='word_1_134' title='bbox 431 2580 522 2618; x_wconf 87' lang='lat' dir='ltr'>fecit</span> <span class='ocrx_word' id='word_1_135' title='bbox 552 2582 652 2618; x_wconf 87' lang='lat' dir='ltr'>inter</span> <span class='ocrx_word' id='word_1_136' title='bbox 683 2581 776 2619; x_wconf 85' lang='lat' dir='ltr'>duos</span> 
     </span>
     <span class='ocr_line' id='line_1_49' title="bbox 319 2637 704 2687; baseline -0.003 -12"><span class='ocrx_word' id='word_1_137' title='bbox 319 2637 484 2684; x_wconf 89' lang='lat' dir='ltr'>parietes</span> <span class='ocrx_word' id='word_1_138' title='bbox 516 2638 704 2687; x_wconf 84' lang='lat' dir='ltr'>angulum,</span> 
     </span>
    </p>
   </div>
   <div class='ocr_carea' id='block_1_14' title="bbox 911 1787 1004 1825">
    <p class='ocr_par' dir='ltr' id='par_1_19' title="bbox 911 1787 1004 1825">
     <span class='ocr_line' id='line_1_50' title="bbox 911 1787 1004 1825; baseline 0 -1"><span class='ocrx_word' id='word_1_139' title='bbox 911 1787 1004 1825; x_wconf 81' lang='lat'>300.</span> 
     </span>
    </p>
   </div>
   <div class='ocr_carea' id='block_1_15' title="bbox 264 2694 1018 2745">
    <p class='ocr_par' dir='ltr' id='par_1_20' title="bbox 264 2694 1018 2745">
     <span class='ocr_line' id='line_1_51' title="bbox 264 2694 1018 2745; baseline 0.004 -13"><span class='ocrx_word' id='word_1_140' title='bbox 264 2694 328 2743; x_wconf 91' lang='lat' dir='ltr'>Ut,</span> <span class='ocrx_word' id='word_1_141' title='bbox 360 2695 462 2741; x_wconf 87' lang='lat' dir='ltr'>quod</span> <span class='ocrx_word' id='word_1_142' title='bbox 492 2705 599 2732; x_wconf 87' lang='lat' dir='ltr'>error</span> <span class='ocrx_word' id='word_1_143' title='bbox 630 2694 812 2745; x_wconf 85' lang='lat' dir='ltr'>variabat,</span> <span class='ocrx_word' id='word_1_144' title='bbox 953 2698 1018 2735; x_wconf 81' lang='lat'>15.</span> 
     </span>
    </p>
   </div>
   <div class='ocr_carea' id='block_1_16' title="bbox 263 2755 875 2914">
    <p class='ocr_par' dir='ltr' id='par_1_21' title="bbox 263 2755 875 2914">
     <span class='ocr_line' id='line_1_52' title="bbox 318 2755 835 2798; baseline 0.006 -10"><span class='ocrx_word' id='word_1_145' title='bbox 318 2755 417 2788; x_wconf 90' lang='lat' dir='ltr'>esset</span> <span class='ocrx_word' id='word_1_146' title='bbox 448 2762 518 2798; x_wconf 87' lang='lat' dir='ltr'>per</span> <span class='ocrx_word' id='word_1_147' title='bbox 548 2762 588 2788; x_wconf 90' lang='lat' dir='ltr'>se</span> <span class='ocrx_word' id='word_1_148' title='bbox 620 2762 835 2791; x_wconf 83' lang='lat' dir='ltr'>consonum.</span> 
     </span>
     <span class='ocr_line' id='line_1_53' title="bbox 263 2807 875 2857; baseline 0.003 -13"><span class='ocrx_word' id='word_1_149' title='bbox 263 2807 875 2857; x_wconf 86' lang='lat' dir='ltr'>Nonest,quodtenoncollaudet,</span> 
     </span>
     <span class='ocr_line' id='line_1_54' title="bbox 316 2865 695 2914; baseline -0.003 -13"><span class='ocrx_word' id='word_1_150' title='bbox 316 2876 357 2901; x_wconf 84' lang='lat' dir='ltr'>os</span> <span class='ocrx_word' id='word_1_151' title='bbox 388 2865 695 2914; x_wconf 79' lang='lat' dir='ltr'>ecclesiasticum,</span> 
     </span>
    </p>
   </div>
   <div class='ocr_carea' id='block_1_17' title="bbox 952 372 1016 409">
    <p class='ocr_par' dir='ltr' id='par_1_22' title="bbox 952 372 1016 409">
     <span class='ocr_line' id='line_1_55' title="bbox 952 372 1016 409; baseline 0.016 -1"><span class='ocrx_word' id='word_1_152' title='bbox 952 372 1016 409; x_wconf 85' lang='lat'>75.</span> 
     </span>
    </p>
   </div>
   <div class='ocr_carea' id='block_1_18' title="bbox 952 655 1017 692">
    <p class='ocr_par' dir='ltr' id='par_1_23' title="bbox 952 655 1017 692">
     <span class='ocr_line' id='line_1_56' title="bbox 952 655 1017 692; baseline -0.015 0"><span class='ocrx_word' id='word_1_153' title='bbox 952 655 1017 692; x_wconf 73' lang='lat'>80.</span> 
     </span>
    </p>
   </div>
   <div class='ocr_carea' id='block_1_19' title="bbox 952 1222 1015 1258">
    <p class='ocr_par' dir='ltr' id='par_1_24' title="bbox 952 1222 1015 1258">
     <span class='ocr_line' id='line_1_57' title="bbox 952 1222 1015 1258; baseline -0.016 0"><span class='ocrx_word' id='word_1_154' title='bbox 952 1222 1015 1258; x_wconf 87' lang='lat'>90.</span> 
     </span>
    </p>
   </div>
   <div class='ocr_carea' id='block_1_20' title="bbox 953 1507 1020 1540">
    <p class='ocr_par' dir='ltr' id='par_1_25' title="bbox 953 1507 1020 1540">
     <span class='ocr_line' id='line_1_58' title="bbox 953 1507 1020 1540; baseline 0 0"><span class='ocrx_word' id='word_1_155' title='bbox 953 1507 1020 1540; x_wconf 70' lang='lat'>95.</span> 
     </span>
    </p>
   </div>
   <div class='ocr_carea' id='block_1_21' title="bbox 952 2071 1017 2108">
    <p class='ocr_par' dir='ltr' id='par_1_26' title="bbox 952 2071 1017 2108">
     <span class='ocr_line' id='line_1_59' title="bbox 952 2071 1017 2108; baseline 0.015 -1"><span class='ocrx_word' id='word_1_156' title='bbox 952 2071 1017 2108; x_wconf 87' lang='lat'>05.</span> 
     </span>
    </p>
   </div>
   <div class='ocr_carea' id='block_1_22' title="bbox 954 2413 1018 2452">
    <p class='ocr_par' dir='ltr' id='par_1_27' title="bbox 954 2413 1018 2452">
     <span class='ocr_line' id='line_1_60' title="bbox 954 2413 1018 2452; baseline 0.031 -2"><span class='ocrx_word' id='word_1_157' title='bbox 954 2413 1018 2452; x_wconf 92' lang='grc'>10.</span> 
     </span>
    </p>
   </div>
   <div class='ocr_carea' id='block_1_23' title="bbox 862 144 1052 185">
    <p class='ocr_par' dir='ltr' id='par_1_28' title="bbox 862 144 1052 185">
     <span class='ocr_line' id='line_1_61' title="bbox 862 144 1052 185; baseline -0.016 0"><span class='ocrx_word' id='word_1_158' title='bbox 862 144 938 185; x_wconf 65' lang='lat' dir='ltr'>loo</span> <span class='ocrx_word' id='word_1_159' title='bbox 997 166 1052 170; x_wconf 97' lang='lat'><strong>—</strong></span> 
     </span>
    </p>
   </div>
   <div class='ocr_carea' id='block_1_24' title="bbox 1048 255 1681 2915">
    <p class='ocr_par' dir='ltr' id='par_1_29' title="bbox 1052 255 1675 359">
     <span class='ocr_line' id='line_1_62' title="bbox 1052 255 1675 304; baseline -0.005 -10"><span class='ocrx_word' id='word_1_160' title='bbox 1052 258 1123 294; x_wconf 81' lang='lat' dir='ltr'>Pec</span> <span class='ocrx_word' id='word_1_161' title='bbox 1160 267 1269 304; x_wconf 88' lang='lat' dir='ltr'>quam</span> <span class='ocrx_word' id='word_1_162' title='bbox 1301 256 1404 303; x_wconf 89' lang='lat' dir='ltr'>regni</span> <span class='ocrx_word' id='word_1_163' title='bbox 1437 255 1675 292; x_wconf 82' lang='lat' dir='ltr'>tenebrarum</span> 
     </span>
     <span class='ocr_line' id='line_1_63' title="bbox 1106 312 1562 359; baseline -0.004 -9"><span class='ocrx_word' id='word_1_164' title='bbox 1106 313 1244 352; x_wconf 85' lang='lat' dir='ltr'>factum</span> <span class='ocrx_word' id='word_1_165' title='bbox 1267 318 1330 349; x_wconf 61' lang='lat' dir='ltr'>&gt;est</span> <span class='ocrx_word' id='word_1_166' title='bbox 1362 312 1562 359; x_wconf 84' lang='lat' dir='ltr'>excidium,</span> 
     </span>
    </p>

    <p class='ocr_par' dir='ltr' id='par_1_30' title="bbox 1049 368 1555 474">
     <span class='ocr_line' id='line_1_64' title="bbox 1049 368 1494 417; baseline -0.007 -10"><span class='ocrx_word' id='word_1_167' title='bbox 1049 371 1142 416; x_wconf 76' lang='lat' dir='ltr'>Quia</span> <span class='ocrx_word' id='word_1_168' title='bbox 1177 372 1299 417; x_wconf 84' lang='lat' dir='ltr'>regem</span> <span class='ocrx_word' id='word_1_169' title='bbox 1332 368 1494 417; x_wconf 85' lang='lat' dir='ltr'>genuisti</span> 
     </span>
     <span class='ocr_line' id='line_1_65' title="bbox 1105 427 1555 474; baseline -0.009 -10"><span class='ocrx_word' id='word_1_170' title='bbox 1105 427 1327 474; x_wconf 87' lang='lat' dir='ltr'>spoliantem</span> <span class='ocrx_word' id='word_1_171' title='bbox 1359 431 1555 465; x_wconf 79' lang='lat' dir='ltr'>tartarum,</span> 
     </span>
    </p>

    <p class='ocr_par' dir='ltr' id='par_1_31' title="bbox 1050 481 1658 586">
     <span class='ocr_line' id='line_1_66' title="bbox 1050 481 1658 530; baseline -0.007 -9"><span class='ocrx_word' id='word_1_172' title='bbox 1050 484 1163 521; x_wconf 87' lang='lat' dir='ltr'>Cuius</span> <span class='ocrx_word' id='word_1_173' title='bbox 1196 483 1346 530; x_wconf 82' lang='lat' dir='ltr'>sanguis</span> <span class='ocrx_word' id='word_1_174' title='bbox 1377 483 1497 519; x_wconf 88' lang='lat' dir='ltr'>omnis</span> <span class='ocrx_word' id='word_1_175' title='bbox 1529 481 1658 518; x_wconf 88' lang='lat' dir='ltr'>mundi</span> 
     </span>
     <span class='ocr_line' id='line_1_67' title="bbox 1106 539 1446 586; baseline 0.006 -10"><span class='ocrx_word' id='word_1_176' title='bbox 1106 540 1214 576; x_wconf 83' lang='lat' dir='ltr'>diluit</span> <span class='ocrx_word' id='word_1_177' title='bbox 1245 539 1446 586; x_wconf 82' lang='lat' dir='ltr'>piaculum.</span> 
     </span>
    </p>

    <p class='ocr_par' dir='ltr' id='par_1_32' title="bbox 1051 595 1673 701">
     <span class='ocr_line' id='line_1_68' title="bbox 1051 595 1673 642; baseline -0.005 -10"><span class='ocrx_word' id='word_1_178' title='bbox 1051 596 1194 633; x_wconf 79' lang='lat' dir='ltr'>Nomen</span> <span class='ocrx_word' id='word_1_179' title='bbox 1227 596 1380 641; x_wconf 87' lang='lat' dir='ltr'>habens,</span> <span class='ocrx_word' id='word_1_180' title='bbox 1413 595 1523 642; x_wconf 89' lang='lat' dir='ltr'>quale</span> <span class='ocrx_word' id='word_1_181' title='bbox 1554 595 1673 638; x_wconf 75' lang='lat' dir='ltr'>(lecet,</span> 
     </span>
     <span class='ocr_line' id='line_1_69' title="bbox 1106 652 1660 701; baseline -0.004 -13"><span class='ocrx_word' id='word_1_182' title='bbox 1106 665 1197 701; x_wconf 82' lang='lat' dir='ltr'>prae</span> <span class='ocrx_word' id='word_1_183' title='bbox 1229 653 1372 690; x_wconf 85' lang='lat' dir='ltr'>cunctis</span> <span class='ocrx_word' id='word_1_184' title='bbox 1404 652 1660 700; x_wconf 83' lang='lat' dir='ltr'>praecipuum,</span> 
     </span>
    </p>

    <p class='ocr_par' dir='ltr' id='par_1_33' title="bbox 1049 710 1520 813">
     <span class='ocr_line' id='line_1_70' title="bbox 1049 710 1429 756; baseline -0.005 -9"><span class='ocrx_word' id='word_1_185' title='bbox 1049 710 1213 756; x_wconf 78' lang='lat' dir='ltr'>Spcciali</span> <span class='ocrx_word' id='word_1_186' title='bbox 1246 710 1429 756; x_wconf 81' lang='lat' dir='ltr'>dignitate</span> 
     </span>
     <span class='ocr_line' id='line_1_71' title="bbox 1106 766 1520 813; baseline 0 -11"><span class='ocrx_word' id='word_1_187' title='bbox 1106 766 1174 802; x_wconf 91' lang='lat' dir='ltr'>tibi</span> <span class='ocrx_word' id='word_1_188' title='bbox 1205 767 1274 803; x_wconf 89' lang='lat' dir='ltr'>soli</span> <span class='ocrx_word' id='word_1_189' title='bbox 1306 776 1520 813; x_wconf 85' lang='lat' dir='ltr'>congruum,</span> 
     </span>
    </p>

    <p class='ocr_par' dir='ltr' id='par_1_34' title="bbox 1049 823 1562 927">
     <span class='ocr_line' id='line_1_72' title="bbox 1049 823 1562 867; baseline 0 -8"><span class='ocrx_word' id='word_1_190' title='bbox 1049 823 1336 860; x_wconf 75' lang='lat' dir='ltr'>Mcmoranduri</span> <span class='ocrx_word' id='word_1_191' title='bbox 1370 829 1403 859; x_wconf 89' lang='lat' dir='ltr'>ct</span> <span class='ocrx_word' id='word_1_192' title='bbox 1437 832 1562 867; x_wconf 83' lang='lat' dir='ltr'>suave,</span> 
     </span>
     <span class='ocr_line' id='line_1_73' title="bbox 1105 878 1546 927; baseline 0.005 -11"><span class='ocrx_word' id='word_1_193' title='bbox 1105 884 1284 927; x_wconf 86' lang='lat' dir='ltr'>grateque</span> <span class='ocrx_word' id='word_1_194' title='bbox 1314 878 1546 918; x_wconf 77' lang='lat' dir='ltr'>mellifluum.</span> 
     </span>
    </p>

    <p class='ocr_par' dir='ltr' id='par_1_35' title="bbox 1049 934 1619 1039">
     <span class='ocr_line' id='line_1_74' title="bbox 1049 934 1619 983; baseline -0.005 -10"><span class='ocrx_word' id='word_1_195' title='bbox 1049 936 1097 973; x_wconf 83' lang='lat' dir='ltr'>Et</span> <span class='ocrx_word' id='word_1_196' title='bbox 1130 937 1219 983; x_wconf 91' lang='lat' dir='ltr'>quid</span> <span class='ocrx_word' id='word_1_197' title='bbox 1252 936 1323 972; x_wconf 86' lang='lat' dir='ltr'>nisi</span> <span class='ocrx_word' id='word_1_198' title='bbox 1353 937 1495 973; x_wconf 84' lang='lat' dir='ltr'>caelum</span> <span class='ocrx_word' id='word_1_199' title='bbox 1525 934 1619 971; x_wconf 81' lang='lat' dir='ltr'>caeli</span> 
     </span>
     <span class='ocr_line' id='line_1_75' title="bbox 1105 993 1553 1039; baseline -0.004 -9"><span class='ocrx_word' id='word_1_200' title='bbox 1105 998 1207 1030; x_wconf 90' lang='lat' dir='ltr'>tuum</span> <span class='ocrx_word' id='word_1_201' title='bbox 1241 993 1361 1029; x_wconf 89' lang='lat' dir='ltr'>dicam</span> <span class='ocrx_word' id='word_1_202' title='bbox 1393 997 1553 1039; x_wconf 88' lang='lat' dir='ltr'>uterum,</span> 
     </span>
    </p>

    <p class='ocr_par' dir='ltr' id='par_1_36' title="bbox 1049 1050 1620 1153">
     <span class='ocr_line' id='line_1_76' title="bbox 1049 1050 1565 1097; baseline -0.004 -10"><span class='ocrx_word' id='word_1_203' title='bbox 1049 1050 1119 1097; x_wconf 81' lang='lat' dir='ltr'>Qui</span> <span class='ocrx_word' id='word_1_204' title='bbox 1150 1050 1358 1096; x_wconf 88' lang='lat' dir='ltr'>replentem</span> <span class='ocrx_word' id='word_1_205' title='bbox 1390 1050 1565 1086; x_wconf 89' lang='lat' dir='ltr'>universa</span> 
     </span>
     <span class='ocr_line' id='line_1_77' title="bbox 1109 1103 1620 1153; baseline -0.002 -11"><span class='ocrx_word' id='word_1_206' title='bbox 1109 1106 1362 1143; x_wconf 88' lang='lat' dir='ltr'>circumclusit</span> <span class='ocrx_word' id='word_1_207' title='bbox 1392 1103 1620 1153; x_wconf 62' lang='lat' dir='ltr'>parvulum?</span> 
     </span>
    </p>

    <p class='ocr_par' dir='ltr' id='par_1_37' title="bbox 1049 1163 1527 1265">
     <span class='ocr_line' id='line_1_78' title="bbox 1049 1163 1527 1210; baseline -0.002 -10"><span class='ocrx_word' id='word_1_208' title='bbox 1049 1163 1159 1201; x_wconf 82' lang='lat' dir='ltr'>Felix</span> <span class='ocrx_word' id='word_1_209' title='bbox 1189 1174 1304 1210; x_wconf 87' lang='lat' dir='ltr'>supra</span> <span class='ocrx_word' id='word_1_210' title='bbox 1336 1168 1527 1200; x_wconf 85' lang='lat' dir='ltr'>creaturas</span> 
     </span>
     <span class='ocr_line' id='line_1_79' title="bbox 1104 1220 1491 1265; baseline 0 -10"><span class='ocrx_word' id='word_1_211' title='bbox 1104 1220 1285 1257; x_wconf 83' lang='lat' dir='ltr'>creatoris</span> <span class='ocrx_word' id='word_1_212' title='bbox 1315 1220 1491 1265; x_wconf 90' lang='lat' dir='ltr'>omnium,</span> 
     </span>
    </p>

    <p class='ocr_par' dir='ltr' id='par_1_38' title="bbox 1048 1275 1681 1495">
     <span class='ocr_line' id='line_1_80' title="bbox 1048 1275 1642 1323; baseline -0.005 -10"><span class='ocrx_word' id='word_1_213' title='bbox 1048 1278 1165 1323; x_wconf 80' lang='lat' dir='ltr'>Quam</span> <span class='ocrx_word' id='word_1_214' title='bbox 1197 1277 1363 1323; x_wconf 86' lang='lat' dir='ltr'>reginam</span> <span class='ocrx_word' id='word_1_215' title='bbox 1397 1275 1490 1313; x_wconf 90' lang='lat' dir='ltr'>caeli</span> <span class='ocrx_word' id='word_1_216' title='bbox 1521 1275 1642 1311; x_wconf 88' lang='lat' dir='ltr'>credit</span> 
     </span>
     <span class='ocr_line' id='line_1_81' title="bbox 1107 1332 1582 1371; baseline 0.004 -2"><span class='ocrx_word' id='word_1_217' title='bbox 1107 1344 1215 1370; x_wconf 87' lang='lat' dir='ltr'>omne</span> <span class='ocrx_word' id='word_1_218' title='bbox 1247 1344 1312 1369; x_wconf 91' lang='lat' dir='ltr'>cor</span> <span class='ocrx_word' id='word_1_219' title='bbox 1343 1332 1582 1371; x_wconf 87' lang='lat' dir='ltr'>catholicum.</span> 
     </span>
     <span class='ocr_line' id='line_1_82' title="bbox 1053 1389 1681 1434; baseline -0.003 -8"><span class='ocrx_word' id='word_1_220' title='bbox 1053 1390 1127 1426; x_wconf 87' lang='lat' dir='ltr'>Ros</span> <span class='ocrx_word' id='word_1_221' title='bbox 1160 1389 1346 1429; x_wconf 79' lang='lat' dir='ltr'>caelestis,</span> <span class='ocrx_word' id='word_1_222' title='bbox 1389 1389 1491 1425; x_wconf 85' lang='lat' dir='ltr'>clara</span> <span class='ocrx_word' id='word_1_223' title='bbox 1522 1389 1681 1434; x_wconf 81' lang='lat' dir='ltr'>lampas,</span> 
     </span>
     <span class='ocr_line' id='line_1_83' title="bbox 1108 1445 1576 1495; baseline -0.002 -13"><span class='ocrx_word' id='word_1_224' title='bbox 1108 1456 1261 1482; x_wconf 88' lang='lat' dir='ltr'>aureum</span> <span class='ocrx_word' id='word_1_225' title='bbox 1294 1445 1576 1495; x_wconf 87' lang='lat' dir='ltr'>candelabrum,</span> 
     </span>
    </p>

    <p class='ocr_par' dir='ltr' id='par_1_39' title="bbox 1048 1503 1681 2915">
     <span class='ocr_line' id='line_1_84' title="bbox 1054 1503 1619 1548; baseline -0.004 -8"><span class='ocrx_word' id='word_1_226' title='bbox 1054 1503 1166 1541; x_wconf 88' lang='lat' dir='ltr'>Cuius</span> <span class='ocrx_word' id='word_1_227' title='bbox 1197 1503 1321 1539; x_wconf 89' lang='lat' dir='ltr'>lumen</span> <span class='ocrx_word' id='word_1_228' title='bbox 1353 1512 1619 1548; x_wconf 84' lang='lat' dir='ltr'>usquequaque</span> 
     </span>
     <span class='ocr_line' id='line_1_85' title="bbox 1108 1559 1568 1606; baseline 0 -10"><span class='ocrx_word' id='word_1_229' title='bbox 1108 1569 1258 1606; x_wconf 88' lang='lat' dir='ltr'>semper</span> <span class='ocrx_word' id='word_1_230' title='bbox 1288 1559 1360 1596; x_wconf 91' lang='lat' dir='ltr'>erit</span> <span class='ocrx_word' id='word_1_231' title='bbox 1391 1559 1568 1596; x_wconf 87' lang='lat' dir='ltr'>lucidum.</span> 
     </span>
     <span class='ocr_line' id='line_1_86' title="bbox 1054 1615 1681 1665; baseline -0.002 -13"><span class='ocrx_word' id='word_1_232' title='bbox 1054 1616 1141 1652; x_wconf 86' lang='lat' dir='ltr'>Plus</span> <span class='ocrx_word' id='word_1_233' title='bbox 1170 1627 1279 1663; x_wconf 91' lang='lat' dir='ltr'>quam</span> <span class='ocrx_word' id='word_1_234' title='bbox 1310 1627 1418 1665; x_wconf 87' lang='lat' dir='ltr'>pura,</span> <span class='ocrx_word' id='word_1_235' title='bbox 1452 1615 1546 1652; x_wconf 87' lang='lat' dir='ltr'>nulli</span> <span class='ocrx_word' id='word_1_236' title='bbox 1573 1615 1681 1664; x_wconf 85' lang='lat' dir='ltr'>dura,</span> 
     </span>
     <span class='ocr_line' id='line_1_87' title="bbox 1104 1672 1556 1717; baseline -0.002 -8"><span class='ocrx_word' id='word_1_237' title='bbox 1104 1673 1199 1709; x_wconf 91' lang='lat' dir='ltr'>nulli</span> <span class='ocrx_word' id='word_1_238' title='bbox 1230 1683 1385 1709; x_wconf 80' lang='lat' dir='ltr'>servans</span> <span class='ocrx_word' id='word_1_239' title='bbox 1417 1672 1556 1717; x_wconf 89' lang='lat' dir='ltr'>odium,</span> 
     </span>
     <span class='ocr_line' id='line_1_88' title="bbox 1049 1729 1678 1778; baseline -0.003 -11"><span class='ocrx_word' id='word_1_240' title='bbox 1049 1729 1203 1768; x_wconf 89' lang='lat' dir='ltr'>Cunctis</span> <span class='ocrx_word' id='word_1_241' title='bbox 1242 1740 1372 1778; x_wconf 83' lang='lat' dir='ltr'>aequa,</span> <span class='ocrx_word' id='word_1_242' title='bbox 1413 1729 1507 1766; x_wconf 90' lang='lat' dir='ltr'>nihil</span> <span class='ocrx_word' id='word_1_243' title='bbox 1536 1739 1678 1775; x_wconf 79' lang='lat' dir='ltr'>amans,</span> 
     </span>
     <span class='ocr_line' id='line_1_89' title="bbox 1095 1785 1630 1833; baseline -0.002 -9"><span class='ocrx_word' id='word_1_244' title='bbox 1095 1787 1194 1833; x_wconf 87' lang='lat' dir='ltr'>quod</span> <span class='ocrx_word' id='word_1_245' title='bbox 1227 1797 1300 1823; x_wconf 91' lang='lat' dir='ltr'>non</span> <span class='ocrx_word' id='word_1_246' title='bbox 1331 1786 1380 1822; x_wconf 87' lang='lat' dir='ltr'>sit</span> <span class='ocrx_word' id='word_1_247' title='bbox 1410 1785 1630 1832; x_wconf 90' lang='lat' dir='ltr'>proficuum.</span> 
     </span>
     <span class='ocr_line' id='line_1_90' title="bbox 1048 1843 1680 1892; baseline 0 -13"><span class='ocrx_word' id='word_1_248' title='bbox 1048 1843 1206 1892; x_wconf 89' lang='lat' dir='ltr'>Fomes⁷</span> <span class='ocrx_word' id='word_1_249' title='bbox 1239 1853 1390 1890; x_wconf 88' lang='lat' dir='ltr'>germen</span> <span class='ocrx_word' id='word_1_250' title='bbox 1426 1849 1538 1889; x_wconf 88' lang='lat' dir='ltr'>atque</span> <span class='ocrx_word' id='word_1_251' title='bbox 1569 1843 1680 1880; x_wconf 84' lang='lat' dir='ltr'>radix</span> 
     </span>
     <span class='ocr_line' id='line_1_91' title="bbox 1107 1899 1580 1946; baseline -0.002 -10"><span class='ocrx_word' id='word_1_252' title='bbox 1107 1904 1344 1937; x_wconf 88' lang='lat' dir='ltr'>aeternorum</span> <span class='ocrx_word' id='word_1_253' title='bbox 1378 1899 1580 1946; x_wconf 73' lang='lat' dir='ltr'>fructuum,</span> 
     </span>
     <span class='ocr_line' id='line_1_92' title="bbox 1048 1957 1679 2005; baseline -0.002 -12"><span class='ocrx_word' id='word_1_254' title='bbox 1048 1957 1191 1994; x_wconf 90' lang='lat' dir='ltr'>Hortus</span> <span class='ocrx_word' id='word_1_255' title='bbox 1224 1957 1336 2005; x_wconf 87' lang='lat' dir='ltr'>regis,</span> <span class='ocrx_word' id='word_1_256' title='bbox 1372 1962 1528 2004; x_wconf 87' lang='lat' dir='ltr'>portans</span> <span class='ocrx_word' id='word_1_257' title='bbox 1558 1957 1679 2003; x_wconf 88' lang='lat' dir='ltr'>illum,</span> 
     </span>
     <span class='ocr_line' id='line_1_93' title="bbox 1103 2013 1679 2062; baseline -0.002 -12"><span class='ocrx_word' id='word_1_258' title='bbox 1103 2014 1165 2060; x_wconf 90' lang='lat' dir='ltr'>qui</span> <span class='ocrx_word' id='word_1_259' title='bbox 1196 2024 1263 2050; x_wconf 91' lang='lat' dir='ltr'>nos</span> <span class='ocrx_word' id='word_1_260' title='bbox 1297 2018 1445 2062; x_wconf 86' lang='lat' dir='ltr'>purgat,</span> <span class='ocrx_word' id='word_1_261' title='bbox 1481 2013 1679 2061; x_wconf 67' lang='lat' dir='ltr'>hysopum,</span> 
     </span>
     <span class='ocr_line' id='line_1_94' title="bbox 1051 2069 1662 2109; baseline -0.002 -1"><span class='ocrx_word' id='word_1_262' title='bbox 1051 2071 1196 2109; x_wconf 88' lang='lat' dir='ltr'>Cedrus</span> <span class='ocrx_word' id='word_1_263' title='bbox 1228 2069 1353 2107; x_wconf 85' lang='lat' dir='ltr'>ferens</span> <span class='ocrx_word' id='word_1_264' title='bbox 1386 2075 1514 2107; x_wconf 87' lang='lat' dir='ltr'>austro</span> <span class='ocrx_word' id='word_1_265' title='bbox 1546 2069 1662 2108; x_wconf 86' lang='lat' dir='ltr'>flante</span> 
     </span>
     <span class='ocr_line' id='line_1_95' title="bbox 1105 2127 1512 2177; baseline -0.005 -12"><span class='ocrx_word' id='word_1_266' title='bbox 1105 2127 1314 2165; x_wconf 86' lang='lat' dir='ltr'>animarum</span> <span class='ocrx_word' id='word_1_267' title='bbox 1348 2128 1512 2177; x_wconf 89' lang='lat' dir='ltr'>epulum,</span> 
     </span>
     <span class='ocr_line' id='line_1_96' title="bbox 1050 2183 1622 2231; baseline 0 -11"><span class='ocrx_word' id='word_1_268' title='bbox 1050 2183 1193 2221; x_wconf 80' lang='lat' dir='ltr'>Nutrix</span> <span class='ocrx_word' id='word_1_269' title='bbox 1224 2184 1308 2231; x_wconf 90' lang='lat' dir='ltr'>Dei,</span> <span class='ocrx_word' id='word_1_270' title='bbox 1341 2195 1485 2221; x_wconf 85' lang='lat' dir='ltr'>summa</span> <span class='ocrx_word' id='word_1_271' title='bbox 1515 2184 1622 2231; x_wconf 89' lang='lat' dir='ltr'>legis,</span> 
     </span>
     <span class='ocr_line' id='line_1_97' title="bbox 1106 2241 1481 2286; baseline -0.003 -8"><span class='ocrx_word' id='word_1_272' title='bbox 1106 2241 1240 2278; x_wconf 87' lang='lat' dir='ltr'>salutis</span> <span class='ocrx_word' id='word_1_273' title='bbox 1271 2241 1481 2286; x_wconf 84' lang='lat' dir='ltr'>exordium,</span> 
     </span>
     <span class='ocr_line' id='line_1_98' title="bbox 1050 2299 1445 2345; baseline -0.005 -9"><span class='ocrx_word' id='word_1_274' title='bbox 1050 2299 1214 2336; x_wconf 88' lang='lat' dir='ltr'>Pascens</span> <span class='ocrx_word' id='word_1_275' title='bbox 1287 2308 1445 2345; x_wconf 86' lang='lat' dir='ltr'>panem,</span> 
     </span>
     <span class='ocr_line' id='line_1_99' title="bbox 1322 2365 1466 2402; baseline -0.014 -10"><span class='ocrx_word' id='word_1_276' title='bbox 1322 2365 1466 2402; x_wconf 85' lang='lat' dir='ltr'>pacem,</span> 
     </span>
     <span class='ocr_line' id='line_1_100' title="bbox 1108 2412 1488 2457; baseline -0.005 -8"><span class='ocrx_word' id='word_1_277' title='bbox 1108 2412 1180 2449; x_wconf 92' lang='lat' dir='ltr'>Dei</span> <span class='ocrx_word' id='word_1_278' title='bbox 1212 2412 1488 2457; x_wconf 86' lang='lat' dir='ltr'>consistorium,</span> 
     </span>
     <span class='ocr_line' id='line_1_101' title="bbox 1050 2468 1679 2515; baseline -0.005 -9"><span class='ocrx_word' id='word_1_279' title='bbox 1050 2470 1138 2507; x_wconf 89' lang='lat' dir='ltr'>Plus</span> <span class='ocrx_word' id='word_1_280' title='bbox 1156 2480 1265 2515; x_wconf 86' lang='lat' dir='ltr'>quam</span> <span class='ocrx_word' id='word_1_281' title='bbox 1285 2474 1440 2515; x_wconf 77' lang='lat' dir='ltr'>martyr.</span> <span class='ocrx_word' id='word_1_282' title='bbox 1458 2468 1545 2514; x_wconf 86' lang='lat' dir='ltr'>quia</span> <span class='ocrx_word' id='word_1_283' title='bbox 1556 2478 1679 2515; x_wconf 91' lang='lat' dir='ltr'>regem</span> 
     </span>
     <span class='ocr_line' id='line_1_102' title="bbox 1106 2526 1521 2572; baseline -0.005 -10"><span class='ocrx_word' id='word_1_284' title='bbox 1106 2526 1267 2572; x_wconf 88' lang='lat' dir='ltr'>genuisti</span> <span class='ocrx_word' id='word_1_285' title='bbox 1299 2530 1521 2572; x_wconf 73' lang='lat' dir='ltr'>martyrum,</span> 
     </span>
     <span class='ocr_line' id='line_1_103' title="bbox 1051 2581 1580 2628; baseline -0.004 -8"><span class='ocrx_word' id='word_1_286' title='bbox 1051 2583 1165 2620; x_wconf 80' lang='lat' dir='ltr'>Cuius</span> <span class='ocrx_word' id='word_1_287' title='bbox 1198 2581 1284 2619; x_wconf 88' lang='lat' dir='ltr'>fecit</span> <span class='ocrx_word' id='word_1_288' title='bbox 1318 2593 1419 2619; x_wconf 89' lang='lat' dir='ltr'>mors</span> <span class='ocrx_word' id='word_1_289' title='bbox 1448 2586 1580 2628; x_wconf 83' lang='lat' dir='ltr'>patere</span> 
     </span>
     <span class='ocr_line' id='line_1_104' title="bbox 1106 2639 1530 2686; baseline -0.002 -11"><span class='ocrx_word' id='word_1_290' title='bbox 1106 2639 1296 2676; x_wconf 85' lang='lat' dir='ltr'>tramitem</span> <span class='ocrx_word' id='word_1_291' title='bbox 1328 2639 1530 2686; x_wconf 87' lang='lat' dir='ltr'>sidereum,</span> 
     </span>
     <span class='ocr_line' id='line_1_105' title="bbox 1053 2695 1567 2742; baseline -0.004 -9"><span class='ocrx_word' id='word_1_292' title='bbox 1053 2700 1171 2742; x_wconf 75' lang='lat' dir='ltr'>Quem</span> <span class='ocrx_word' id='word_1_293' title='bbox 1203 2701 1329 2733; x_wconf 84' lang='lat' dir='ltr'>reatus</span> <span class='ocrx_word' id='word_1_294' title='bbox 1361 2695 1567 2742; x_wconf 86' lang='lat' dir='ltr'>potoplasti</span> 
     </span>
     <span class='ocr_line' id='line_1_106' title="bbox 1108 2751 1517 2800; baseline 0 -11"><span class='ocrx_word' id='word_1_295' title='bbox 1108 2751 1251 2790; x_wconf 86' lang='lat' dir='ltr'>fecerat</span> <span class='ocrx_word' id='word_1_296' title='bbox 1281 2752 1517 2800; x_wconf 85' lang='lat' dir='ltr'>impervium.</span> 
     </span>
     <span class='ocr_line' id='line_1_107' title="bbox 1050 2809 1489 2848; baseline -0.005 -1"><span class='ocrx_word' id='word_1_297' title='bbox 1050 2810 1163 2848; x_wconf 86' lang='lat' dir='ltr'>Ficus</span> <span class='ocrx_word' id='word_1_298' title='bbox 1194 2809 1489 2846; x_wconf 88' lang='lat' dir='ltr'>immortalitatis</span> 
     </span>
     <span class='ocr_line' id='line_1_108' title="bbox 1105 2865 1514 2915; baseline -0.007 -12"><span class='ocrx_word' id='word_1_299' title='bbox 1105 2865 1303 2915; x_wconf 83' lang='lat' dir='ltr'>proferens</span> <span class='ocrx_word' id='word_1_300' title='bbox 1334 2866 1514 2913; x_wconf 70' lang='lat' dir='ltr'>edulium,</span> 
     </span>
    </p>
   </div>
   <div class='ocr_carea' id='block_1_25' title="bbox 1526 2302 1682 2344">
    <p class='ocr_par' dir='ltr' id='par_1_40' title="bbox 1526 2302 1682 2344">
     <span class='ocr_line' id='line_1_109' title="bbox 1526 2302 1682 2344; baseline -0.006 -10"><span class='ocrx_word' id='word_1_301' title='bbox 1526 2302 1682 2344; x_wconf 85' lang='lat' dir='ltr'>portans</span> 
     </span>
    </p>
   </div>
  </div>
 </body>
</html>
