1914 3223
98 333 160 371 15.

104 707 166 743 16.

109 1449 170 1488 18.

144 2183 160 2214 'i

110 2183 176 2287 2(ss
206 2237 358 2275 Gaudes
389 2249 469 2274 cum
499 2237 590 2275 flore

114 2548 178 2586 21.

193 332 255 370 Sic
285 332 480 380 inspirata,

194 390 256 427 Sic
287 390 478 426 vulnerata

253 446 416 492 Cuspide
446 444 529 489 zeli,

199 502 327 540 Dulcis
357 502 493 539 amoris

201 559 305 596 Intus
336 564 368 594 et
401 557 492 596 foris

255 615 413 652 Numine
444 613 538 650 caeli

199 706 339 743 Ferves
370 707 403 740 et
435 714 550 752 amas,
596 732 602 737 .

197 760 364 798 Fen-ens
395 760 594 804 exclamas,

255 817 367 863 virgo
395 817 537 863 perita:

199 875 240 911 ln
271 884 329 910 me
359 878 518 922 servata,

202 930 296 967 Mihi
328 934 484 976 cognata

257 985 408 1023 Caelibe
440 986 515 1022 vita

163 1106 170 1114 .
203 1076 288 1113 Fiat
319 1075 477 1112 ancillae

203 1132 271 1169 Dei
305 1131 475 1169 tantillae

259 1189 352 1226 Mihi
384 1188 586 1225 secundum

201 1246 321 1283 Tuum
355 1246 422 1282 hoe
452 1245 527 1282 tale

204 1302 366 1339 Verbum
399 1301 525 1350 vitale,

258 1359 433 1396 Sanctum
466 1362 502 1394 et
532 1357 720 1402 mundum,

205 1449 253 1487 Ut
285 1449 390 1486 salva
419 1449 491 1485 mei

203 1505 338 1541 Filium
371 1505 440 1542 Dei

262 1561 482 1608 virginitate

204 1617 320 1656 Utero
351 1616 482 1662 feram,

206 1675 356 1720 Integra
385 1684 509 1721 geram

259 1731 516 1769 Fecunditate.

164 1846 172 1853 .
203 1815 329 1852 Mater
359 1815 486 1852 divina

203 1871 264 1909 Sic
291 1876 326 1908 et
357 1871 486 1918 regina

260 1929 377 1966 Facta
407 1928 609 1977 credendo,

205 1985 398 2022 Dominum
432 1985 526 2022 caeli

204 2040 326 2078 Verbo
356 2040 459 2078 fideli

262 2097 527 2147 Concipiendo,

208 2181 342 2219 Matris
372 2181 511 2218 honore

262 2295 508 2342 virginitatis,

205 2351 318 2398 Virgo
349 2350 517 2399 perfecta

207 2407 332 2444 Mater
361 2407 503 2455 effecta,

262 2463 337 2501 Sed
369 2464 531 2504 deitatis,

209 2550 335 2585 Aevus
349 2545 382 2598 ยน)
415 2549 595 2598 conclavi,

208 2604 361 2651 Munda,
389 2605 492 2642 suavi

262 2661 341 2698 Rex
373 2661 591 2710 honestatis,

208 2717 307 2754 Deus
336 2723 371 2754 et
403 2718 511 2756 homo

206 2773 308 2811 Tuae
337 2773 375 2811 in
406 2774 516 2811 domo

268 2830 500 2877 Integritatis

189 2939 212 2980 ยน)
234 2914 344 2973 Eiuhs
372 2942 432 2973 ns.

905 703 969 741 23.

910 1076 976 1113 24.

912 1818 978 1855 26.

913 2185 978 2223 27.

917 2555 983 2593 28.

960 360 968 368 .
1003 327 1111 366 Sedit
1140 327 1344 378 absconsus

1002 385 1052 422 Et
1082 389 1269 431 tamquam
1301 392 1460 430 sponsus

1060 441 1151 478 Inde
1182 439 1379 487 processit,

1001 498 1076 535 Sed
1108 498 1168 534 hic
1197 509 1220 534 a
1251 501 1374 534 mente

1002 554 1084 591 Tua
1110 554 1292 591 clemente

1059 610 1260 657 Nunquam
1292 609 1462 655 recessit,

1002 701 1083 738 Tua
1114 701 1176 747 qui
1208 704 1331 746 porta,

1002 757 1201 805 Nunquam
1235 757 1396 794 distorta

1060 814 1222 852 Satanae
1253 813 1405 862 morbis,

1003 871 1117 909 Venit
1147 881 1169 908 a
1200 870 1323 908 clausa

1004 927 1135 965 Nostri
1170 927 1217 964 de
1247 937 1360 964 causa

1064 984 1249 1022 Conditor
1279 983 1394 1027 orbiS,

1006 1074 1057 1113 Ut
1086 1074 1177 1111 solis
1208 1073 1340 1111 radius

1009 1131 1167 1178 Semper
1196 1130 1385 1178 innoxius,

1064 1189 1183 1226 Immo
1213 1187 1270 1226 sol
1300 1197 1411 1224 verus

1008 1248 1160 1282 intrans
1191 1248 1229 1281 et
1259 1244 1402 1291 exiens,

1011 1301 1123 1338 Lenis
1155 1306 1192 1337 et
1221 1300 1368 1338 leniens

1066 1357 1263 1405 Nunquam
1295 1367 1461 1395 severus.

971 1478 979 1486 .
1010 1449 1127 1496 Ergo,
1159 1459 1254 1495 quae
1286 1448 1402 1485 solem

1011 1505 1129 1542 Deum
1158 1505 1196 1542 in
1227 1505 1384 1554 prolem,

1067 1562 1197 1609 Virgo,
1229 1562 1362 1612 tulisti,

1012 1618 1099 1656 Sole
1132 1618 1260 1655 divino

1010 1675 1135 1723 Magis
1165 1675 1316 1712 omnino

1069 1732 1183 1779 Virgo
1214 1730 1330 1769 fuisti.

1008 1817 1123 1864 Ergo,
1155 1815 1309 1854 luciflua

1008 1873 1137 1922 Virgo,
1173 1872 1365 1921 dulciflua,

1066 1931 1170 1976 Quae
1199 1941 1273 1967 non
1305 1929 1511 1967 contemnis

1009 1988 1102 2034 Nos,
1135 1988 1225 2024 licet
1254 1987 1427 2036 humiles,

1011 2043 1182 2081 Nebulae
1214 2044 1368 2093 similes,

1067 2101 1182 2148 Virgo
1213 2101 1404 2149 perennis,

1013 2186 1244 2231 Quaesumus
1275 2185 1418 2231 miseri,

1011 2242 1161 2280 Nebula
1191 2243 1312 2279 veteri

1069 2299 1285 2346 Caliginosi,

1010 2356 1242 2402 Quaesumus
1273 2354 1448 2403 humiles,

1011 2413 1188 2462 Turbidi,
1222 2411 1376 2460 fragiles

1069 2469 1120 2506 Et
1150 2469 1356 2516 tenebrosi,

1014 2554 1094 2591 Nos
1124 2555 1187 2602 pie
1218 2554 1351 2605 libera,

1013 2611 1133 2659 Virgo
1165 2609 1338 2656 lucifera,

1072 2669 1222 2706 Saeculi
1252 2669 1345 2719 salo,

1011 2725 1148 2762 Mundi
1179 2725 1372 2774 periculis,

1012 2781 1147 2819 Zabuli
1178 2781 1347 2831 spiculis,

1068 2838 1130 2875 Ab
1161 2839 1261 2875 omni
1293 2839 1407 2879 ma10.
