2031 3289
295 300 388 339 141.

294 728 388 768 142.

295 1155 388 1195 143.

297 1585 317 1623 1
326 1586 390 1623 44.

291 2012 384 2051 145.

294 2440 385 2479 146.

914 187 1299 228 —642—·

435 300 537 346 Quae
568 300 732 338 candore
762 304 868 338 tanto
900 301 1006 349 cluis,

433 356 528 394 Esto
559 356 682 405 nobis,
713 357 832 394 servis
865 357 952 404 tuis,

490 412 662 450 Clemens
693 418 730 450 et
760 413 939 460 propitia,

430 469 579 516 Rumpe
608 469 704 507 viles
734 469 839 506 Evae
869 474 991 515 netuS,

432 524 515 562 Nec
541 536 608 562 nos
640 526 758 562 saltus
789 525 855 563 ille
885 529 993 563 vetus

487 582 628 619 Arceat
660 592 682 618 a
712 581 845 628 gloria.

435 729 530 775 Ave,
562 727 668 774 virgo
700 728 924 774 reverenda,

433 783 522 821 Sine
552 794 684 832 naevo,
717 784 800 820 sine
829 783 980 829 menda,

491 840 600 877 Luna
630 840 712 876 sine
743 840 933 886 cornibus,

432 896 501 943 Tu,
515 906 610 942 quae
621 907 740 943 prava
751 900 849 942 sunt,
864 896 1036 943 emenda,

434 952 590 990 Claudis
607 963 774 999 gressum
794 957 830 989 et
846 953 972 989 lumen
991 952 1039 990 da

492 1009 636 1059 Caecis,
670 1009 786 1046 risum
816 1008 1004 1048 tristibus,

435 1155 552 1202 Virgo
582 1155 659 1203 pia,
690 1155 797 1202 virgo
828 1156 936 1205 lenis,

435 1212 539 1257 Quae
562 1211 701 1249 dedisti
721 1212 861 1249 calcem
878 1212 1037 1262 threniS‚

489 1268 609 1314 Opem
641 1268 749 1305 nobis
781 1268 906 1305 tribue

430 1324 482 1361 Et
511 1325 550 1360 in
581 1324 690 1361 huius
722 1325 822 1361 vitae
853 1325 934 1362 salo

430 1379 714 1427 Naufragantes
745 1392 812 1418 nos
844 1393 866 1418 a
895 1382 996 1419 malo

488 1437 772 1484 Tempestatum
805 1448 906 1478 erue.

436 1584 548 1622 Felix
579 1584 693 1621 tellus
723 1584 934 1633 ingravata,

433 1641 509 1678 Sed
545 1651 617 1677 nec
647 1640 765 1677 scissa
796 1651 865 1677 nec
895 1641 1041 1678 sulcata

487 1697 685 1734 Rusticani
717 1707 880 1744 vomere,

430 1753 636 1800 Captiones
667 1753 746 1790 eius
778 1764 896 1803 cassa,

431 1810 504 1856 Qui
533 1821 601 1847 nos
632 1809 756 1859 hamo,
789 1809 874 1859 reti,
906 1820 1019 1847 nassa

485 1866 632 1903 Nititur
664 1866 854 1913 decipere.

1109 301 1201 339 147.

1111 727 1204 767 148.

1110 1156 1205 1195 149.

1112 1585 1204 1625 150.

1247 301 1376 348 Virgo,
1418 302 1546 338 nutrix
1582 303 1850 355 orphanorum,

1247 358 1378 406 Virgo,
1410 369 1542 404 parma
1571 360 1793 405 pavidorum

1304 414 1356 450 Et
1385 415 1488 461 aegis
1520 416 1721 461 egentium,

1247 470 1367 507 Tuum
1383 467 1417 520 ¹)
1445 480 1585 517 quaeso
1608 472 1669 508 vel
1690 472 1853 509 ocellum

1247 526 1311 563 Ad
1342 537 1541 564 curvosum
1572 532 1608 564 et
1638 528 1826 565 misellum

1302 582 1490 620 Converte
1519 584 1760 631 mancipium.

1251 728 1378 778 Virgo,
1413 732 1515 766 tuam
1548 733 1613 766 tuo
1644 739 1767 776 servo,

1248 784 1319 830 Qui
1350 785 1502 822 virtutis
1531 789 1635 822 caret
1665 796 1792 833 nervo,

1305 840 1488 878 Dextram
1519 845 1608 888 peto
1638 841 1795 889 porrigi,

1249 897 1409 942 Quando
1439 898 1560 945 labor,
1589 902 1670 935 esto
1700 907 1831 947 prope,

1252 953 1368 991 Cuius
1400 952 1534 1002 fulcro,
1569 954 1674 991 cuius
1705 964 1777 1001 ope

1306 1010 1424 1057 Lapsi
1454 1010 1578 1047 solent
1608 1010 1714 1058 erigi.

1248 1156 1378 1203 Virgo,
1410 1156 1517 1193 verbi
1547 1157 1719 1205 genialis,

1249 1212 1358 1250 Tutis
1388 1215 1451 1249 tue
1464 1209 1499 1263 2)
1530 1216 1632 1249 tuum
1665 1213 1735 1250 alis

1303 1269 1354 1306 Et
1386 1273 1539 1306 extento
1570 1269 1738 1315 brachio,

1249 1325 1376 1363 Trahe
1396 1330 1499 1362 tuum
1522 1330 1609 1372 post
1629 1330 1666 1362 te
1688 1336 1852 1375 sursum,

1248 1382 1392 1419 Fausto
1423 1380 1543 1419 falsae
1573 1382 1675 1419 vitae
1702 1393 1854 1419 cursum

1308 1437 1497 1476 Claudens
1529 1439 1788 1485 completorio.

1251 1584 1381 1622 Scelus
1413 1595 1535 1621 meum
1567 1590 1604 1621 et
1631 1594 1834 1632 peccamen

1251 1641 1506 1688 Recognosco,
1534 1642 1635 1678 lente
1662 1645 1788 1678 tamen

1307 1697 1392 1734 Hoc
1423 1696 1563 1734 deflere
1592 1701 1734 1747 satago,

1252 1754 1431 1791 Irretitus
1462 1765 1543 1790 sum
1574 1754 1755 1803 peccatis,

1254 1809 1329 1847 Sed
1362 1810 1409 1847 de
1439 1814 1525 1847 tuae
1555 1811 1710 1857 pietatis

1309 1866 1426 1903 Vasto
1454 1865 1531 1904 fido
1562 1867 1708 1913 pelage.

432 2013 560 2062 Virgo,
598 2017 765 2050 staurum
797 2012 1036 2060 perditorum
1107 2012 1202 2052 151.
1245 2013 1850 2064 Mentemmeampremittremor,

430 2069 482 2106 Et
511 2069 661 2106 medela
692 2070 959 2116 languidorum

458 2125 634 2172 Lyraque
665 2125 886 2174 lugentium,

430 2182 588 2219 Servum
619 2185 736 2227 tuum,
769 2182 832 2228 qui
863 2186 900 2219 te
921 2181 1036 2219 balbo

430 2238 581 2275 Laudat
609 2249 686 2284 ore,
720 2237 780 2275 fac
811 2239 849 2275 in
881 2238 968 2276 albo

487 2294 612 2332 Scribi
643 2295 970 2341 triumphantium.

433 2441 548 2488 Virgo
579 2442 731 2491 munda,
764 2441 895 2478 mundi
925 2442 1015 2489 vita,

433 2497 596 2546 Concha,
631 2498 678 2535 de
708 2509 780 2544 qua
811 2498 1019 2545 margarita

490 2554 662 2592 Pretiosa
693 2555 874 2601 nascitur,

432 2610 618 2647 Miserere
648 2614 712 2647 tuo
744 2621 864 2657 servo,

432 2667 503 2711 Qui
534 2667 680 2712 peccati
713 2670 838 2703 tentus
870 2677 960 2703 ervo

487 2723 609 2759 Iesum
641 2723 742 2759 lente
770 2723 953 2770 sequitur.

406 2853 431 2893 ¹)
466 2857 591 2887 Meum.
621 2875 660 2879 —

406 2898 433 2937 2)
468 2901 554 2932 elue.
580 2919 623 2922 —

1109 2441 1202 2482 152.

1248 2069 1340 2106 Cum
1357 2069 1527 2117 attendo,
1545 2069 1680 2116 quibus
1702 2079 1856 2116 premor

1302 2126 1353 2163 Et
1383 2130 1472 2173 quot
1503 2125 1613 2163 malis
1644 2126 1794 2173 sordeo,

1248 2182 1396 2220 Memor
1436 2182 1567 2219 horum
1598 2183 1636 2220 in
1665 2193 1733 2229 spe
1763 2185 1854 2219 nuto

1247 2239 1318 2276 Tui
1349 2249 1492 2276 memor
1522 2244 1559 2275 te
1589 2239 1712 2276 saluto

1304 2295 1355 2332 Et
1385 2306 1490 2342 spem
1522 2295 1614 2331 mihi
1644 2295 1824 2342 spondeo.

1249 2443 1323 2480 Per
1353 2446 1390 2478 te
1421 2452 1530 2479 servo
1559 2446 1624 2479 tuo
1656 2442 1777 2491 detur,

1248 2499 1301 2536 Ut
1332 2498 1524 2546 hymnizet
1556 2502 1591 2535 et
1622 2499 1786 2536 laetetur

1305 2555 1348 2591 In
1382 2559 1568 2592 conventu
1600 2555 1788 2602 caelitum,

1250 2611 1326 2649 Ubi
1358 2611 1459 2647 cedit
1489 2621 1639 2648 maeror
1669 2611 1790 2660 melis,

1249 2667 1326 2706 Ubi
1358 2678 1429 2704 non
1461 2672 1515 2704 est
1547 2666 1719 2704 infirmae
1749 2667 1796 2705 lis

1305 2723 1439 2761 Carnis
1471 2729 1603 2761 contra
1633 2724 1820 2771 spiritum.

1985 3079 2013 3289 z?—
1988 2605 2009 3062 -‘'—-‘*‘-''-‘
