2031 3289
241 316 308 354 35.

243 596 308 634 36.

241 876 306 915 37.

846 197 1153 238 —434—

339 314 418 352 Iam
449 312 621 349 sublimis
653 310 753 349 facta
784 312 896 348 nimis

395 369 529 406 Manes
561 369 666 405 iuxta
696 367 826 417 filium,

339 425 449 463 Celsa
479 424 570 462 sede
598 424 793 461 intercede

396 482 471 520 Pro
502 481 624 518 salute
654 481 832 517 omnium.

340 594 420 632 Nos
455 590 627 630 conforta
658 596 694 629 et
725 597 881 639 reporta

398 650 537 687 Munus
567 648 837 698 indulgentiae,

339 707 391 746 Ut
421 704 606 742 reformes
637 715 705 742 nos
737 715 909 742 enormes

396 762 459 799 Ad
492 765 630 798 statum
662 761 846 799 iustitiae.

341 875 440 912 Meis
470 874 568 911 caris
599 872 773 920 largiaris

396 931 476 968 Iam
510 928 700 967 defunctis
732 929 878 967 veniam

339 988 389 1026 Et
423 989 642 1023 cunctorum
675 987 955 1023 commodorum

397 1043 481 1088 His,
518 1043 581 1089 qui
612 1043 756 1090 vivunt,
789 1043 948 1089 copiam.

1053 312 1119 351 38.
1152 311 1233 348 Illis
1259 320 1405 347 mecum
1437 310 1535 347 dona
1566 320 1719 357 precum

1209 367 1374 404 Tuamm
1405 365 1594 412 suffragia,

1153 423 1206 461 Ut
1236 423 1418 460 moderna
1449 427 1485 460 et
1516 426 1671 459 aeterna

1210 480 1401 516 Fruamur
1429 478 1589 517 laetitia.
1676 477 1681 482 ’

1059 594 1125 631 33.
1157 592 1187 630 O
1219 591 1360 639 Maria,
1392 596 1513 629 mater
1543 591 1618 639 pia,

1211 648 1331 684 Tuum
1365 647 1413 685 da
1444 647 1666 695 subsidium,

1156 705 1235 751 Quo
1267 703 1461 741 vincamus
1493 709 1530 740 et
1559 703 1729 740 vivamus

1215 761 1257 797 In
1289 766 1391 798 terra
1421 759 1641 798 viventium.

1059 875 1124 912 40.
1158 873 1216 910 Da
1247 873 1433 910 medelam
1465 876 1501 909 et
1529 871 1685 909 tutelam

1214 929 1369 967 Cunctis
1401 934 1438 965 te
1470 927 1689 976 colentibus,

1158 987 1291 1023 Pacem
1325 985 1460 1022 bonam
1493 988 1529 1021 et
1561 994 1738 1021 coronam

1214 1042 1306 1080 Cum
1337 1041 1510 1088 supernis
1541 1040 1698 1078 civibus.

641 1156 707 1193 41.
743 1155 856 1192 Pater
886 1155 1002 1203 Deus,
1034 1154 1088 1191 fili
1118 1154 1234 1202 Deus²

796 1212 897 1249 Deus
928 1212 1025 1248 alme
1055 1211 1224 1258 spiritus,

744 1268 814 1304 Per
844 1272 998 1305 aeterna
1027 1278 1095 1305 nos
1126 1267 1293 1314 guberna

797 1324 900 1361 Deus
927 1334 1021 1361 unus
1052 1325 1214 1362 saecula.

814 1493 1092 1539 Rhythmus
1133 1493 1197 1531 VI.

297 1633 305 1642 .
337 1605 433 1653 Ave,
465 1605 584 1652 virgo,
616 1616 710 1652 quae
740 1606 845 1653 origo

396 1661 514 1699 Nobis
546 1672 584 1699 es
615 1662 783 1699 laetitiae

340 1718 633 1765 Redemptorem
665 1722 701 1755 et
732 1723 925 1756 auctorem

396 1772 588 1812 Pariendo
619 1775 772 1822 gloriae.

306 1918 313 1925 .
346 1886 464 1933 Virgo
495 1891 629 1934 mater,
661 1897 731 1934 per
757 1899 869 1935 quam
890 1891 973 1926 ater

400 1943 566 1989 Spiritus
597 1943 782 1989 occubuit,

342 1999 422 2044 Quo
455 1999 651 2046 primaeva
680 2005 802 2037 mater
832 2001 915 2039 Eva

400 2055 634 2103 Suggerente
666 2057 826 2106 corruit3

303 2199 309 2206 .
341 2167 455 2205 Alma
485 2178 635 2215 parens,
668 2170 766 2206 omni
799 2179 932 2207 carens

395 2224 644 2271 Corruptelae
674 2226 834 2272 macula,

338 2281 456 2326 Quam
489 2281 613 2327 elegit,
645 2282 709 2327 qui
740 2281 925 2330 confregit

396 2337 513 2375 Dirae
543 2338 674 2374 mortis
705 2338 878 2386 vincula3

308 2481 316 2488 .
349 2449 522 2488 Clemens
545 2454 709 2498 praesta,
735 2455 773 2488 ut
794 2452 855 2498 qui
880 2449 976 2489 festa

402 2506 484 2543 Tua
513 2506 679 2552 gaudent
711 2507 845 2551 colere,

346 2561 595 2599 Gratulentur
627 2567 663 2598 et
695 2563 862 2601 ditentur

403 2618 525 2656 Verae
556 2619 650 2656 lucis
681 2629 847 2658 munere.

300 2759 308 2768 .
341 2730 467 2767 Mater
488 2731 642 2778 Christi,
666 2742 761 2779 quae
779 2732 846 2769 das
868 2732 968 2769 tristi

395 2787 555 2825 Animae
584 2788 780 2834 laetitiam,

343 2842 412 2890 Da,
445 2844 544 2890 quod
577 2855 728 2894 quaero⁷
761 2849 801 2881 ut
823 2845 970 2883 sincero

399 2900 523 2937 sorde
555 2901 705 2939 Christo
736 2903 910 2940 serviam.

1083 1608 1119 1645 6.
1154 1606 1393 1642 Mansuetum
1425 1610 1462 1641 et
1492 1605 1658 1651 quietum

1209 1662 1343 1699 Redde
1373 1671 1494 1698 meum
1526 1661 1701 1711 animum,

1153 1719 1206 1757 Ut
1236 1718 1274 1755 in
1303 1718 1424 1756 Deum
1455 1722 1518 1756 aut
1549 1718 1587 1754 in
1618 1728 1738 1755 meum

1210 1774 1292 1812 Non
1318 1775 1532 1821 delinquam
1554 1775 1786 1821 proximum.

1088 1889 1125 1926 7.
1155 1887 1370 1934 Margarita
1400 1887 1533 1924 summi
1565 1887 1638 1924 sita

1213 1944 1327 1991 Regis
1361 1944 1585 1993 diademate,

1157 2001 1258 2047 Quae
1291 2004 1508 2038 cunctarum
1542 2000 1747 2047 gratiarum

1214 2057 1265 2094 Es
1297 2062 1431 2094 ornata
1461 2057 1675 2105 schemate3

1083 2170 1120 2208 8.
1152 2169 1273 2207 Maris
1305 2170 1428 2217 stella,
1461 2169 1533 2207 Dei
1565 2169 1659 2206 cella

1213 2226 1447 2273 Vix-tutisque
1478 2226 1684 2273 speculum,

1152 2283 1268 2329 Quam
1302 2282 1463 2320 miratur
1493 2287 1527 2319 et
1559 2288 1738 2330 precatur

1211 2338 1438 2377 Universum
1470 2339 1680 2386 saeculum3

1089 2453 1125 2490 9.
1159 2451 1229 2490 Da.
1262 2455 1301 2488 ut
1329 2462 1461 2497 queam
1483 2455 1645 2489 mentem
1666 2461 1785 2489 meam

1215 2508 1433 2545 Emundare
1464 2508 1565 2545 vitiis

1159 2564 1387 2602 Exercendo
1418 2568 1453 2600 et
1486 2565 1645 2601 colendo

1215 2619 1340 2657 Sacris
1372 2631 1451 2657 eam
1483 2620 1634 2658 studiis.

1056 2734 1120 2772 10.
1154 2733 1273 2781 Dona,
1308 2733 1473 2779 inquam,
1505 2737 1544 2769 ut
1577 2733 1745 2770 evineam

1209 2789 1497 2836 Temptameuta
1528 2789 1763 2833 daemonum,

1154 2845 1210 2882 Nc
1242 2846 1442 2892 permittas
1472 2855 1541 2892 per
1571 2846 1730 2895 sagittas

1210 2902 1273 2938 Me
1306 2902 1432 2948 perire
1464 2902 1678 2940 criminum.
