2031 3289
951 175 1229 216 -48-

330 293 368 330 3.
401 291 596 338 Supernae
628 291 751 329 claves
781 291 916 327 ianuae
1142 291 1179 327 5.
1211 288 1356 327 Umbra
1385 292 1462 336 tua,
1494 299 1577 325 cum
1607 287 1796 337 graderis,

399 347 498 397 Tibi,
532 348 659 395 Petre‚
690 352 776 384 sunt
806 346 983 392 traditae,
1211 344 1274 381 Fit
1305 344 1492 382 medicina
1519 344 1719 392 languidis,

400 403 564 451 Tuisque
594 407 727 450 patent
756 402 901 450 legibus
1211 400 1402 438 Textrinis
1433 412 1501 438 usa
1533 402 1690 439 vestium

400 460 568 497 Terrena
599 471 681 496 cum
714 458 950 496 caelestibus.
1212 456 1365 504 Sprevit
1393 457 1556 495 Tabitha
1586 456 1778 496 feretrum.

328 575 365 612 4.
398 573 455 610 Tu
486 577 632 618 petram
665 581 775 608 verae
804 569 906 617 fidei,
1144 570 1177 607 6.
1213 568 1354 606 Catena
1381 569 1546 606 vinctum
1577 569 1725 616 gemina

399 629 456 666 Tu
487 628 605 665 basim
637 626 802 664 aedificii
1214 625 1341 662 Virtus
1370 625 1484 662 solvit
1511 625 1693 672 angelica,

398 685 567 732 Fundas,
600 684 639 720 in
669 693 741 729 qua
772 681 959 719 catholica
1214 682 1326 718 Veste
1356 686 1505 728 sumpta
1536 691 1618 719 cum
1649 681 1780 728 caligis

400 741 497 779 Fixa
527 739 648 787 surgit
678 738 851 778 ecclesia.
1214 739 1416 775 Patescunt
1446 736 1547 775 fores
1579 738 1755 776 carceris,

770 841 805 878 7.
838 839 896 877 Sit
924 839 1025 885 patri
1055 839 1137 876 laus
1168 839 1348 888 ingenito,

836 895 894 933 Sit
924 896 1038 932 decus
1067 896 1271 943 unigenito,

843 951 900 989 Sit
929 952 1124 999 utriusque
1155 952 1267 1000 parili

837 1008 1019 1046 Maiestas
1050 1019 1194 1045 summa
1223 1007 1378 1046 flamini.

407 1133 502 1165 Orat.
535 1142 598 1163 ms.
631 1131 824 1172 Campense
856 1130 939 1161 anni
974 1127 1070 1162 1462.
1121 1129 1202 1161 Cod.
1227 1130 1486 1162 Darmstadien.
1519 1127 1596 1161 521.
1620 1130 1660 1162 A.
1683 1148 1728 1152 —
1751 1131 1874 1174 Migne

312 1179 335 1210 l.
361 1189 389 1211 c.
414 1176 477 1210 941
510 1188 560 1219 sq.
585 1178 624 1208 Β.
647 1193 692 1198 -
724 1173 763 1214 3,
796 1173 818 1207 3
850 1175 928 1206 Lies
952 1176 1099 1217 parent?
1123 1192 1167 1196 —
1191 1172 1223 1212 4,
1248 1173 1269 1206 2
1294 1175 1396 1206 Tuba
1429 1177 1553 1208 summi
1587 1175 1735 1209 aedificii
1759 1177 1799 1208 A.
1824 1193 1871 1199 —-

313 1222 344 1266 6,
370 1221 392 1255 3
416 1225 511 1256 Iuste
537 1225 674 1264 sumpta
700 1221 739 1252 A.
764 1238 808 1242 -—
834 1221 897 1251 Am
926 1220 1063 1252 Raude:
1089 1220 1246 1251 Petrus
1270 1221 1493 1252 Damiani.
1520 1221 1559 1252 A.

809 1398 866 1434 47.
902 1398 969 1439 (32.
1005 1398 1056 1434 De
1081 1399 1207 1434 sancto
1232 1397 1370 1433 Rufino.
1414 1445 1416 1448 y

328 1517 364 1556 1.
393 1517 574 1564 Magnum
605 1515 731 1554 Rufini
761 1516 936 1552 meritum
1144 1516 1182 1553 4.
1214 1515 1442 1552 Detruditur
1472 1515 1511 1552 in
1540 1514 1728 1552 clibanum

396 1573 524 1611 Turba
556 1577 665 1610 canat
694 1572 874 1620 fidelium,
1213 1571 1416 1609 Furentem
1447 1570 1608 1609 fiammis
1638 1571 1792 1618 ignium,

397 1631 478 1676 Quo
509 1630 638 1666 mundi
669 1629 793 1667 victor
823 1628 969 1666 exstitit
1211 1628 1385 1665 Caminus
1416 1628 1484 1666 sed
1514 1627 1681 1665 incendii

395 1687 447 1724 Et
476 1686 574 1723 liber
603 1690 707 1723 astra
737 1686 859 1733 petiit.
1212 1685 1277 1723 Fit
1306 1695 1436 1721 nemus
1466 1682 1669 1732 refrigerii.

325 1801 360 1838 2.
391 1800 561 1837 Bellator
591 1799 860 1837 invictissimus
1140 1801 1177 1838 5.
1211 1799 1309 1836 Nam
1340 1797 1498 1835 fiammis
1532 1797 1806 1845 crepitantibus

394 1856 557 1894 Praebet
586 1867 653 1893 ora
682 1856 885 1903 lapidibus,
1209 1855 1342 1893 Clarus
1371 1855 1556 1892 immersit
1585 1854 1756 1903 angelus,

396 1912 472 1950 Sed
512 1912 637 1950 verbis
676 1912 820 1959 grando
852 1911 1050 1949 verberum
1209 1911 1272 1949 Ad
1304 1912 1407 1948 cuius
1439 1923 1525 1948 mox
1557 1911 1755 1957 imperium

394 1969 479 2006 Non
509 1969 650 2006 indidit
681 1969 884 2005 silentium.
1212 1968 1344 2005 Perdit
1374 1969 1473 2005 vires
1503 1967 1732 2006 incendium.

324 2084 361 2123 3,
393 2080 604 2118 Plumbatis
635 2081 725 2117 inde
758 2081 939 2124 caeditur,
1139 2082 1176 2119 6.
1208 2081 1264 2119 Sit
1294 2081 1394 2127 patri
1425 2081 1506 2118 laus
1538 2081 1717 2131 ingenito,

394 2137 550 2176 Iamiam
581 2136 707 2174 obisse
738 2137 918 2183 ereditur,
1209 2137 1264 2175 Sit
1297 2138 1410 2174 decus
1438 2137 1642 2184 unigenito,

396 2194 484 2240 Sed,
517 2193 579 2241 qui
610 2197 766 2241 putatur
794 2196 978 2241 mortuus,
1208 2193 1265 2231 Sit
1292 2194 1486 2240 utriusque
1518 2193 1632 2241 parili

393 2250 521 2298 Surgit
551 2250 589 2287 in
620 2261 725 2287 arma
755 2250 978 2299 promptius.
1208 2249 1389 2287 Maiestas
1419 2261 1563 2287 summa
1593 2248 1748 2288 flamini.

399 2373 519 2415 Migne
556 2373 578 2406 l.
615 2384 642 2404 c.
681 2370 746 2405 953
785 2383 834 2414 sq.
872 2373 912 2404 A.
937 2390 981 2393 -—
1005 2373 1220 2414 Lipomanus
1256 2372 1278 2403 l.
1317 2383 1344 2403 c.
1382 2370 1471 2404 245⁸·
1504 2373 1541 2404 B.
1567 2391 1609 2395 -
1635 2370 1665 2413 2,
1691 2370 1712 2404 3
1735 2371 1868 2414 grando
1912 2367 1916 2369 ’

311 2419 466 2460 lapidum
491 2420 530 2450 A.
557 2436 599 2441 --
624 2419 703 2450 Von
727 2418 873 2450 Rufinus
906 2417 1048 2449 handelt
1074 2417 1194 2449 Sermo
1219 2416 1380 2449 XXXVI.
1406 2421 1506 2450 unter
1530 2418 1713 2449 Damianis
1739 2417 1867 2450 Reden..

799 2596 857 2632 48.
894 2596 974 2638 (33.)
1012 2595 1061 2632 De
1087 2596 1214 2632 sancto
1241 2595 1375 2631 Rufino.

328 2713 363 2752 1.
396 2713 525 2751 Certat
557 2718 703 2760 martyr
733 2713 904 2760 egregius
1141 2715 1177 2751 2.
1211 2712 1349 2750 Saxum
1379 2713 1475 2750 collo
1507 2712 1763 2759 suspenditur,

393 2769 446 2808 Ut
476 2770 533 2805 leo
568 2770 666 2807 vinci
698 2770 857 2817 nescius,
1210 2768 1271 2806 Sic
1302 2768 1476 2806 fluctibus
1509 2768 1755 2816 immergitur,

395 2827 539 2865 Cuncta
570 2836 773 2872 poenarum
805 2835 945 2873 genera
1208 2827 1324 2871 Quem
1355 2837 1451 2872 aqua
1484 2825 1636 2863 Christo
1666 2825 1807 2872 genuit,

392 2882 523 2920 Mente
555 2883 675 2920 calcat
705 2882 910 2929 intrepida.
1210 2882 1283 2920 Per
1319 2882 1414 2919 lianc
1444 2883 1493 2919 ad
1523 2883 1646 2930 ipsum
1676 2881 1862 2928 pervenit.
