2031 3289
899 229 1207 269 —518—

304 348 374 384 9a.
419 346 448 383 O
480 355 590 392 quam
622 342 714 380 felix
746 344 913 393 eremita,
1121 345 1143 381 9
1163 343 1198 383 b.
1231 343 1344 381 Cuius
1375 344 1588 381 illustratur
1618 343 1700 382 vita

474 404 643 446 Quantae
673 400 732 437 vir
753 399 1018 448 abstinentiae,
1290 400 1363 437 Tot
1392 398 1624 447 septiformis
1654 400 1810 448 gratiae,

529 457 646 503 Quam
663 456 782 493 sacris
794 456 942 503 pollens
954 456 1019 493 do·
1327 456 1399 493 Tot
1408 457 1588 493 virtutum
1599 456 1809 503 insignibus
1827 458 1835 493 1

749 512 863 560 tibus,

280 622 330 659 10
346 632 380 660 a.
422 621 466 658 In
496 631 568 667 quo
598 620 704 657 labes
734 619 912 656 vitiorum
1093 620 1145 659 10
1162 620 1200 658 b.
1231 620 1305 657 Illa
1335 620 1450 657 vestis
1480 620 1710 667 angelorum,

477 676 593 713 Nulla
630 686 786 722 prorsus
818 675 1018 718 laboravit,
1290 676 1494 723 Virginalis
1525 676 1712 723 ignoravit

533 732 607 771 Sed
621 732 1054 769 naevumimmunditiae
1348 733 1500 770 Candor
1529 733 1776 770 innocentiae.

283 842 328 877 11
345 852 378 878 a.
421 839 585 876 Fructus
609 839 705 876 ditat
725 839 792 875 hos
813 843 873 876 ter
890 839 1020 884 denus,
1094 840 1141 877 11
1165 839 1199 877 b.
1233 839 1312 876 Nos
1344 850 1433 887 ergo
1463 840 1536 886 piis
1567 839 1743 886 precibus

423 897 511 934 Illos
542 906 632 932 vero
663 905 885 943 sexagenus,
1235 896 1325 932 Tuis
1357 900 1524 933 astantes
1554 895 1730 933 laudibus

418 953 535 990 Ornat
566 952 688 988 honor
717 956 754 988 te
789 957 966 988 centenus
1237 952 1348 989 Solve
1378 963 1563 989 noxarum
1594 952 1765 998 nexibus,

477 1009 591 1055 Caeli,
623 1013 751 1045 vatum
782 1008 958 1046 maxime.
1291 1009 1442 1056 Martyr
1471 1008 1730 1046 invictissime.

366 1115 432 1155 Ep.
449 1115 580 1146 XXIX.
604 1131 648 1135 —
673 1114 772 1146 Ohne
793 1113 929 1145 Anrede
954 1114 1012 1146 des
1032 1114 1255 1146 Adi-essaten.
1280 1132 1325 1136 —
1350 1115 1503 1147 Schluss:
1533 1116 1701 1157 „Dilectis
1719 1120 1834 1146 autem

275 1161 442 1192 fratribus
468 1164 501 1192 et
526 1161 630 1191 sociis
656 1162 759 1197 meis,
793 1169 880 1201 quos
907 1169 970 1200 ego
995 1159 1112 1191 felices
1139 1165 1172 1191 et
1196 1161 1377 1192 unanimes
1404 1171 1479 1192 esse
1503 1161 1671 1199 desidero,
1696 1170 1836 1192 carmen

274 1208 371 1237 mitto
397 1206 615 1247 suppositum
639 1205 681 1236 de
714 1206 825 1236 sancti
851 1205 1026 1246 baptistae
1042 1204 1209 1236 Iohannis
1234 1206 1436 1237 imminente
1460 1206 1571 1238 natali
1596 1207 1836 1247 compositum,

274 1252 410 1283 noviter
445 1251 640 1291 expositum
672 1249 714 1290 (lz
741 1249 972 1290 expolitum?)
1002 1251 1045 1282 ab
1074 1250 1203 1281 incude
1235 1250 1473 1283 meditationis
1506 1256 1540 1283 et
1572 1251 1836 1292 compositionis

271 1297 400 1338 vagina
424 1300 577 1328 recenter
602 1305 788 1338 egressum,
816 1295 917 1336 quod,
944 1299 981 1326 ut
1003 1297 1052 1326 eis
1073 1299 1274 1336 praesentes
1293 1300 1327 1327 et
1346 1306 1403 1328 eos
1422 1306 1464 1328 ex
1482 1300 1579 1338 parte
1595 1306 1672 1328 mea
1690 1296 1833 1333 salutes,

276 1342 462 1383 plurimum
489 1342 688 1372 meminisse
713 1338 828 1371 volo“.
853 1358 898 1361 —
921 1341 1026 1372 Mone
1050 1341 1113 1378 ΙΙΙ,
1139 1338 1183 1371 42
1210 1351 1242 1372 u.
1269 1342 1290 1372 f.

367 1385 448 1425 lla,
474 1384 494 1417 2
519 1387 666 1418 Homat.
692 1403 736 1407 —
763 1383 845 1424 lla,
870 1383 892 1416 4
916 1390 1034 1417 natum
1061 1387 1215 1417 maxime
1239 1384 1379 1426 (Mone).
1404 1404 1448 1409 -—

703 1563 785 1600 354.
823 1565 902 1607 (11.)
939 1564 997 1598 De
1023 1564 1164 1599 sancto
1190 1564 1405 1608 Lupentio.

549 1665 583 1702 1.
631 1664 783 1710 Martyr
813 1663 972 1710 insignis
1002 1673 1110 1700 sacer
1141 1667 1177 1699 et
1209 1663 1400 1711 sacerdos,

631 1721 749 1765 Quem
778 1724 864 1756 tuae
895 1720 1019 1757 laudis
1049 1719 1288 1756 modulamur
1319 1719 1495 1766 hymnum

633 1776 804 1813 Blandus
835 1782 1022 1825 acceptes,
1057 1775 1127 1812 tibi
1158 1776 1429 1822 supplicamus,

820 1833 957 1871 Sancte
988 1832 1165 1879 Lupenti.

550 1939 590 1979 2.
636 1941 724 1978 Iura
755 1941 817 1987 qui
848 1946 1005 1987 propter
1035 1940 1188 1977 Domini
1219 1940 1355 1977 subisti

631 1997 804 2035 Carceris
836 1998 964 2034 tristes
995 1996 1172 2034 tenebras
1203 1997 1333 2045 iniqui,

632 2054 757 2101 Digna
788 2064 992 2102 perpessus
1022 2054 1122 2090 mala
1153 2053 1364 2090 criminosis

821 2111 987 2149 Crimine
1017 2110 1128 2148 liber.

553 2220 592 2259 3.
637 2219 707 2266 Qui
739 2218 998 2256 Brunichildis
1029 2217 1122 2254 solio
1153 2215 1341 2263 superbae

638 2275 863 2322 Sanguinem
896 2276 1035 2312 iustum
1065 2274 1216 2310 sitiente
1247 2271 1351 2309 ferro

641 2332 780 2369 Caesus
810 2331 950 2369 invicto
982 2330 1151 2367 bravium
1182 2329 1314 2376 petisti

820 2387 957 2426 Mortis
985 2397 1117 2434 agone,

551 2498 590 2535 4.
636 2495 734 2533 Dum
768 2505 916 2533 sacrum
947 2505 1020 2532 non
1052 2504 1091 2531 es
1123 2498 1236 2540 caput
1267 2492 1472 2529 exsecratis

635 2552 710 2589 Pro
739 2551 816 2589 fide
848 2561 958 2588 verae
989 2551 1131 2588 veritus
1163 2549 1295 2587 salutis

639 2607 810 2645 Persidos
842 2612 993 2644 vertens
1026 2607 1129 2653 dare,
1162 2606 1334 2642 veritatis

824 2665 944 2702 Verus
975 2669 1135 2703 amator.

560 2775 596 2812 5.
643 2772 705 2810 Ad
739 2773 831 2810 duas
862 2775 990 2818 partes
1023 2771 1096 2808 duo
1127 2770 1223 2807 mira
1253 2769 1367 2806 fiunt:

635 2829 809 2866 Alterum
840 2829 1019 2875 princeps
1051 2831 1163 2874 caput
1195 2835 1303 2863 amne
1334 2835 1497 2862 mersum

638 2885 819 2923 Reddidit
853 2885 938 2932 luci,
974 2884 1060 2921 tulit
1090 2883 1191 2920 unda
1223 2893 1358 2928 corpus

826 2941 1000 2978 Pondere
1030 2950 1213 2987 pressum,
