1914 3223
111 261 178 298 25.

117 667 184 704 26.

111 1073 176 1111 27.

109 1481 175 1520 28.

110 1889 180 1927 29.

113 2354 181 2392 30.

742 168 797 173 -
855 145 957 186 633-
996 169 1052 206 ,—

222 258 342 296 Dolor
371 260 502 297 matris
533 260 794 308 prolongatur,

225 315 356 353 Donec
386 316 513 363 proles
544 317 724 364 patiatur,

281 372 334 411 Ut
364 373 475 409 simul
506 374 734 419 parturiant,

224 428 319 474 Quia
349 429 491 476 probra
521 430 700 476 patientis

227 485 359 533 sputa,
392 486 501 534 clavi,
536 496 629 523 crux
661 484 831 534 parentis

279 542 457 579 Animam
490 542 715 589 digladiant.

227 666 322 713 Ave,
355 666 460 714 virgo
491 666 708 715 singularis,

226 722 427 771 Apotheca
458 722 636 760 salutaris

282 779 470 827 Pigmenti
501 779 725 828 thearchici,

222 837 318 884 Ave,
352 836 456 873 cuius
488 846 552 873 cor
583 848 605 874 a
637 837 742 874 cunis

224 892 497 930 Consecratum
528 898 611 930 erat
641 893 774 940 prunis

279 949 432 987 Amoris
464 949 652 987 exstatici.

222 1074 318 1122 Ave,
350 1074 472 1124 virg0,
505 1084 571 1111 vas
604 1074 758 1111 verbale

223 1130 350 1168 Decus
382 1131 560 1177 plantans
592 1131 802 1168 matronale

276 1187 446 1234 Virginis
477 1187 515 1223 in
547 1187 699 1235 stipite3

220 1243 315 1288 Ave,
349 1244 453 1280 cuius
484 1243 628 1281 ventris
660 1255 816 1291 promus

223 1299 275 1337 Et
307 1300 458 1337 virtutis
489 1310 621 1337 sacrae
654 1300 786 1338 domus

278 1356 361 1394 Deo
392 1357 559 1404 gaudent
589 1357 752 1403 hospite.

223 1482 318 1528 Ave,
352 1481 458 1530 virgo
489 1481 589 1519 laeta
620 1481 740 1532 prole,

222 1539 340 1585 Quam
372 1537 548 1575 amictam
580 1538 677 1576 vidit
707 1539 787 1576 sole

276 1594 463 1632 Iohannes
496 1595 681 1642 deividus‚

227 1651 344 1690 Cuius
383 1652 525 1698 plantis
557 1656 614 1689 est
644 1652 858 1690 substratus

224 1708 355 1745 Lunae
385 1707 531 1756 globus,
564 1712 607 1745 ut
637 1707 833 1755 praefatus

279 1765 432 1802 Astruit
461 1764 656 1803 altividus.

229 1889 325 1935 Ave,
357 1889 476 1936 virgo,
507 1899 653 1926 morum
685 1888 827 1936 schola,

232 1945 336 1991 Quae
365 1949 525 1983 naturae
556 1949 710 1983 nostrae
741 1945 840 1984 stola

282 2001 484 2041 Trabeasti
514 2000 696 2053 filium1)‚

227 2058 472 2105 Praeparasti
502 2059 584 2096 Deo
615 2059 766 2096 thorum

224 2115 277 2153 Et
306 2118 471 2153 actorem
487 2113 521 2166 2)
549 2115 769 2163 angelorum

281 2171 426 2209 Fecisti
456 2173 652 2211 novitium.

227 2354 322 2403 Ave,
355 2357 489 2401 mater,
522 2353 628 2402 virgo
660 2364 768 2403 pura,

224 2409 312 2448 Leti
341 2410 459 2447 letum
490 2414 528 2447 et
559 2421 731 2457 censura,

282 2466 406 2504 Melos
437 2477 566 2504 musae
596 2466 793 2515 tristibus,

224 2523 322 2570 Ave,
352 2523 487 2573 gaude,
520 2523 627 2570 virgo
660 2523 794 2569 dulcis,

225 2579 344 2618 Laxis
374 2579 481 2618 fibris
513 2584 551 2617 et
580 2580 718 2617 hiulcis

286 2636 550 2675 Collaudanda
581 2635 766 2676 faucibus.

233 2780 258 2822 ¹)
294 2781 452 2814 elarium.
477 2799 521 2803 —

228 2825 256 2866 2)
293 2827 460 2860 alborem.
485 2845 528 2849 —

228 2870 257 2909 ⁸)
292 2873 432 2905 elatras.
458 2890 500 2895 —-

929 260 994 300 31.

932 668 998 705 32.

931 1077 997 1114 33.

930 1484 995 1522 34.

936 1891 1000 1928 35.

934 2354 999 2392 36.

1041 261 1135 310 Ave,
1168 271 1313 308 gemma
1344 259 1581 308 feminarum,

1042 319 1144 363 Quae
1175 327 1267 364 prae
1300 318 1444 355 cunctis
1465 318 1676 366 gratiarum

1097 374 1280 411 Invenisti
1312 375 1470 424 copiam,

1044 430 1245 467 Pulchrum
1277 431 1314 468 in
1347 436 1383 468 te
1417 430 1509 469 fecit
1535 441 1677 477 zeuma,

1043 487 1135 525 Cum
1167 487 1288 525 univit
1320 487 1436 527 verbo
1468 499 1631 536 pneuma

1097 543 1298 590 Duplicem
1330 544 1594 584 substantiam.

1045 667 1140 708 Ave,
1173 668 1291 714 virgo,
1325 668 1485 715 pulchra
1513 672 1605 716 tota,

1045 723 1158 761 Cuius
1190 725 1294 762 nulla
1324 725 1434 762 naevi
1465 730 1555 763 nota

1100 781 1290 819 Pudorem
1326 782 1484 831 deliliat,

1042 838 1137 884 Ave,
1170 838 1256 875 novi
1287 838 1400 875 musti
1432 843 1568 888 crater,

1044 895 1139 941 Ave,
1171 904 1321 941 parens,
1353 905 1434 943 ave,
1467 899 1600 940 mater,

1100 952 1218 998 Quam
1251 951 1376 988 Venus
1407 963 1481 989 non
1512 952 1633 990 vitiat.

1044 1076 1139 1123 Ave,
1178 1080 1315 1122 crater,
1350 1076 1455 1112 cuius
1486 1079 1648 1113 mustum

1046 1132 1157 1169 Illum
1188 1131 1319 1179 fidum,
1352 1132 1459 1169 illum
1490 1132 1630 1170 iustum

1101 1189 1255 1226 Petrum
1287 1188 1543 1235 debriaverat‚

1045 1245 1194 1282 Haustu
1225 1245 1330 1282 cuius
1361 1256 1494 1283 ausum
1527 1249 1658 1283 nactus

1044 1301 1174 1339 Novus
1206 1301 1312 1339 verbi
1344 1312 1484 1349 praeco
1517 1300 1640 1340 factus

1101 1358 1143 1395 In
1176 1358 1292 1395 verba
1323 1362 1566 1406 proruperat.

1043 1485 1138 1530 Ave,
1171 1482 1265 1519 caeli
1299 1482 1425 1531 decor,
1459 1493 1540 1529 ave,

1042 1539 1114 1576 Dei
1144 1539 1325 1585 templum
1358 1543 1395 1575 et
1428 1539 1619 1586 conclave,

1100 1596 1216 1634 Cuius
1246 1595 1285 1632 in
1316 1595 1520 1642 praeconio

1043 1652 1173 1691 Omnis
1204 1652 1302 1688 altus
1334 1652 1461 1689 scriba
1490 1652 1601 1702 iacet,

1044 1708 1174 1747 Omnis
1206 1708 1337 1745 rhetor
1364 1719 1452 1746 acer
1483 1713 1568 1746 acet

1099 1765 1152 1802 Et
1183 1765 1314 1802 sordet
1345 1765 1506 1812 eloquio.

1046 1890 1140 1939 Ave,
1175 1889 1279 1926 cuius
1310 1889 1374 1935 pia
1404 1899 1518 1935 prece

1046 1946 1293 1983 Peccatorum
1318 1949 1421 1982 tersa
1451 1944 1557 1982 faece

1104 2002 1174 2039 Rei
1205 2002 1370 2049 gaudent
1402 2002 1525 2048 venia,

1045 2059 1146 2106 Quos
1177 2058 1384 2095 confractis
1414 2056 1622 2095 inferorum

1049 2115 1234 2154 Claustris
1246 2112 1283 2164 ³)
1315 2113 1502 2152 transfers
1524 2114 1574 2152 ad
1597 2123 1680 2151 cae-

1406 2171 1527 2208 lorum

1102 2227 1263 2265 Stellata
1294 2228 1452 2274 palatia.

1046 2352 1141 2398 Ave,
1171 2362 1308 2389 novum
1340 2362 1406 2388 vas
1438 2351 1624 2389 humanas

1045 2409 1176 2455 Aquas
1206 2407 1313 2455 prius
1344 2407 1556 2445 malesanas

1102 2464 1176 2502 Dei
1206 2464 1285 2501 sale
1317 2463 1521 2514 condiens3

1047 2522 1143 2568 Ave,
1174 2521 1296 2558 Deum
1326 2521 1365 2557 in
1395 2525 1583 2558 secretum

1048 2578 1215 2615 Thorum
1236 2577 1391 2614 trahens
1409 2581 1444 2613 et
1463 2579 1682 2614 concretum

1102 2635 1162 2672 Ex
1193 2633 1386 2671 abstracto
1417 2632 1578 2671 faciens.
