1914 3223
683 206 729 210 —
792 182 872 223 5305
932 204 986 210 -—

405 302 488 338 817.
523 300 603 344 (19.)
638 297 752 336 Sour:
785 298 912 335 Beata
941 295 1051 334 nobis
1080 295 1256 346 qaucliu„

247 385 277 414 0
300 385 418 416 sancte
441 380 605 416 Michael.

91 443 123 482 l.
155 443 250 487 Ave,
281 452 360 479 cum
392 452 463 489 quo
493 440 661 488 angelica

155 499 294 545 Pompa
325 498 521 536 draconem
555 497 708 542 domuit,

153 556 266 600 Quem
296 553 463 592 infernus
493 552 686 591 absorbuit

153 612 243 648 Cum
273 614 373 648 sorte
403 610 602 650 diabolica.

1051 380 1080 411 ()
1106 373 1227 412 sanc-ie
1251 376 1426 421 Raplzael.

888 440 923 477 2.
957 439 1051 482 Ave,
1084 438 1200 475 Sarae
1231 436 1473 485 opprobrium

958 495 1110 540 Dolens,
1143 494 1298 532 eiectam
1331 494 1490 541 erigens,

957 551 1059 588 Male
1090 555 1213 588 errata
1247 551 1439 597 corrigens

956 608 1028 646 Per
1059 607 1200 644 Tobiae
1232 608 1457 655 coniugium.

499 686 536 724 3.
567 684 606 733 Ο,
629 683 786 720 virtutes
816 682 1020 729 angelicae,

566 740 747 778 Custodes
778 739 881 776 iussu
911 737 1060 775 Domini

566 796 747 834 Caelestis
778 794 1024 842 reipublicae,

566 853 628 891 Me
659 863 810 890 servaro
842 851 1058 899 dignemini.

520 975 602 1010 31⁵.
637 975 717 1015 (20.)
754 975 809 1009 Do
836 973 956 1009 beata
980 971 1158 1015 Virgine.

342 1052 458 1090 Sour:
490 1053 590 1090 Tan!
622 1053 661 1089 αι’
693 1050 887 1089 ἀίιυιοιιι·3
918 1050 1051 1097 appris
1083 1052 1115 1087 et
1146 1046 1324 1088 emenda.

84 1126 119 1164 1.
150 1126 245 1164 Ave.
278 1136 363 1162 rosa

209 1180 345 1218 rubens
376 1187 413 1218 et
443 1187 583 1222 tenera.

151 1238 263 1277 Cuius
294 1239 388 1274 odor

209 1294 504 1343 inaestimabilis,

153 1353 245 1394 Ave,
279 1351 387 1387 stella
409 1378 414 1384 .

203 1407 473 1444 transcendens
503 1408 640 1455 sidera,

153 1463 266 1501 Cuius
295 1461 418 1510 fulgor

205 1519 483 1565 inenarrabilis,

149 1576 282 1614 Murra
314 1574 497 1624 fragrans,

204 1633 368 1679 hysopus
398 1632 560 1679 humilis,

148 1689 221 1726 Per
249 1700 357 1735 quain
390 1688 490 1726 Deus

203 1745 248 1782 de
277 1745 347 1782 Dei
379 1746 537 1783 dextera

143 1801 191 1840 Se
220 1802 404 1839 inclinans

199 1858 261 1896 Ad
291 1863 420 1896 nostra
449 1858 570 1897 infera

144 1914 305 1952 Nostrae
336 1913 407 1952 fuit

199 1975 355 2009 naturae
384 1971 536 2011 nubilis,

73 2052 111 2088 2.
142 2051 236 2091 Ave,
272 2050 377 2097 virga

202 2107 302 2144 Iesse
332 2105 519 2155 florigera,

144 2164 234 2202 Flos
265 2163 339 2210 hic,
369 2163 532 2211 inquam,

198 2220 528 2270 immarcessibilis,

141 2278 235 2318 Ave,
267 2277 387 2314 dulcis

199 2333 304 2380 virgo
335 2343 533 2381 puerpera,

146 2390 242 2427 Puer
271 2390 375 2426 cuius

197 2446 291 2483 nulli
321 2447 536 2494 consimilis,

141 2503 210 2550 Qui
241 2502 454 2550 immensus,

198 2559 486 2597 interminabilis

146 2616 249 2652 Intra
279 2619 342 2653 tua

197 2682 238 2708 se
270 2672 404 2710 clausit
436 2673 592 2723 viscera,

144 2728 219 2765 Lac
250 2729 296 2766 de
327 2729 430 2766 caelo

195 2789 329 2831 potans
361 2786 408 2823 de
439 2785 571 2836 ubere3

141 2840 255 2878 Potus
286 2842 372 2879 talis

197 2897 290 2935 mire
319 2899 537 2938 laudabilis.

124 2965 289 3000 Dreros,
310 2967 558 3004 llymnographi
581 2969 700 2996 Latini.
759 2990 765 2996 .

889 1126 924 1163 3.
959 1125 1053 1168 Ave,
1084 1122 1212 1169 sponsi

1016 1179 1191 1216 caelestis
1223 1190 1383 1230 camera,

958 1237 1125 1275 Cunctae
1150 1237 1254 1282 genti

1015 1292 1292 1342 desiderabilis,

956 1350 1050 1398 Ave,
1085 1349 1187 1386 dicta

1015 1404 1240 1442 confirmans
1270 1410 1400 1444 vetera

959 1462 1246 1511 Prophetarum,

1014 1518 1155 1558 Christi
1188 1518 1348 1557 visibilis

952 1575 1069 1613 Facta
1101 1579 1233 1624 mater,

1011 1633 1072 1679 qui
1105 1636 1141 1669 et
1171 1632 1364 1679 passibilis

952 1689 1116 1726 Mortem
1149 1689 1270 1726 crucis

1006 1746 1093 1782 tulit
1123 1750 1209 1792 post
1241 1746 1413 1792 verbera,

951 1802 1054 1849 Quae
1081 1813 1183 1839 mors
1214 1802 1303 1839 licet

1008 1858 1124 1896 fuerit
1153 1870 1290 1907 aspera

950 1916 1000 1954 Et
1033 1917 1224 1964 despecta,

1006 1973 1110 2010 nulla
1141 1976 1217 2010 tam
1247 1972 1365 2011 utilis,

912 2083 920 2092 .
953 2053 1048 2099 Ave,
1082 2052 1129 2089 de
1159 2063 1232 2099 qua

1009 2114 1213 2146 narrantur
1243 2119 1357 2156 opera

954 2165 1133 2204 Caritatis

1009 2221 1342 2270 inexstinguibilis,

953 2280 1047 2325 Ave,
1081 2290 1149 2328 per
1179 2290 1290 2326 quam

1010 2337 1074 2373 lux
1105 2334 1304 2373 salutifera

952 2393 1077 2431 Fulsit
1108 2393 1212 2430 clara

1008 2449 1046 2486 in
1078 2451 1197 2487 antris
1227 2449 1379 2500 nubilis,

951 2506 1108 2553 Quando
1140 2506 1327 2554 Christus⁷

1009 2573 1075 2600 rex
1106 2563 1350 2612 invincibilis,

953 2619 1068 2666 Signo
1101 2620 1223 2657 crucis

1011 2674 1196 2724 confregit
1224 2675 1347 2714 infera

951 2733 1045 2771 Suos
1077 2733 1240 2782 solvens,

1009 2800 1101 2836 quos
1133 2790 1256 2837 prima
1286 2790 1417 2837 vipera

953 2846 1194 2893 Cornpedivit

1008 2903 1247 2943 insatiabilis,

1366 2968 1410 3003 20
