2031 3289
877 181 1187 221 —492—

368 298 405 335 6.
454 296 497 333 In
545 299 609 332 tuo
656 294 836 341 sanguine
881 294 1078 341 copulatae
1111 295 1225 332 simus
1264 294 1334 331 tibi
1376 305 1459 331 cum
1504 295 1807 343 desponsatione,

253 352 500 399 repudiantes
543 352 664 388 virum
706 354 743 387 et
781 351 963 397 eligentes
993 354 1031 387 te
1061 349 1178 387 filium
1209 351 1283 388 Dei
1313 351 1568 399 pulcherrima
1600 349 1743 397 forma,
1786 362 1807 389 0

253 408 500 446 suavissimus
531 407 628 444 odor
659 406 968 445 desiderabilium
1001 406 1246 456 deliciarum,
1279 418 1429 454 semper
1458 407 1691 454 suspiramus
1721 411 1808 454 post

250 469 287 501 te
328 465 366 501 in
398 463 625 501 lacrimabili
657 462 812 510 exsili03
858 463 1009 509 quando
1047 467 1085 499 te
1116 463 1309 500 videamus
1341 468 1376 500 et
1407 467 1530 500 tecum
1561 462 1808 502 maneamus?

368 521 403 558 7.
452 520 531 557 Nos
559 530 686 556 sumus
717 519 755 555 in
786 519 937 566 mundo,
971 523 1008 555 et
1037 523 1077 556 tu
1107 519 1145 556 in
1166 524 1291 556 mente
1311 524 1453 565 nostra,
1486 524 1522 556 et
1544 519 1808 567 amplectimur

247 580 285 613 te
314 576 351 613 in
385 576 510 619 corde,
536 575 643 622 quasi
673 574 880 612 habeamus
911 578 949 612 te
979 580 1231 622 praesentem.

364 633 401 670 8.
448 632 527 678 Tu,
571 629 799 668 fortissimus
839 632 920 680 leo,
967 631 1103 678 rupisti
1145 633 1290 669 caelum
1331 631 1565 669 descendens
1604 632 1642 668 in
1683 632 1807 669 aulam

248 688 406 735 virginis
438 692 475 724 et
507 687 728 725 destruxisti
759 691 916 724 mortem
949 687 1158 725 aedificans
1189 688 1302 725 vitam
1334 688 1372 725 in
1404 698 1519 726 aurea
1551 688 1717 726 civitate.

363 746 399 782 9.
446 745 510 782 Da
529 743 637 780 nobis
659 744 878 781 societatem
902 754 983 781 cum
1006 744 1075 781 illa
1100 748 1137 780 et
1158 755 1381 791 permanere
1401 745 1439 781 in
1461 749 1511 790 te,
1543 755 1564 781 o
1587 744 1805 781 dulcissime

247 809 406 848 sponse,
449 800 511 846 qui
552 800 773 837 abstraxisti
811 810 879 837 nos
921 800 970 837 de
1010 799 1182 838 faucibus
1215 801 1379 848 diaboli,
1420 801 1580 848 primum
1612 805 1808 847 parentem

246 860 415 894 nostrum
447 856 674 894 seducentis.

660 1031 742 1067 335.
779 1031 859 1074 (14.)
898 1031 1141 1076 symphonia
1166 1032 1389 1069 viduarum.

363 1138 398 1176 1.
445 1137 475 1175 O
498 1141 607 1184 pater
627 1137 792 1174 omnium
814 1141 851 1173 et
871 1148 892 1173 o
916 1147 981 1174 rex
1003 1142 1040 1174 et
1061 1137 1269 1184 imperator
1289 1138 1470 1186 gentium,
1493 1138 1556 1184 qui
1579 1138 1808 1176 constituisti

201 1240 203 1242 Ι
247 1204 315 1231 nos
357 1194 395 1230 in
435 1197 539 1231 costa
578 1193 724 1240 primae
762 1194 916 1240 matris,
959 1204 1054 1240 quae
1090 1195 1298 1231 construxit
1335 1194 1442 1231 nobis
1473 1205 1646 1242 magnum
1679 1205 1804 1232 casum

249 1259 473 1294 aerumnae;
516 1253 554 1286 et
594 1260 662 1287 nos
698 1254 850 1287 secutae
881 1260 1008 1287 sumus
1039 1250 1143 1288 illam
1172 1250 1211 1287 in
1242 1251 1399 1298 propria
1430 1261 1564 1300 causa,
1607 1251 1645 1288 in
1675 1251 1807 1288 exsilio

248 1306 436 1344 sociantes
467 1317 535 1343 nos
563 1306 666 1343 illius
700 1306 834 1346 dolori.

360 1364 399 1403 2.
447 1363 476 1400 Ο
507 1366 546 1399 tu
578 1362 812 1399 nobilissime
841 1359 1015 1410 genitor‚'
1033 1373 1104 1411 per
1132 1373 1315 1400 summum
1346 1363 1511 1400 studium
1544 1363 1728 1400 currimus
1755 1362 1806 1399 ad

246 1423 285 1454 te
317 1423 351 1455 et
384 1429 453 1465 per
486 1419 771 1457 dilectissimam
803 1422 917 1466 atque
950 1419 1206 1456 dulcissimam
1237 1420 1531 1467 paenitentiam,
1573 1429 1667 1466 quae
1697 1419 1806 1456 nobis

246 1485 316 1522 per
347 1479 385 1511 te
417 1475 532 1522 venit,
574 1475 792 1512 anhelamus
823 1476 873 1512 ad
905 1480 942 1512 te
974 1481 1012 1512 et
1042 1481 1129 1523 post
1161 1476 1330 1514 dolorem
1361 1480 1530 1513 nostrum
1565 1475 1806 1513 devotissime

245 1531 513 1578 amplectimur
543 1535 592 1570 te.

358 1590 395 1627 3.
442 1588 472 1626 Ο
512 1587 784 1634 gloriosissime
820 1591 858 1623 et
899 1588 1155 1635 pulcherrime
1187 1588 1358 1634 Christe,
1402 1588 1466 1636 qui
1506 1599 1545 1625 es
1578 1588 1805 1626 resurrectio

244 1644 368 1693 vitae,
410 1654 478 1681 nos
520 1644 741 1690 reliquimus
782 1647 941 1690 propter
981 1649 1018 1681 te
1059 1643 1223 1682 fertilem
1266 1655 1431 1682 amorem
1463 1645 1739 1682 coniunctionis
1770 1648 1805 1681 et

244 1700 600 1747 comprehendimus
632 1704 669 1736 te
700 1700 737 1736 in
771 1711 935 1746 superna
968 1701 1127 1738 caritate
1159 1705 1195 1738 et
1216 1701 1254 1738 in
1277 1701 1447 1748 virginea
1467 1701 1574 1748 virga
1594 1701 1804 1739 nativitatis

241 1759 329 1793 tuae
370 1760 407 1793 et
448 1756 486 1793 in
530 1757 651 1794 altera
691 1756 775 1794 vice
815 1756 1015 1803 copulatae
1056 1768 1182 1795 sumus
1213 1756 1306 1805 tibi,
1347 1769 1456 1804 quam
1489 1758 1594 1805 prius
1625 1767 1802 1803 essemus,

217 1808 220 1810 ’
241 1813 447 1850 secundum
479 1823 643 1852 carnem.

355 1871 392 1907 4.
439 1869 591 1907 Adiuva
631 1880 698 1907 nos
730 1879 977 1916 perseverare
1009 1875 1046 1908 et
1075 1874 1198 1907 tecum
1230 1870 1397 1917 gaudere
1428 1876 1463 1907 et
1495 1881 1517 1908 a
1547 1874 1584 1908 te
1615 1881 1803 1917 nunquam

242 1935 427 1972 separari.
