2031 3289
885 159 1190 199 —238—

427 272 563 311 Inclite
593 273 791 319 Laurenti,
823 273 886 318 qui
916 271 1085 309 flammas
1117 273 1366 319 exsuperasti,

482 330 614 367 Victor
644 329 691 366 ab
723 328 900 366 aethereo
927 339 994 365 nos
1026 329 1205 366 miserere
1236 328 1362 367 choro.

345 385 393 423 15
427 385 635 432 Splendide
666 385 850 422 Silvester
881 383 1041 431 Gregori
1071 396 1116 422 ac
1145 389 1275 421 sancte
1307 385 1497 432 magister,

483 443 561 479 Nos
593 451 739 488 quoque
770 451 853 477 cum
884 442 996 477 sociis
1028 439 1125 478 ferte
1156 441 1321 478 iuvando
1352 441 1462 487 polis.

427 499 456 536 O
488 499 705 547 Benedicte,
740 502 850 544 pater
879 497 1159 546 monachorum,
1193 497 1377 544 Galleque
1408 496 1540 547 frater,

484 554 575 591 Cum
606 554 762 600 reliquis
794 553 935 590 sanctis
965 565 1032 590 nos
1065 553 1234 590 refovete
1265 554 1375 600 polis.

428 611 593 647 Maxime
625 611 671 647 de
702 610 834 647 Suevis
866 610 1013 657 superis
1045 611 1244 647 coniuncte
1275 610 1450 657 catervis,

343 668 394 704 20
483 666 620 704 Sancte
651 667 817 710 Otmare‚
852 671 953 702 tuum
984 666 1150 703 laetifica
1181 667 1373 712 populum.

428 723 561 759 Inclite
590 723 743 770 Magne,
775 726 877 759 tuam
909 722 1072 759 clemens
1103 733 1201 759 nunc
1231 723 1376 768 inspice
1408 722 1570 772 plebem,

479 780 633 816 Auxilio
663 782 764 816 tutos
794 778 961 825 undique
991 779 1111 815 redde
1140 783 1238 816 tuos.

427 836 625 882 Virgineos
655 834 766 872 flores
798 837 925 881 Agnes
957 835 1200 882 Agathesque
1232 834 1410 885 ferentes,

483 892 636 930 Auxilio
667 892 804 928 vestris
836 892 967 929 addite
998 903 1065 928 nos
1096 891 1221 931 sociis.

343 950 392 986 25
427 950 612 985 Innocuos
643 959 780 995 pueros
809 958 1026 984 resonemus
1057 948 1170 984 laude
1200 953 1392 994 peractos,

482 1005 552 1050 Qui
583 1006 695 1042 modo
727 1016 793 1041 nos
825 1015 962 1051 pueros
995 1005 1088 1041 dant
1118 1015 1295 1041 resonare
1326 1005 1456 1044 melos·

887 1079 908 1103 a<
1171 1079 1194 1102 >ic

1028 1111 1050 1135 >k

428 1174 565 1211 Omnes
597 1186 617 1211 o
649 1174 782 1224 sancti,
814 1177 967 1211 nostrae
998 1173 1209 1210 succurrite
1240 1173 1355 1221 vitae,

429 1231 578 1278 Perque
609 1241 759 1267 crucem
790 1234 959 1267 sanctam
990 1231 1097 1267 salva
1126 1241 1208 1274 nos,
1241 1230 1392 1268 Christe
1423 1230 1657 1279 redemptor,

428 1289 490 1325 Ira
523 1288 644 1334 deque
675 1292 740 1324 tua
771 1287 936 1323 clemens
967 1297 1034 1323 nos
1066 1286 1182 1336 eripe,
1218 1286 1381 1324 Christe.

344 1344 394 1381 30
427 1344 506 1380 Nos
537 1348 758 1390 peccatores
790 1343 892 1391 audi,
924 1347 974 1391 te,
1008 1343 1171 1389 Christe,
1204 1354 1391 1390 rogamus,

424 1400 477 1438 Ut
507 1411 638 1446 pacem
670 1400 779 1437 nobis
811 1400 940 1447 dones,
972 1403 1022 1446 te,
1057 1400 1218 1447 Christe,
1252 1410 1438 1447 rogamus.

426 1457 578 1494 Crimen
608 1462 647 1494 ut
679 1467 789 1494 omne
819 1456 893 1493 tuis
922 1457 1059 1502 solvas,
1092 1461 1142 1503 te,
1174 1456 1338 1502 Christe,
1372 1467 1558 1503 rogamus,

426 1513 553 1550 Aurae
583 1518 624 1550 ut
654 1513 874 1560 temperiem
908 1513 1034 1563 dones,
1069 1517 1119 1558 te,
1153 1512 1314 1562 Christe,
1348 1524 1535 1559 rogamus.

427 1570 479 1607 Ut
510 1569 636 1617 fruges
667 1574 793 1607 terrae
825 1570 953 1617 dones,
987 1574 1037 1617 te,
1070 1569 1233 1616 Christe,
1266 1580 1456 1617 rogamus.

348 1627 397 1664 35
431 1626 483 1664 Ut
514 1628 693 1673 populum
727 1631 900 1663 cunctum
933 1626 1068 1675 salves,
1102 1630 1151 1673 te,
1185 1625 1349 1671 Christe,
1381 1637 1567 1672 rogamus.

429 1683 716 1730 Ecclesiamque
745 1687 847 1720 tuam
879 1682 1021 1728 firmes,
1052 1688 1101 1728 te,
1135 1682 1298 1731 Christe,
1331 1693 1520 1730 rogamus.

427 1738 504 1776 Fili
536 1740 769 1785 celsithroni,
801 1751 869 1776 nos
901 1739 1001 1782 audi,
1035 1743 1111 1776 tete
1143 1749 1331 1785 rogamus,

429 1797 535 1843 Agne
565 1797 636 1834 Dei
667 1797 802 1843 patris,
831 1795 940 1833 nobis
971 1795 1151 1832 miserere
1181 1795 1344 1842 pusillis.

429 1852 593 1899 Christe,
626 1852 764 1890 exaudi
794 1863 874 1898 nos,
907 1864 929 1890 ο
961 1846 1096 1902 Κύριε
1130 1844 1250 1904 ἡμῶν
1282 1847 1471 1904 ἐλέησον.

348 1963 452 2005 Trop.
487 1975 547 1995 ms.
577 1965 806 2006 Sangallense
833 1974 922 1996 saec.
951 1962 1003 1996 10.
1052 1964 1135 1996 Cod.
1163 1963 1363 2006 Sangallen.
1390 1961 1467 1995 381.
1492 1964 1533 1995 A.
1558 1982 1601 1985 —
1634 1962 1737 2004 Trop.
1762 1973 1826 1995 ms.

259 2009 516 2050 Barnbergense
542 2020 631 2041 saec..
662 2008 711 2041 10
761 2010 847 2042 God.
875 2010 1102 2051 Bambergen.
1129 2019 1217 2040 saec.
1235 1990 1297 2041 ξ310.
1323 2009 1388 2040 Ed.
1415 2010 1467 2040 III
1494 2007 1523 2040 7.
1549 2010 1589 2040 Β.
1614 2025 1658 2029 —-
1683 2007 1846 2040 1111131»

258 2054 357 2085 Miss.
390 2065 450 2085 ms.
484 2055 517 2087 S.
553 2055 681 2087 Albani
714 2055 914 2096 Magantini
948 2065 1038 2086 saec.
1072 2052 1124 2086 10.
1180 2054 1263 2086 Cod.
1295 2054 1539 2086 Vindobonen.
1578 2050 1674 2086 1888.
1711 2054 1748 2086 C.
1784 2071 1824 2075 —

260 2099 402 2131 Collect.
429 2110 490 2131 ms.
517 2101 633 2142 liturg.
660 2101 818 2132 Cellense
844 2100 911 2138 (vel
931 2099 1193 2139 Hornbacense)
1218 2110 1306 2131 saec.
1337 2098 1387 2131 10.
1429 2100 1513 2132 Cod.
1532 2100 1694 2131 Vatican.
1711 2098 1824 2130 Palat.

260 2141 337 2175 489.
371 2146 413 2176 D.
440 2163 485 2166 ——
516 2146 620 2187 Trop.
646 2156 708 2177 ms.
734 2145 916 2177 Mindense
952 2155 1031 2177 ann.
1059 2143 1157 2177 1024.
1206 2145 1291 2176 Cod.
1316 2144 1511 2177 Berolinen.
1537 2144 1658 2176 Theol.
1685 2144 1744 2176 IV.
1773 2143 1824 2175 11.

257 2189 299 2220 E.
335 2208 376 2212 —
413 2191 516 2232 Trop.
550 2202 611 2222 ms
644 2191 928 2223 Einmeramense
961 2201 1050 2222 saec.
1086 2188 1508 2222 ¹¹l12.Clm.M0nacen.
1549 2187 1825 2222 14083 R—

262 2235 417 2267 Process.
442 2246 504 2266 mS.
532 2237 566 2269 S.
592 2237 735 2278 Georgii
761 2237 909 2278 Pragen.
935 2246 1024 2267 sace.
1054 2233 1104 2267 14.
1130 2237 1176 2266 in.
1230 2235 1312 2267 Cod.
1339 2229 1563 2277 Pragen.1V
1587 2236 1618 2268 G
1643 2233 1674 2266 5.
1699 2235 1740 2267 G.

352 2279 372 2312 6
405 2281 543 2313 Adiuva
567 2283 604 2313 B.
632 2299 675 2303 —
706 2280 726 2313 9
759 2282 876 2313 fantur
909 2285 943 2313 (t
975 2292 1093 2312 omnes
1119 2281 1161 2312 D.
1189 2298 1230 2302 —
1264 2279 1284 2312 9
1315 2281 1386 2312 und
1422 2278 1463 2312 10
1497 2280 1613 2312 fehlen
1638 2280 1677 2313 G.
1705 2296 1746 2300 —
1785 2277 1844 2311 11

261 2326 398 2357 Poscito
416 2331 463 2361 tu
490 2326 676 2368 Stephane,
702 2328 840 2360 veniam
859 2330 902 2363 et,
922 2327 1123 2358 Heimrame
1141 2327 1296 2358 beateF.
1315 2343 1359 2347 —
1379 2324 1419 2357 12
1437 2336 1500 2358 nos
1518 2327 1613 2357 1uvet
1629 2324 1822 2367 intrepidus
1988 2315 2013 2371 1

260 2371 308 2411 G,
334 2382 397 2403 nos
423 2372 570 2404 redimat
587 2374 758 2404 Dominus
777 2373 815 2404 F.
832 2390 876 2394 —
904 2370 945 2403 13
964 2373 1015 2404 bis
1033 2370 1076 2403 26
1095 2372 1180 2403 inkl.
1198 2371 1315 2403 fehlen
1333 2372 1370 2403 B.
1388 2389 1432 2394 —
1453 2369 1494 2402 14
1511 2372 1672 2403 miserate
1689 2371 1762 2403 AE.
1782 2388 1824 2392 —
1988 2381 2010 2430 1

261 2416 334 2448 Vor
357 2415 397 2448 15
423 2417 558 2449 schirbt
585 2419 616 2450 D
642 2420 716 2449 ein:
2011 2435 2012 2439 ¹

461 2498 595 2538 Martyr
620 2507 744 2539 magne
770 2497 847 2534 Dei,
875 2496 987 2535 1101118,
1014 2496 1180 2534 Fabi-uie,
1211 2497 1326 2527 faxeto

512 2544 597 2575 Cum
624 2544 718 2574 socio
744 2541 936 2574 Eustachio
963 2541 1117 2583 prelibus
1143 2538 1222 2583 [sie]
1248 2544 1352 2582 atque
1378 2543 1460 2573 suis.

261 2632 314 2662 An
338 2632 491 2673 gleicher
516 2633 623 2665 &tello
648 2634 695 2665 G:

466 2713 598 2753 Martyr
623 2716 741 2743 sancte
768 2713 845 2749 Dei,
872 2713 981 2743 nostri
1008 2712 1181 2747 miserere.
1207 2711 1346 2753 Georgi,

507 2758 621 2798 Atque
646 2759 715 2788 tuis
743 2758 902 2799 precibus
927 2757 1080 2799 gaudeat
1105 2758 1170 2788 iste
1196 2756 1302 2788 iocus.

466 2803 614 2844 Viteque
642 2803 858 2841 VVenccslae,
884 2804 1013 2844 pariter
1035 2800 1139 2842 (011111)
1165 2801 1350 2842 martyr-(e),
1376 2801 1573 2839 Adalberte,

507 2848 641 2888 Martyr
666 2852 700 2879 et
726 2850 797 2889 ipse
824 2850 899 2886 Dei,
926 2858 989 2880 nos
1015 2847 1132 2879 refove
1157 2849 1313 2878 miseros.
