2031 3289
994 196 1048 202 —
1106 173 1187 216 318
1247 198 1299 202 —

370 288 442 325 5a.
485 288 581 336 Iesu,
615 287 719 326 cuius
751 288 788 324 in
820 287 961 325 honore
1182 289 1254 328 5b.
1292 290 1544 327 Recensemus
1575 294 1854 337 praesentatum

482 344 535 380 Te
567 344 693 381 devoti
723 355 831 382 sacro
862 355 965 381 more
1295 346 1367 383 Die
1397 347 1470 382 ista
1501 350 1538 382 et
1567 347 1733 384 oblatum
1859 398 1862 400 v

538 400 720 437 Accensis
750 400 952 438 luminibus
1350 403 1457 440 Patri
1489 414 1571 439 cum
1602 404 1832 454 muneribus,

371 492 440 527 (ia.
483 490 561 526 Nos
592 489 749 527 obtentu
779 491 979 537 genetricis
1166 485 1176 512 s
1183 495 1206 530 6
1221 491 1257 531 b.
1294 493 1344 530 Et
1377 503 1460 529 cum
1489 493 1794 531 iusto.Simeone

483 546 633 583 Nostris
648 544 680 596 1)
715 547 820 584 victis
850 548 1012 584 inimicis
1295 549 1377 586 Tua
1408 547 1482 585 frui
1513 550 1656 587 visione

538 603 616 640 Fac
647 614 728 639 cum
759 605 871 641 Anna
901 604 1016 641 vidua
1353 606 1396 642 ln
1427 616 1521 652 pace
1548 610 1745 653 perpetua.

891 764 973 800 341.
1009 765 1068 807 (2.)
1101 765 1159 800 De
1183 766 1404 810 Apostolis.

370 865 440 902 la.
484 864 582 901 Voce
614 865 717 901 clara
748 868 784 900 et
817 875 953 902 sonora
1184 865 1256 903 lb.
1295 866 1427 903 Honor
1456 866 1549 913 ipsis
1580 867 1835 914 impendatur,
1983 906 1988 922 ι

480 920 632 958 Laudes
673 921 810 958 dentur
843 922 882 958 in
913 921 983 958 hac
1012 921 1106 964 hora
1297 923 1370 959 Per
1391 934 1482 970 quos
1505 923 1641 970 dogma
1662 934 1793 960 sanum
1815 923 1943 962 datur>
1985 970 1987 972 ,

538 977 666 1015 Beatis
697 979 901 1027 apostolis3
1352 979 1532 1017 Omnibus
1564 980 1807 1018 christicolis.

371 1068 442 1105 2a.
484 1067 558 1104 Hic
588 1073 673 1104 sunt
705 1069 778 1105 viri
805 1068 979 1118 Galilaei‚
1184 1068 1256 1109 2b.
1295 1070 1365 1107 Isti
1395 1070 1576 1107 mundum
1605 1050 1858 1117 illustrarunt,

483 1125 553 1170 Qui
583 1123 791 1162 fundarunt
822 1125 970 1162 domum
1003 1124 1078 1164 Dei
1297 1126 1364 1162 Isti
1394 1126 1507 1164 fidem
1538 1127 1752 1164 exaltarunt

539 1181 732 1218 Doctrinis
763 1181 1007 1228 caelestibus;
1353 1183 1541 1221 Mirandis
1571 1183 1764 1230 operibus,

370 1273 439 1311 3a.
482 1271 533 1308 Hi
564 1275 650 1308 sunt
681 1271 794 1309 tubae
825 1272 1009 1322 veritatiS,
1185 1273 1257 1314 3b.
1296 1275 1496 1311 Amatores
1528 1274 1711 1322 caritatis,

481 1328 556 1365 Hic
588 1328 762 1366 doctores
795 1329 1014 1381 honestatis,
1298 1331 1512 1369 sectatores
1543 1331 1710 1378 pietatis,

538 1385 734 1432 Principes
766 1386 959 1430 ecclesiae,
1355 1387 1526 1425 Cultores
1557 1387 1736 1426 iustitiae.

370 1477 441 1513 4a,
485 1476 554 1512 Isti
584 1476 676 1513 nudi
706 1477 894 1514 Christum
928 1479 1067 1515 nudum
1186 1480 1261 1517 4b.
1300 1479 1406 1516 Dura
1437 1478 1539 1525 passi
1570 1483 1655 1526 post
1685 1477 1846 1527 labores,
1903 1483 1906 1486 ”

484 1532 578 1570 Sunt
608 1533 727 1570 secuti
759 1541 894 1580 sponte
926 1536 1067 1573 dudum
1299 1537 1389 1573 Post
1432 1545 1631 1572 aerumnas
1663 1540 1700 1572 et
1729 1535 1927 1582 languores

538 1589 766 1627 Deserentes
797 1591 932 1634 omnia,
1354 1593 1428 1630 Pro
1458 1591 1534 1629 fide
1564 1591 1764 1638 supplicia.

370 1681 438 1718 5a.
481 1680 511 1718 Ο
543 1690 749 1726 praecones
780 1683 914 1718 summi
946 1682 1057 1731 regis,
1187 1682 1258 1723 5b.
1299 1682 1350 1721 Ut
1381 1682 1531 1719 delictis
1562 1681 1723 1729 expiatis

482 1737 511 1774 Ο
542 1737 713 1784 magistri
743 1748 874 1775 sacrae
905 1739 1011 1788 legis,
1299 1737 1545 1776 Perfruamur
1576 1749 1657 1776 cum
1690 1737 1812 1776 beatis

537 1793 615 1831 Nos
645 1794 771 1832 iuvate
798 1795 986 1846 precibus,
1355 1795 1514 1833 Gaudiis
1544 1794 1781 1834 caelestibus.

850 1957 932 1993 342.
969 1957 1027 1999 (3.)
1062 1958 1120 1993 De
1144 1967 1222 1993 uno
1249 1957 1443 2002 Martyre.

370 2055 437 2093 la.
481 2055 685 2101 Christum,
703 2067 827 2104 regern
845 2058 1107 2106 immortalem,
1182 2057 1258 2095 lb.
1301 2057 1531 2095 Veneremur
1563 2057 1623 2094 die
1654 2058 1738 2107 ista,

478 2113 548 2159 Qui
578 2124 734 2160 agonem
767 2114 1032 2161 triumphalem
1294 2115 1374 2161 Qua
1404 2114 1529 2152 fidelis
1560 2114 1734 2161 agonista

536 2168 620 2206 Suis
652 2171 718 2208 dat
747 2171 991 2217 martyribus,
1351 2172 1575 2217 Triumpbat
1609 2171 1655 2209 de
1687 2170 1869 2208 hostibus.

369 2261 437 2297 2a.
478 2260 592 2297 Miles
624 2260 764 2298 Christi
795 2262 997 2309 pretiosus,
1181 2262 1253 2299 ab.
1297 2262 1414 2299 Hoste
1445 2266 1569 2299 tamen
1601 2261 1792 2298 saeviente

480 2317 591 2353 Hosti
622 2318 773 2364 quidem
802 2319 966 2364 odiosus,
1292 2320 1369 2356 Aut
1401 2322 1544 2356 tortore
1575 2318 1856 2374 comprimente*

536 2374 750 2411 Tormentis
781 2375 965 2412 subicitur
979 2386 992 2420 ς,
1350 2377 1384 2412 A
1416 2375 1491 2413 fide
1521 2386 1595 2412 non
1625 2373 1801 2412 flectitur.

368 2465 437 2504 321.
481 2465 598 2502 Immo
630 2465 750 2511 ipsam
781 2465 982 2512 profitetur
1182 2466 1253 2505 3b.
1292 2465 1922 2511 Laetusdemumsumpsitmortem

483 2521 593 2558 Clara
624 2532 714 2558 voce
746 2532 814 2558 nec
846 2527 998 2559 veretur
1293 2523 1343 2560 Et
1374 2522 1517 2569 recepit
1551 2523 1702 2569 dignam
1733 2526 1872 2560 sortem

535 2578 784 2625 Quaecunque
817 2579 1029 2626 dispendia.
1353 2580 1443 2616 Cum
1475 2579 1616 2616 sanctis
1646 2578 1683 2615 iu
1713 2579 1850 2626 patria.

366 2670 386 2705 4
404 2679 436 2705 a.
479 2669 630 2715 Mal-tyr
658 2669 782 2718 digne,
817 2670 1007 2708 Christum
1031 2682 1109 2713 ora,
1181 2673 1205 2708 4
1220 2670 1254 2706 b.
1296 2669 1402 2716 Quod
1424 2674 1510 2716 post
1532 2669 1638 2705 huius
1656 2669 1755 2706 vitae
1774 2678 1921 2706 cursum

481 2726 533 2764 Ut
562 2725 713 2762 assistat
745 2727 876 2762 mortis
909 2726 1002 2763 hora
1293 2726 1482 2772 Expedite
1515 2726 1654 2762 vadant
1683 2736 1830 2762 sursum

535 2781 597 2818 Sic
626 2782 705 2818 suis
737 2782 927 2830 fidelibuS,
1352 2782 1504 2831 Purgati
1538 2781 1768 2829 criminibus,
