1914 3223
151 548 217 586 10.

764 160 927 200 —44

205 306 214 315 .
247 275 331 313 Non
354 278 409 312 est
431 274 567 311 iustum
588 280 663 311 tam
682 278 878 311 venustum

302 332 406 378 Opus
438 336 475 368 et
506 330 715 377 piissimum

246 387 444 435 Oblivisci,
476 386 577 433 quod
607 387 754 424 addisci

304 444 488 482 Convenit
520 443 769 490 potissimum.

250 547 368 584 Immo
400 555 487 582 vere
516 544 587 581 hoc
617 545 731 581 silere

306 602 488 648 Magnum
520 605 577 638 est
608 601 830 647 periculum,

248 660 328 706 Quo
358 657 516 704 purgari
547 663 582 694 et
615 657 756 694 salvari

927 263 932 269 ⁵
969 275 1034 314 19.
1067 275 1203 312 Primis
1234 274 1342 312 annis
1373 275 1485 321 plena
1518 276 1662 324 magnis

1122 331 1327 368 'l‘hesauris
1359 332 1552 380 scientiae,

1065 387 1146 424 Deo
1180 398 1267 424 cara
1299 392 1334 424 et
1366 388 1496 435 ignara

1121 443 1252 481 Totius
1284 444 1474 489 malitiae3

971 546 1038 584 20.
1071 545 1235 581 vincens
1257 555 1387 582 sexum
1406 551 1442 582 et
1460 547 1699 595 complexum·

1124 601 1322 638 carnalem
1357 603 1583 649 despiciens,

1068 657 1147 694 Deo
1179 657 1335 703 placens
1367 659 1447 695 sive
1478 663 1607 696 tacens

309 714 469 752 Constat
500 724 609 750 omne
640 713 843 752 saeculum.
1122 714 1208 751 Sive
1240 724 1281 751 os
1313 716 1511 761 aperiens3

150 819 214 855 11.
247 815 530 855 Praedicandus
559 819 595 852 et
625 815 840 852 laudandus
967 818 1035 855 21.
1064 815 1698 863 Cordeprudens‚semperstudens

305 872 375 909 Tui
408 870 553 909 fructus
583 872 694 919 uteri,
1122 872 1235 919 Legis
1267 871 1543 919 observantiae,

249 929 328 966 Tua
357 933 463 976 gesta
489 926 693 965 manifesta
1065 929 1123 966 Ex
1155 928 1225 965 hoc
1253 939 1343 965 sane
1374 940 1447 966 non
1480 929 1663 967 humanae

304 985 454 1022 Debent
486 984 630 1022 cunctis
660 983 756 1023 fieri.
1122 985 1289 1022 Laudem
1316 995 1499 1031 quaerens
1531 986 1672 1033 gloriae
1685 1001 1699 1034 ς.

150 1090 215 1128 12.
255 1086 447 1126 Gabrielis
478 1090 535 1122 est
567 1085 614 1123 de
645 1086 759 1123 caelis
967 1088 1032 1127 22.
1065 1087 1227 1125 Actione
1258 1091 1295 1123 et
1325 1096 1497 1124 sermone

305 1143 369 1182 Ad
400 1148 438 1180 te
469 1141 610 1180 factum
641 1142 826 1190 nuntium,
1122 1143 1476 1190 Irreprehensibilis

251 1200 357 1248 Quod
376 1199 603 1246 completum
617 1199 713 1236 hosti
727 1204 879 1245 metum,
1065 1201 1115 1238 Et
1147 1203 1366 1237 cunctarum
1397 1199 1603 1246 gratiarum

306 1256 426 1297 Nobis
459 1256 525 1293 dat
554 1256 802 1304 praesidium.
1121 1256 1286 1303 Fulgore
1314 1256 1512 1293 mirabilis.

147 1361 218 1399 13.
251 1360 284 1396 A
318 1358 516 1405 praeclara
545 1358 679 1395 missus
710 1357 797 1395 aula
968 1359 1035 1398 23.
1068 1358 1292 1396 Divinorum
1324 1362 1554 1395 secretorum

305 1414 539 1462 Sublimique
568 1414 662 1452 solio
1125 1414 1240 1451 Lator
1268 1414 1318 1451 ad
1349 1419 1385 1451 te
1416 1419 1609 1462 properat,

247 1472 340 1509 Fert
369 1476 532 1515 secreta,
564 1481 659 1517 quae
690 1471 836 1518 repleta
1065 1471 1158 1508 Fert
1170 1481 1362 1518 arcanum,
1381 1471 1481 1518 quod
1495 1471 1695 1509 humanum

303 1528 398 1566 Sunt
429 1528 587 1575 perenni
617 1527 768 1574 gaudio.
1123 1527 1250 1565 Genus
1281 1526 1357 1565 fide
1388 1527 1539 1567 liberat.

148 1632 213 1670 14.
245 1629 307 1668 Sic
338 1630 484 1677 legatus
517 1629 726 1666 destinatus
962 1632 1031 1670 24.
1060 1629 1696 1679 Necsilendum,quodstupendum

302 1686 359 1725 Ob
391 1686 537 1733 regales
567 1685 719 1732 nuptias
1122 1686 1313 1723 Honorem
1345 1685 1514 1722 exhibuit

251 1743 350 1780 Petit
381 1748 518 1788 terram,
550 1746 589 1778 ut
622 1752 805 1788 supernas
1067 1743 1120 1780 Te
1151 1742 1324 1789 mirante,
1356 1753 1441 1779 nam
1473 1742 1543 1779 hoc
1573 1745 1662 1779 ante

305 1799 454 1837 Pandat
486 1798 686 1837 amicitias,
1123 1799 1237 1836 Nulla
1268 1809 1338 1836 nec
1368 1802 1454 1845 post
1483 1798 1632 1838 meruit.

147 1903 211 1943 15.
242 1901 305 1939 Ad
336 1906 508 1938 terrenas
537 1898 710 1937 officinas
967 1902 1034 1939 25.
1066 1901 1139 1937 Hic
1169 1900 1315 1947 legatus
1347 1905 1404 1937 est
1434 1903 1593 1938 testatus

300 1957 371 1995 Est
402 1957 554 2004 elapsus
584 1957 751 2005 aethere,
1123 1956 1277 1994 Cunctis
1308 1961 1346 1993 te
1375 1957 1621 2004 praecellere,

244 2014 317 2052 Dei
347 2019 478 2051 nutum
510 2018 547 2050 et
577 2016 758 2050 statutum
1065 2013 1182 2050 Plane
1213 2014 1364 2060 quando
1391 2018 1428 2050 te
1457 2013 1630 2050 mirando

302 2071 387 2108 Tibi
420 2074 527 2107 curat
557 2070 739 2116 pandere.
1124 2070 1311 2108 Salutavit
1343 2080 1494 2117 genere.

151 2173 214 2211 16.
247 2173 359 2210 Adte
373 2172 659 2219 tendens‚quae
671 2171 922 2218 resplendens
972 2172 1037 2209 26.
1070 2171 1211 2208 Pandit
1240 2181 1305 2208 ore
1336 2182 1420 2208 cum
1451 2171 1603 2217 honore,

301 2229 400 2266 Eras
432 2228 553 2275 stirpe
583 2227 699 2275 regia,
1121 2227 1228 2275 Quod
1258 2226 1424 2265 futurum
1455 2231 1627 2274 noverat,

245 2285 326 2322 Deo
358 2285 435 2323 cari
469 2289 507 2321 et
537 2284 725 2331 praeclari
1065 2284 1116 2322 Et
1147 2284 1330 2333 declarat,
1362 2284 1463 2331 quod
1484 2294 1550 2321 rex
1572 2286 1699 2331 parat,

303 2341 430 2379 David
463 2341 563 2388 regis
594 2339 695 2388 filia3
1123 2341 1192 2386 Qui
1224 2345 1261 2377 te
1293 2344 1593 2379 consecraverat.

151 2439 217 2478 17.
249 2438 380 2476 Mente
411 2437 526 2484 mitis,
559 2437 775 2484 margaritis

305 2494 524 2533 Gratiarum
555 2493 742 2540 praedita,

247 2551 352 2588 Nulli
384 2560 549 2598 nocens,
581 2560 710 2587 omnes
743 2549 882 2587 docens

306 2607 392 2644 Vita
423 2606 505 2644 Deo
535 2606 698 2655 placita;

968 2438 1033 2475 27.
1067 2436 1265 2486 Salutavit,
1299 2437 1487 2474 nuntiavit

1123 2493 1196 2530 Dei
1226 2493 1450 2531 beneficium

1067 2551 1140 2588 Ore
1172 2549 1313 2587 blando
1346 2549 1588 2594 declarando,

1124 2606 1231 2654 Quod
1264 2606 1422 2644 haberes
1453 2606 1582 2642 tilium.

150 2703 213 2743 18.
247 2704 325 2741 Iam
358 2701 491 2739 adulta
521 2706 558 2738 et
587 2701 742 2751 inculta,

302 2758 388 2796 Non
422 2763 559 2805 mente,
590 2758 658 2795 sed
691 2768 862 2806 corpore,

248 2815 386 2854 Sancta
420 2815 535 2861 cultu,
568 2819 698 2852 sancta
729 2815 848 2858 vultu,

303 2873 465 2910 Prorsus
496 2874 627 2909 sancta
658 2875 835 2918 pectore‚·

967 2703 1033 2741 28.
1066 2702 1233 2740 Primum
1264 2703 1359 2748 Ave,
1394 2705 1478 2748 post
1509 2711 1623 2738 suave

1121 2758 1321 2805 Depromit
1351 2757 1584 2806 mysterium,

1064 2815 1171 2861 Quod
1194 2818 1251 2851 est
1271 2814 1402 2861 ingens
1424 2818 1461 2850 et
1476 2813 1699 2861 pertingens

1121 2871 1183 2908 Ad
1215 2870 1374 2907 salutem
1404 2871 1581 2909 omnium.
