<?xml version="1.0" encoding="UTF-8"?>
<!DOCTYPE html PUBLIC "-//W3C//DTD XHTML 1.0 Transitional//EN"
    "http://www.w3.org/TR/xhtml1/DTD/xhtml1-transitional.dtd">
<html xmlns="http://www.w3.org/1999/xhtml" xml:lang="en" lang="en">
 <head>
  <title>
</title>
<meta http-equiv="Content-Type" content="text/html;charset=utf-8" />
  <meta name='ocr-system' content='tesseract 3.04.00' />
  <meta name='ocr-capabilities' content='ocr_page ocr_carea ocr_par ocr_line ocrx_word'/>
</head>
<body>
  <div class='ocr_page' id='page_1' title='image "./hymnographilatin01drevuoft_0745.png"; bbox 0 0 1914 3223; ppageno 0'>
   <div class='ocr_carea' id='block_1_1' title="bbox 737 164 1048 204">
    <p class='ocr_par' dir='ltr' id='par_1_1' title="bbox 737 164 1048 204">
     <span class='ocr_line' id='line_1_1' title="bbox 737 164 1048 204; baseline -0.003 0"><span class='ocrx_word' id='word_1_1' title='bbox 737 164 1048 204; x_wconf 73' lang='lat'>—189—</span> 
     </span>
    </p>
   </div>
   <div class='ocr_carea' id='block_1_2' title="bbox 275 277 1149 552">
    <p class='ocr_par' dir='ltr' id='par_1_2' title="bbox 275 277 1149 552">
     <span class='ocr_line' id='line_1_2' title="bbox 275 277 991 324; baseline -0.006 -6"><span class='ocrx_word' id='word_1_2' title='bbox 275 279 338 318; x_wconf 89' lang='lat'>10.</span> <span class='ocrx_word' id='word_1_3' title='bbox 387 279 417 317; x_wconf 94' lang='grc' dir='ltr'>Ο</span> <span class='ocrx_word' id='word_1_4' title='bbox 449 278 554 324; x_wconf 90' lang='lat' dir='ltr'>socii,</span> <span class='ocrx_word' id='word_1_5' title='bbox 587 279 668 316; x_wconf 87' lang='lat' dir='ltr'>sine</span> <span class='ocrx_word' id='word_1_6' title='bbox 699 277 772 315; x_wconf 87' lang='lat' dir='ltr'>fine</span> <span class='ocrx_word' id='word_1_7' title='bbox 804 279 927 315; x_wconf 83' lang='lat' dir='ltr'>Deum</span> <span class='ocrx_word' id='word_1_8' title='bbox 987 285 991 291; x_wconf 96' lang='grc'><strong>’</strong></span> 
     </span>
     <span class='ocr_line' id='line_1_3' title="bbox 387 335 1047 382; baseline -0.003 -9"><span class='ocrx_word' id='word_1_9' title='bbox 387 335 561 373; x_wconf 83' lang='lat' dir='ltr'>Carmine</span> <span class='ocrx_word' id='word_1_10' title='bbox 592 335 666 372; x_wconf 83' lang='lat' dir='ltr'>iam</span> <span class='ocrx_word' id='word_1_11' title='bbox 699 346 929 373; x_wconf 70' lang='lat' dir='ltr'>resonemus.</span> <span class='ocrx_word' id='word_1_12' title='bbox 950 346 1047 382; x_wconf 84' lang='lat' dir='ltr'>euin,</span> 
     </span>
     <span class='ocr_line' id='line_1_4' title="bbox 380 391 978 438; baseline 0 -10"><span class='ocrx_word' id='word_1_13' title='bbox 380 391 451 438; x_wconf 81' lang='lat' dir='ltr'>Qui</span> <span class='ocrx_word' id='word_1_14' title='bbox 482 403 550 429; x_wconf 89' lang='lat' dir='ltr'>sua</span> <span class='ocrx_word' id='word_1_15' title='bbox 580 402 736 428; x_wconf 87' lang='lat' dir='ltr'>munera</span> <span class='ocrx_word' id='word_1_16' title='bbox 767 392 839 428; x_wconf 89' lang='lat' dir='ltr'>rite</span> <span class='ocrx_word' id='word_1_17' title='bbox 872 392 978 428; x_wconf 79' lang='lat' dir='ltr'>dedit</span> 
     </span>
     <span class='ocr_line' id='line_1_5' title="bbox 382 448 1048 496; baseline -0.002 -11"><span class='ocrx_word' id='word_1_18' title='bbox 382 448 524 485; x_wconf 85' lang='lat' dir='ltr'>Nostra</span> <span class='ocrx_word' id='word_1_19' title='bbox 554 448 719 485; x_wconf 81' lang='lat' dir='ltr'>libenter</span> <span class='ocrx_word' id='word_1_20' title='bbox 750 453 787 484; x_wconf 86' lang='lat' dir='ltr'>et</span> <span class='ocrx_word' id='word_1_21' title='bbox 816 448 899 494; x_wconf 87' lang='lat' dir='ltr'>ipse</span> <span class='ocrx_word' id='word_1_22' title='bbox 931 449 1048 496; x_wconf 83' lang='lat' dir='ltr'>capit,</span> 
     </span>
     <span class='ocr_line' id='line_1_6' title="bbox 384 504 1149 552; baseline 0.003 -11"><span class='ocrx_word' id='word_1_23' title='bbox 384 504 557 541; x_wconf 81' lang='lat' dir='ltr'>Christus</span> <span class='ocrx_word' id='word_1_24' title='bbox 588 509 624 541; x_wconf 88' lang='lat' dir='ltr'>et</span> <span class='ocrx_word' id='word_1_25' title='bbox 655 504 820 552; x_wconf 86' lang='lat' dir='ltr'>optimus</span> <span class='ocrx_word' id='word_1_26' title='bbox 853 504 914 541; x_wconf 90' lang='lat' dir='ltr'>hic</span> <span class='ocrx_word' id='word_1_27' title='bbox 945 505 1047 541; x_wconf 84' lang='lat' dir='ltr'>Deus</span> <span class='ocrx_word' id='word_1_28' title='bbox 1080 511 1149 543; x_wconf 80' lang='lat' dir='ltr'>est.</span> 
     </span>
    </p>
   </div>
   <div class='ocr_carea' id='block_1_3' title="bbox 111 591 1679 681">
    <p class='ocr_par' dir='ltr' id='par_1_3' title="bbox 111 591 1679 681">
     <span class='ocr_line' id='line_1_7' title="bbox 179 591 1679 671; baseline -0.001 -45"><span class='ocrx_word' id='word_1_29' title='bbox 179 595 442 671; x_wconf 29' lang='lat' dir='ltr'>5Bgowerust.</span> <span class='ocrx_word' id='word_1_30' title='bbox 469 591 529 633; x_wconf 72' lang='lat'>693</span> <span class='ocrx_word' id='word_1_31' title='bbox 556 593 738 625; x_wconf 82' lang='lat' dir='ltr'>Diimmler</span> <span class='ocrx_word' id='word_1_32' title='bbox 762 594 807 630; x_wconf 85' lang='lat'>11,</span> <span class='ocrx_word' id='word_1_33' title='bbox 833 591 910 625; x_wconf 79' lang='grc'><strong>246.</strong></span> <span class='ocrx_word' id='word_1_34' title='bbox 940 610 980 615; x_wconf 80' lang='lat'>—</span> <span class='ocrx_word' id='word_1_35' title='bbox 1001 592 1029 632; x_wconf 88' lang='lat'>1,</span> <span class='ocrx_word' id='word_1_36' title='bbox 1048 592 1069 624; x_wconf 82' lang='lat'><strong>2</strong></span> <span class='ocrx_word' id='word_1_37' title='bbox 1086 597 1178 625; x_wconf 81' lang='lat' dir='ltr'>tune.</span> <span class='ocrx_word' id='word_1_38' title='bbox 1197 612 1240 615; x_wconf 72' lang='lat'>——</span> <span class='ocrx_word' id='word_1_39' title='bbox 1258 592 1289 633; x_wconf 82' lang='lat'>4,</span> <span class='ocrx_word' id='word_1_40' title='bbox 1308 592 1328 625; x_wconf 85' lang='lat'><strong>5</strong></span> <span class='ocrx_word' id='word_1_41' title='bbox 1346 593 1504 627; x_wconf 77' lang='lat' dir='ltr'>Christus</span> <span class='ocrx_word' id='word_1_42' title='bbox 1522 597 1555 626; x_wconf 84' lang='lat' dir='ltr'>et</span> <span class='ocrx_word' id='word_1_43' title='bbox 1573 604 1679 625; x_wconf 84' lang='lat' dir='ltr'>arma.</span> 
     </span>
     <span class='ocr_line' id='line_1_8' title="bbox 111 649 434 681; baseline 0 -11"><span class='ocrx_word' id='word_1_44' title='bbox 111 657 152 663; x_wconf 90' lang='lat'><strong>—</strong></span> <span class='ocrx_word' id='word_1_45' title='bbox 203 663 211 678; x_wconf 93' lang='lat'>‚</span> <span class='ocrx_word' id='word_1_46' title='bbox 281 649 434 681; x_wconf 81' lang='lat' dir='ltr'>quosvis.</span> 
     </span>
    </p>
   </div>
   <div class='ocr_carea' id='block_1_4' title="bbox 531 721 1259 766">
    <p class='ocr_par' dir='ltr' id='par_1_4' title="bbox 531 721 1259 766">
     <span class='ocr_line' id='line_1_9' title="bbox 531 721 1259 766; baseline 0.001 -10"><span class='ocrx_word' id='word_1_47' title='bbox 531 721 612 757; x_wconf 74' lang='lat'>138.</span> <span class='ocrx_word' id='word_1_48' title='bbox 649 721 704 765; x_wconf 69' lang='lat'>(7).</span> <span class='ocrx_word' id='word_1_49' title='bbox 742 722 919 765; x_wconf 79' lang='lat' dir='ltr'><strong>Hymnus</strong></span> <span class='ocrx_word' id='word_1_50' title='bbox 945 722 992 756; x_wconf 84' lang='lat' dir='ltr'>(le</span> <span class='ocrx_word' id='word_1_51' title='bbox 1018 721 1259 766; x_wconf 85' lang='lat' dir='ltr'>Epiphania.</span> 
     </span>
    </p>
   </div>
   <div class='ocr_carea' id='block_1_5' title="bbox 285 810 1360 1028">
    <p class='ocr_par' dir='ltr' id='par_1_5' title="bbox 285 810 1360 1028">
     <span class='ocr_line' id='line_1_10' title="bbox 285 810 1182 857; baseline -0.002 -9"><span class='ocrx_word' id='word_1_52' title='bbox 285 812 319 849; x_wconf 92' lang='lat'>1.</span> <span class='ocrx_word' id='word_1_53' title='bbox 367 811 439 857; x_wconf 90' lang='lat' dir='ltr'>En,</span> <span class='ocrx_word' id='word_1_54' title='bbox 473 810 569 847; x_wconf 87' lang='lat' dir='ltr'>caeli</span> <span class='ocrx_word' id='word_1_55' title='bbox 602 810 760 847; x_wconf 83' lang='lat' dir='ltr'>rutilant</span> <span class='ocrx_word' id='word_1_56' title='bbox 791 810 932 847; x_wconf 90' lang='lat' dir='ltr'>lumina</span> <span class='ocrx_word' id='word_1_57' title='bbox 964 810 1182 857; x_wconf 85' lang='lat' dir='ltr'>splendida,</span> 
     </span>
     <span class='ocr_line' id='line_1_11' title="bbox 366 867 1242 915; baseline -0.002 -10"><span class='ocrx_word' id='word_1_58' title='bbox 366 869 574 906; x_wconf 79' lang='lat' dir='ltr'>Testantur</span> <span class='ocrx_word' id='word_1_59' title='bbox 606 867 807 903; x_wconf 85' lang='lat' dir='ltr'>Dominum</span> <span class='ocrx_word' id='word_1_60' title='bbox 839 877 996 903; x_wconf 80' lang='lat' dir='ltr'>nascere</span> <span class='ocrx_word' id='word_1_61' title='bbox 1028 867 1242 915; x_wconf 82' lang='lat' dir='ltr'>parvulum,</span> 
     </span>
     <span class='ocr_line' id='line_1_12' title="bbox 368 922 1258 970; baseline 0 -9"><span class='ocrx_word' id='word_1_62' title='bbox 368 924 438 969; x_wconf 83' lang='lat' dir='ltr'>Qui</span> <span class='ocrx_word' id='word_1_63' title='bbox 470 922 610 962; x_wconf 83' lang='lat' dir='ltr'>format</span> <span class='ocrx_word' id='word_1_64' title='bbox 640 923 795 960; x_wconf 81' lang='lat' dir='ltr'>minima</span> <span class='ocrx_word' id='word_1_65' title='bbox 826 927 864 960; x_wconf 87' lang='lat' dir='ltr'>et</span> <span class='ocrx_word' id='word_1_66' title='bbox 894 924 957 970; x_wconf 86' lang='lat' dir='ltr'>qui</span> <span class='ocrx_word' id='word_1_67' title='bbox 991 927 1094 960; x_wconf 84' lang='lat' dir='ltr'>creat</span> <span class='ocrx_word' id='word_1_68' title='bbox 1124 924 1258 969; x_wconf 83' lang='lat' dir='ltr'>ardua,</span> 
     </span>
     <span class='ocr_line' id='line_1_13' title="bbox 365 980 1360 1028; baseline 0.002 -11"><span class='ocrx_word' id='word_1_69' title='bbox 365 980 487 1028; x_wconf 82' lang='lat' dir='ltr'>Regni</span> <span class='ocrx_word' id='word_1_70' title='bbox 519 983 672 1027; x_wconf 83' lang='lat' dir='ltr'>sceptra</span> <span class='ocrx_word' id='word_1_71' title='bbox 703 984 836 1017; x_wconf 83' lang='lat' dir='ltr'>tenens</span> <span class='ocrx_word' id='word_1_72' title='bbox 868 984 925 1016; x_wconf 83' lang='lat' dir='ltr'>est</span> <span class='ocrx_word' id='word_1_73' title='bbox 956 980 1060 1017; x_wconf 88' lang='lat' dir='ltr'>Deus</span> <span class='ocrx_word' id='word_1_74' title='bbox 1091 984 1204 1027; x_wconf 83' lang='lat' dir='ltr'>atque</span> <span class='ocrx_word' id='word_1_75' title='bbox 1235 980 1360 1019; x_wconf 92' lang='lat' dir='ltr'>homo.</span> 
     </span>
    </p>
   </div>
   <div class='ocr_carea' id='block_1_6' title="bbox 285 1069 1202 1278">
    <p class='ocr_par' dir='ltr' id='par_1_6' title="bbox 285 1069 1202 1278">
     <span class='ocr_line' id='line_1_14' title="bbox 285 1069 1202 1117; baseline -0.003 -8"><span class='ocrx_word' id='word_1_76' title='bbox 285 1073 323 1110; x_wconf 88' lang='grc'>2.</span> <span class='ocrx_word' id='word_1_77' title='bbox 373 1070 494 1108; x_wconf 80' lang='lat' dir='ltr'>Duxit</span> <span class='ocrx_word' id='word_1_78' title='bbox 525 1070 638 1107; x_wconf 86' lang='lat' dir='ltr'>stella</span> <span class='ocrx_word' id='word_1_79' title='bbox 669 1081 797 1117; x_wconf 84' lang='lat' dir='ltr'>magos</span> <span class='ocrx_word' id='word_1_80' title='bbox 827 1069 989 1116; x_wconf 73' lang='lat' dir='ltr'>mystica</span> <span class='ocrx_word' id='word_1_81' title='bbox 1017 1080 1202 1117; x_wconf 85' lang='lat' dir='ltr'>quaerere</span> 
     </span>
     <span class='ocr_line' id='line_1_15' title="bbox 371 1126 1005 1175; baseline -0.002 -11"><span class='ocrx_word' id='word_1_82' title='bbox 371 1127 485 1174; x_wconf 81' lang='lat' dir='ltr'>Regis</span> <span class='ocrx_word' id='word_1_83' title='bbox 517 1126 666 1173; x_wconf 87' lang='lat' dir='ltr'>pacifici</span> <span class='ocrx_word' id='word_1_84' title='bbox 699 1127 772 1163; x_wconf 89' lang='lat' dir='ltr'>rite</span> <span class='ocrx_word' id='word_1_85' title='bbox 805 1127 1005 1175; x_wconf 85' lang='lat' dir='ltr'>cunabula,</span> 
     </span>
     <span class='ocr_line' id='line_1_16' title="bbox 371 1183 1198 1230; baseline 0.001 -10"><span class='ocrx_word' id='word_1_86' title='bbox 371 1186 488 1230; x_wconf 80' lang='lat' dir='ltr'>Quem</span> <span class='ocrx_word' id='word_1_87' title='bbox 521 1184 665 1221; x_wconf 85' lang='lat' dir='ltr'>Iudaea</span> <span class='ocrx_word' id='word_1_88' title='bbox 696 1187 829 1220; x_wconf 89' lang='lat' dir='ltr'>tenens</span> <span class='ocrx_word' id='word_1_89' title='bbox 861 1183 964 1220; x_wconf 88' lang='lat' dir='ltr'>orbis</span> <span class='ocrx_word' id='word_1_90' title='bbox 995 1183 1034 1220; x_wconf 92' lang='lat' dir='ltr'>in</span> <span class='ocrx_word' id='word_1_91' title='bbox 1064 1184 1198 1221; x_wconf 82' lang='lat' dir='ltr'>ultima</span> 
     </span>
     <span class='ocr_line' id='line_1_17' title="bbox 368 1240 1034 1278; baseline -0.002 -1"><span class='ocrx_word' id='word_1_92' title='bbox 368 1240 527 1278; x_wconf 86' lang='lat' dir='ltr'>Diffusis</span> <span class='ocrx_word' id='word_1_93' title='bbox 560 1240 679 1278; x_wconf 80' lang='lat' dir='ltr'>radiis</span> <span class='ocrx_word' id='word_1_94' title='bbox 710 1241 860 1277; x_wconf 81' lang='lat' dir='ltr'>nuntiat</span> <span class='ocrx_word' id='word_1_95' title='bbox 890 1240 1034 1277; x_wconf 88' lang='lat' dir='ltr'>inclita.</span> 
     </span>
    </p>
   </div>
   <div class='ocr_carea' id='block_1_7' title="bbox 286 1330 1245 1548">
    <p class='ocr_par' dir='ltr' id='par_1_7' title="bbox 286 1330 1245 1548">
     <span class='ocr_line' id='line_1_18' title="bbox 286 1330 1101 1378; baseline -0.004 -8"><span class='ocrx_word' id='word_1_96' title='bbox 286 1333 322 1370; x_wconf 84' lang='lat'>3.</span> <span class='ocrx_word' id='word_1_97' title='bbox 370 1331 545 1368; x_wconf 87' lang='lat' dir='ltr'>Herodes</span> <span class='ocrx_word' id='word_1_98' title='bbox 579 1331 732 1378; x_wconf 88' lang='lat' dir='ltr'>capiens</span> <span class='ocrx_word' id='word_1_99' title='bbox 763 1331 902 1378; x_wconf 83' lang='lat' dir='ltr'>impius</span> <span class='ocrx_word' id='word_1_100' title='bbox 934 1330 1101 1373; x_wconf 78' lang='lat' dir='ltr'>auribus,</span> 
     </span>
     <span class='ocr_line' id='line_1_19' title="bbox 369 1386 1240 1434; baseline 0 -9"><span class='ocrx_word' id='word_1_101' title='bbox 369 1388 478 1434; x_wconf 82' lang='lat' dir='ltr'>Quod</span> <span class='ocrx_word' id='word_1_102' title='bbox 511 1398 578 1425; x_wconf 86' lang='lat' dir='ltr'>rex</span> <span class='ocrx_word' id='word_1_103' title='bbox 609 1388 671 1424; x_wconf 92' lang='lat' dir='ltr'>hic</span> <span class='ocrx_word' id='word_1_104' title='bbox 703 1386 829 1424; x_wconf 82' lang='lat' dir='ltr'>fuerat</span> <span class='ocrx_word' id='word_1_105' title='bbox 859 1392 982 1433; x_wconf 78' lang='lat' dir='ltr'>natus,</span> <span class='ocrx_word' id='word_1_106' title='bbox 1015 1388 1053 1424; x_wconf 90' lang='lat' dir='ltr'>in</span> <span class='ocrx_word' id='word_1_107' title='bbox 1084 1387 1240 1425; x_wconf 85' lang='lat' dir='ltr'><strong>urbibus</strong></span> 
     </span>
     <span class='ocr_line' id='line_1_20' title="bbox 369 1444 1245 1491; baseline -0.001 -9"><span class='ocrx_word' id='word_1_108' title='bbox 369 1444 534 1482; x_wconf 83' lang='lat' dir='ltr'>Iudaeae</span> <span class='ocrx_word' id='word_1_109' title='bbox 564 1444 664 1481; x_wconf 88' lang='lat' dir='ltr'>hunc</span> <span class='ocrx_word' id='word_1_110' title='bbox 698 1445 809 1481; x_wconf 84' lang='lat' dir='ltr'>citius</span> <span class='ocrx_word' id='word_1_111' title='bbox 840 1454 1023 1491; x_wconf 82' lang='lat' dir='ltr'>quaerere</span> <span class='ocrx_word' id='word_1_112' title='bbox 1054 1444 1245 1491; x_wconf 84' lang='lat' dir='ltr'>praecipit</span> 
     </span>
     <span class='ocr_line' id='line_1_21' title="bbox 371 1501 1214 1548; baseline 0.004 -10"><span class='ocrx_word' id='word_1_113' title='bbox 371 1501 508 1539; x_wconf 85' lang='lat' dir='ltr'>Tristis</span> <span class='ocrx_word' id='word_1_114' title='bbox 540 1511 701 1548; x_wconf 85' lang='lat' dir='ltr'>moxque</span> <span class='ocrx_word' id='word_1_115' title='bbox 732 1501 815 1538; x_wconf 88' lang='lat' dir='ltr'>neci</span> <span class='ocrx_word' id='word_1_116' title='bbox 847 1501 1000 1538; x_wconf 86' lang='lat' dir='ltr'>tradere</span> <span class='ocrx_word' id='word_1_117' title='bbox 1034 1501 1214 1541; x_wconf 83' lang='lat' dir='ltr'>destinat.</span> 
     </span>
    </p>
   </div>
   <div class='ocr_carea' id='block_1_8' title="bbox 284 1591 1509 1811">
    <p class='ocr_par' dir='ltr' id='par_1_8' title="bbox 284 1591 1509 1811">
     <span class='ocr_line' id='line_1_22' title="bbox 284 1591 1171 1631; baseline -0.003 -1"><span class='ocrx_word' id='word_1_118' title='bbox 284 1594 321 1631; x_wconf 86' lang='lat'>4.</span> <span class='ocrx_word' id='word_1_119' title='bbox 367 1594 547 1630; x_wconf 85' lang='lat' dir='ltr'>Inventus</span> <span class='ocrx_word' id='word_1_120' title='bbox 579 1591 763 1629; x_wconf 89' lang='lat' dir='ltr'>Dominus</span> <span class='ocrx_word' id='word_1_121' title='bbox 795 1591 923 1628; x_wconf 92' lang='lat' dir='ltr'>indice</span> <span class='ocrx_word' id='word_1_122' title='bbox 956 1592 1082 1629; x_wconf 83' lang='lat' dir='ltr'>sidere</span> <span class='ocrx_word' id='word_1_123' title='bbox 1113 1595 1171 1628; x_wconf 84' lang='lat' dir='ltr'>est</span> 
     </span>
     <span class='ocr_line' id='line_1_23' title="bbox 367 1648 1254 1699; baseline -0.001 -13"><span class='ocrx_word' id='word_1_124' title='bbox 367 1650 410 1686; x_wconf 92' lang='lat' dir='ltr'>In</span> <span class='ocrx_word' id='word_1_125' title='bbox 443 1649 616 1686; x_wconf 89' lang='lat' dir='ltr'>Bethlem</span> <span class='ocrx_word' id='word_1_126' title='bbox 649 1648 795 1695; x_wconf 87' lang='lat' dir='ltr'>pariter</span> <span class='ocrx_word' id='word_1_127' title='bbox 828 1659 986 1694; x_wconf 88' lang='lat' dir='ltr'>cumque</span> <span class='ocrx_word' id='word_1_128' title='bbox 1017 1648 1254 1699; x_wconf 82' lang='lat' dir='ltr'>parentibus,</span> 
     </span>
     <span class='ocr_line' id='line_1_24' title="bbox 369 1704 1219 1755; baseline 0 -13"><span class='ocrx_word' id='word_1_129' title='bbox 369 1705 439 1743; x_wconf 90' lang='lat' dir='ltr'>Cui</span> <span class='ocrx_word' id='word_1_130' title='bbox 468 1716 555 1742; x_wconf 85' lang='lat' dir='ltr'>mox</span> <span class='ocrx_word' id='word_1_131' title='bbox 587 1716 676 1753; x_wconf 85' lang='lat' dir='ltr'>ergo</span> <span class='ocrx_word' id='word_1_132' title='bbox 708 1705 808 1752; x_wconf 87' lang='lat' dir='ltr'>magi</span> <span class='ocrx_word' id='word_1_133' title='bbox 839 1715 996 1742; x_wconf 84' lang='lat' dir='ltr'>munera</span> <span class='ocrx_word' id='word_1_134' title='bbox 1028 1704 1219 1755; x_wconf 84' lang='lat' dir='ltr'>deferunt,</span> 
     </span>
     <span class='ocr_line' id='line_1_25' title="bbox 369 1762 1509 1811; baseline 0.002 -12"><span class='ocrx_word' id='word_1_135' title='bbox 369 1763 460 1809; x_wconf 87' lang='lat' dir='ltr'>Tus,</span> <span class='ocrx_word' id='word_1_136' title='bbox 492 1773 671 1807; x_wconf 90' lang='lat' dir='ltr'>murram,</span> <span class='ocrx_word' id='word_1_137' title='bbox 703 1773 839 1799; x_wconf 88' lang='lat' dir='ltr'>aurum</span> <span class='ocrx_word' id='word_1_138' title='bbox 869 1762 917 1799; x_wconf 88' lang='lat' dir='ltr'>ab</span> <span class='ocrx_word' id='word_1_139' title='bbox 949 1762 1071 1808; x_wconf 90' lang='lat' dir='ltr'>Ophir</span> <span class='ocrx_word' id='word_1_140' title='bbox 1102 1763 1198 1810; x_wconf 80' lang='lat' dir='ltr'>regi,</span> <span class='ocrx_word' id='word_1_141' title='bbox 1230 1762 1387 1811; x_wconf 90' lang='lat' dir='ltr'>homini,</span> <span class='ocrx_word' id='word_1_142' title='bbox 1415 1762 1509 1802; x_wconf 85' lang='lat' dir='ltr'>Deo,</span> 
     </span>
    </p>
   </div>
   <div class='ocr_carea' id='block_1_9' title="bbox 286 1853 1197 2070">
    <p class='ocr_par' dir='ltr' id='par_1_9' title="bbox 286 1853 1197 2070">
     <span class='ocr_line' id='line_1_26' title="bbox 286 1853 1197 1901; baseline -0.001 -10"><span class='ocrx_word' id='word_1_143' title='bbox 286 1855 324 1892; x_wconf 82' lang='lat'>5.</span> <span class='ocrx_word' id='word_1_144' title='bbox 370 1853 482 1901; x_wconf 84' lang='lat' dir='ltr'>Huic,</span> <span class='ocrx_word' id='word_1_145' title='bbox 515 1857 603 1890; x_wconf 83' lang='lat' dir='ltr'>trux</span> <span class='ocrx_word' id='word_1_146' title='bbox 634 1853 718 1899; x_wconf 86' lang='lat' dir='ltr'>ipse</span> <span class='ocrx_word' id='word_1_147' title='bbox 748 1853 840 1889; x_wconf 84' lang='lat' dir='ltr'>licet</span> <span class='ocrx_word' id='word_1_148' title='bbox 871 1853 1016 1890; x_wconf 81' lang='lat' dir='ltr'>saeviat</span> <span class='ocrx_word' id='word_1_149' title='bbox 1041 1853 1197 1890; x_wconf 88' lang='lat' dir='ltr'>horride</span> 
     </span>
     <span class='ocr_line' id='line_1_27' title="bbox 370 1909 1135 1959; baseline 0 -13"><span class='ocrx_word' id='word_1_150' title='bbox 370 1910 559 1957; x_wconf 88' lang='lat' dir='ltr'>Herodes,</span> <span class='ocrx_word' id='word_1_151' title='bbox 591 1909 719 1946; x_wconf 82' lang='lat' dir='ltr'>iubeat</span> <span class='ocrx_word' id='word_1_152' title='bbox 752 1909 912 1947; x_wconf 84' lang='lat' dir='ltr'>caedere</span> <span class='ocrx_word' id='word_1_153' title='bbox 944 1910 1135 1959; x_wconf 87' lang='lat' dir='ltr'>parvulos,</span> 
     </span>
     <span class='ocr_line' id='line_1_28' title="bbox 369 1966 1172 2013; baseline 0 -10"><span class='ocrx_word' id='word_1_154' title='bbox 369 1967 540 2013; x_wconf 83' lang='lat' dir='ltr'>Regnum</span> <span class='ocrx_word' id='word_1_155' title='bbox 572 1966 645 2003; x_wconf 84' lang='lat' dir='ltr'>rite</span> <span class='ocrx_word' id='word_1_156' title='bbox 674 1977 782 2003; x_wconf 75' lang='lat' dir='ltr'>suum</span> <span class='ocrx_word' id='word_1_157' title='bbox 814 1966 975 2003; x_wconf 84' lang='lat' dir='ltr'>firmiter</span> <span class='ocrx_word' id='word_1_158' title='bbox 1005 1966 1172 2013; x_wconf 91' lang='lat' dir='ltr'>undique</span> 
     </span>
     <span class='ocr_line' id='line_1_29' title="bbox 371 2023 1143 2070; baseline 0.001 -9"><span class='ocrx_word' id='word_1_159' title='bbox 371 2024 554 2062; x_wconf 85' lang='lat' dir='ltr'>Servatur</span> <span class='ocrx_word' id='word_1_160' title='bbox 583 2023 762 2070; x_wconf 82' lang='lat' dir='ltr'>Domin03</span> <span class='ocrx_word' id='word_1_161' title='bbox 805 2023 949 2060; x_wconf 87' lang='lat' dir='ltr'>corruit</span> <span class='ocrx_word' id='word_1_162' title='bbox 978 2023 1143 2062; x_wconf 67' lang='lat' dir='ltr'>invidus„</span> 
     </span>
    </p>
   </div>
   <div class='ocr_carea' id='block_1_10' title="bbox 288 2114 1290 2331">
    <p class='ocr_par' dir='ltr' id='par_1_10' title="bbox 288 2114 1290 2331">
     <span class='ocr_line' id='line_1_30' title="bbox 288 2114 1122 2158; baseline -0.002 -6"><span class='ocrx_word' id='word_1_163' title='bbox 288 2119 325 2152; x_wconf 71' lang='grc' dir='ltr'>ὅ.</span> <span class='ocrx_word' id='word_1_164' title='bbox 373 2114 445 2158; x_wconf 89' lang='lat' dir='ltr'>En,</span> <span class='ocrx_word' id='word_1_165' title='bbox 481 2118 538 2151; x_wconf 79' lang='lat' dir='ltr'>est</span> <span class='ocrx_word' id='word_1_166' title='bbox 567 2114 642 2151; x_wconf 88' lang='lat' dir='ltr'>ista</span> <span class='ocrx_word' id='word_1_167' title='bbox 674 2114 754 2151; x_wconf 84' lang='lat' dir='ltr'>dies</span> <span class='ocrx_word' id='word_1_168' title='bbox 786 2125 941 2151; x_wconf 88' lang='lat' dir='ltr'>munere</span> <span class='ocrx_word' id='word_1_169' title='bbox 970 2114 1122 2156; x_wconf 81' lang='lat' dir='ltr'>nobilis,</span> 
     </span>
     <span class='ocr_line' id='line_1_31' title="bbox 373 2170 1254 2220; baseline 0 -13"><span class='ocrx_word' id='word_1_170' title='bbox 373 2171 571 2217; x_wconf 86' lang='lat' dir='ltr'>Baptismo</span> <span class='ocrx_word' id='word_1_171' title='bbox 602 2170 696 2208; x_wconf 87' lang='lat' dir='ltr'>haec</span> <span class='ocrx_word' id='word_1_172' title='bbox 724 2171 890 2215; x_wconf 86' lang='lat' dir='ltr'>Domini,</span> <span class='ocrx_word' id='word_1_173' title='bbox 923 2170 1062 2207; x_wconf 88' lang='lat' dir='ltr'>nobilis</span> <span class='ocrx_word' id='word_1_174' title='bbox 1094 2170 1254 2220; x_wconf 80' lang='lat' dir='ltr'>exstitit,</span> 
     </span>
     <span class='ocr_line' id='line_1_32' title="bbox 355 2226 1253 2280; baseline 0.001 -16"><span class='ocrx_word' id='word_1_175' title='bbox 355 2228 480 2280; x_wconf 23' lang='lat' dir='ltr'>*Quod</span> <span class='ocrx_word' id='word_1_176' title='bbox 512 2228 639 2265; x_wconf 91' lang='lat' dir='ltr'>vinum</span> <span class='ocrx_word' id='word_1_177' title='bbox 672 2228 856 2264; x_wconf 87' lang='lat' dir='ltr'>Dominus</span> <span class='ocrx_word' id='word_1_178' title='bbox 888 2226 1034 2264; x_wconf 82' lang='lat' dir='ltr'>fecerat</span> <span class='ocrx_word' id='word_1_179' title='bbox 1065 2238 1112 2264; x_wconf 82' lang='lat' dir='ltr'>ex</span> <span class='ocrx_word' id='word_1_180' title='bbox 1142 2238 1253 2276; x_wconf 87' lang='lat' dir='ltr'>aqua,</span> 
     </span>
     <span class='ocr_line' id='line_1_33' title="bbox 370 2284 1290 2331; baseline 0.002 -9"><span class='ocrx_word' id='word_1_181' title='bbox 370 2285 617 2323; x_wconf 88' lang='lat' dir='ltr'>Commendat</span> <span class='ocrx_word' id='word_1_182' title='bbox 647 2284 800 2331; x_wconf 82' lang='lat' dir='ltr'>placide</span> <span class='ocrx_word' id='word_1_183' title='bbox 831 2284 925 2321; x_wconf 84' lang='lat' dir='ltr'>haec</span> <span class='ocrx_word' id='word_1_184' title='bbox 956 2295 1066 2321; x_wconf 86' lang='lat' dir='ltr'>sacra</span> <span class='ocrx_word' id='word_1_185' title='bbox 1098 2285 1290 2331; x_wconf 83' lang='lat' dir='ltr'>dogmata.</span> 
     </span>
    </p>
   </div>
   <div class='ocr_carea' id='block_1_11' title="bbox 290 2375 1274 2593">
    <p class='ocr_par' dir='ltr' id='par_1_11' title="bbox 290 2375 1274 2593">
     <span class='ocr_line' id='line_1_34' title="bbox 290 2375 1274 2423; baseline -0.003 -9"><span class='ocrx_word' id='word_1_186' title='bbox 290 2377 325 2414; x_wconf 83' lang='lat'>7.</span> <span class='ocrx_word' id='word_1_187' title='bbox 374 2375 591 2412; x_wconf 87' lang='lat' dir='ltr'>Gaudemus</span> <span class='ocrx_word' id='word_1_188' title='bbox 623 2375 770 2422; x_wconf 86' lang='lat' dir='ltr'>pariter</span> <span class='ocrx_word' id='word_1_189' title='bbox 802 2375 1004 2423; x_wconf 86' lang='lat' dir='ltr'>mentibus,</span> <span class='ocrx_word' id='word_1_190' title='bbox 1034 2385 1092 2420; x_wconf 85' lang='lat' dir='ltr'>en,</span> <span class='ocrx_word' id='word_1_191' title='bbox 1125 2385 1274 2423; x_wconf 84' lang='lat' dir='ltr'>precor,</span> 
     </span>
     <span class='ocr_line' id='line_1_35' title="bbox 371 2431 1241 2480; baseline -0.002 -11"><span class='ocrx_word' id='word_1_192' title='bbox 371 2432 478 2478; x_wconf 84' lang='lat' dir='ltr'>Quod</span> <span class='ocrx_word' id='word_1_193' title='bbox 508 2432 616 2469; x_wconf 87' lang='lat' dir='ltr'>nobis</span> <span class='ocrx_word' id='word_1_194' title='bbox 647 2431 832 2469; x_wconf 84' lang='lat' dir='ltr'>Dominus</span> <span class='ocrx_word' id='word_1_195' title='bbox 864 2432 925 2468; x_wconf 84' lang='lat' dir='ltr'>hic</span> <span class='ocrx_word' id='word_1_196' title='bbox 956 2433 1042 2479; x_wconf 89' lang='lat' dir='ltr'>pius</span> <span class='ocrx_word' id='word_1_197' title='bbox 1073 2431 1241 2480; x_wconf 89' lang='lat' dir='ltr'>advenit,</span> 
     </span>
     <span class='ocr_line' id='line_1_36' title="bbox 370 2489 1167 2536; baseline -0.001 -11"><span class='ocrx_word' id='word_1_198' title='bbox 370 2489 477 2536; x_wconf 82' lang='lat' dir='ltr'>Quod</span> <span class='ocrx_word' id='word_1_199' title='bbox 508 2492 639 2525; x_wconf 85' lang='lat' dir='ltr'>nostra</span> <span class='ocrx_word' id='word_1_200' title='bbox 670 2489 788 2525; x_wconf 85' lang='lat' dir='ltr'>voluit</span> <span class='ocrx_word' id='word_1_201' title='bbox 820 2499 976 2525; x_wconf 88' lang='lat' dir='ltr'>munera</span> <span class='ocrx_word' id='word_1_202' title='bbox 1008 2499 1167 2534; x_wconf 86' lang='lat' dir='ltr'>sumere,</span> 
     </span>
     <span class='ocr_line' id='line_1_37' title="bbox 371 2544 1229 2593; baseline 0.002 -11"><span class='ocrx_word' id='word_1_203' title='bbox 371 2546 478 2592; x_wconf 81' lang='lat' dir='ltr'>Quod</span> <span class='ocrx_word' id='word_1_204' title='bbox 510 2544 700 2591; x_wconf 86' lang='lat' dir='ltr'>baptisma</span> <span class='ocrx_word' id='word_1_205' title='bbox 733 2545 854 2593; x_wconf 84' lang='lat' dir='ltr'>dedit,</span> <span class='ocrx_word' id='word_1_206' title='bbox 886 2545 1023 2591; x_wconf 85' lang='lat' dir='ltr'>pocula</span> <span class='ocrx_word' id='word_1_207' title='bbox 1057 2544 1229 2584; x_wconf 84' lang='lat' dir='ltr'>contulit.</span> 
     </span>
    </p>
   </div>
   <div class='ocr_carea' id='block_1_12' title="bbox 290 2635 1308 2851">
    <p class='ocr_par' dir='ltr' id='par_1_12' title="bbox 290 2635 1308 2851">
     <span class='ocr_line' id='line_1_38' title="bbox 290 2635 1308 2683; baseline -0.002 -9"><span class='ocrx_word' id='word_1_208' title='bbox 290 2637 328 2674; x_wconf 80' lang='lat'>8.</span> <span class='ocrx_word' id='word_1_209' title='bbox 374 2636 471 2672; x_wconf 85' lang='lat' dir='ltr'>Nam</span> <span class='ocrx_word' id='word_1_210' title='bbox 504 2646 569 2672; x_wconf 90' lang='lat' dir='ltr'>rex</span> <span class='ocrx_word' id='word_1_211' title='bbox 603 2635 778 2673; x_wconf 86' lang='lat' dir='ltr'>Christus</span> <span class='ocrx_word' id='word_1_212' title='bbox 807 2636 917 2673; x_wconf 85' lang='lat' dir='ltr'>adest</span> <span class='ocrx_word' id='word_1_213' title='bbox 948 2635 1051 2672; x_wconf 87' lang='lat' dir='ltr'>orbis</span> <span class='ocrx_word' id='word_1_214' title='bbox 1084 2639 1119 2672; x_wconf 80' lang='lat' dir='ltr'>et</span> <span class='ocrx_word' id='word_1_215' title='bbox 1151 2635 1308 2683; x_wconf 86' lang='lat' dir='ltr'>arbiter,</span> 
     </span>
     <span class='ocr_line' id='line_1_39' title="bbox 373 2692 1163 2739; baseline -0.001 -10"><span class='ocrx_word' id='word_1_216' title='bbox 373 2692 456 2729; x_wconf 86' lang='lat' dir='ltr'>Lux</span> <span class='ocrx_word' id='word_1_217' title='bbox 490 2692 537 2728; x_wconf 91' lang='lat' dir='ltr'>de</span> <span class='ocrx_word' id='word_1_218' title='bbox 567 2692 651 2728; x_wconf 88' lang='lat' dir='ltr'>luce</span> <span class='ocrx_word' id='word_1_219' title='bbox 681 2693 744 2739; x_wconf 90' lang='lat' dir='ltr'>pia</span> <span class='ocrx_word' id='word_1_220' title='bbox 777 2695 814 2729; x_wconf 85' lang='lat' dir='ltr'>et</span> <span class='ocrx_word' id='word_1_221' title='bbox 844 2696 955 2738; x_wconf 89' lang='lat' dir='ltr'>pater</span> <span class='ocrx_word' id='word_1_222' title='bbox 985 2692 1163 2736; x_wconf 90' lang='lat' dir='ltr'>omnium,</span> 
     </span>
     <span class='ocr_line' id='line_1_40' title="bbox 375 2748 1244 2795; baseline 0 -10"><span class='ocrx_word' id='word_1_223' title='bbox 375 2749 444 2794; x_wconf 85' lang='lat' dir='ltr'>Qui</span> <span class='ocrx_word' id='word_1_224' title='bbox 476 2759 543 2785; x_wconf 89' lang='lat' dir='ltr'>nos</span> <span class='ocrx_word' id='word_1_225' title='bbox 575 2749 623 2785; x_wconf 87' lang='lat' dir='ltr'>ad</span> <span class='ocrx_word' id='word_1_226' title='bbox 656 2748 817 2795; x_wconf 85' lang='lat' dir='ltr'>patriam</span> <span class='ocrx_word' id='word_1_227' title='bbox 850 2749 962 2785; x_wconf 85' lang='lat' dir='ltr'>ducat</span> <span class='ocrx_word' id='word_1_228' title='bbox 995 2753 1030 2785; x_wconf 88' lang='lat' dir='ltr'>et</span> <span class='ocrx_word' id='word_1_229' title='bbox 1061 2749 1244 2795; x_wconf 85' lang='lat' dir='ltr'>optimam</span> 
     </span>
     <span class='ocr_line' id='line_1_41' title="bbox 376 2803 1054 2851; baseline 0.001 -10"><span class='ocrx_word' id='word_1_230' title='bbox 376 2805 424 2842; x_wconf 83' lang='lat' dir='ltr'>Et.</span> <span class='ocrx_word' id='word_1_231' title='bbox 454 2805 555 2842; x_wconf 89' lang='lat' dir='ltr'>vitae</span> <span class='ocrx_word' id='word_1_232' title='bbox 586 2803 700 2841; x_wconf 83' lang='lat' dir='ltr'>faciat</span> <span class='ocrx_word' id='word_1_233' title='bbox 731 2805 869 2851; x_wconf 85' lang='lat' dir='ltr'>gaudia</span> <span class='ocrx_word' id='word_1_234' title='bbox 900 2813 1054 2843; x_wconf 82' lang='lat' dir='ltr'>metere.</span> 
     </span>
    </p>
   </div>
   <div class='ocr_carea' id='block_1_13' title="bbox 210 2893 910 2937">
    <p class='ocr_par' dir='ltr' id='par_1_13' title="bbox 210 2893 910 2937">
     <span class='ocr_line' id='line_1_42' title="bbox 210 2893 910 2937; baseline -0.001 -11"><span class='ocrx_word' id='word_1_235' title='bbox 210 2895 389 2927; x_wconf 84' lang='lat' dir='ltr'>Browerus</span> <span class='ocrx_word' id='word_1_236' title='bbox 415 2907 446 2937; x_wconf 85' lang='lat' dir='ltr'>p.</span> <span class='ocrx_word' id='word_1_237' title='bbox 474 2893 533 2936; x_wconf 82' lang='lat'>70;</span> <span class='ocrx_word' id='word_1_238' title='bbox 560 2895 739 2927; x_wconf 84' lang='lat' dir='ltr'>Di&#39;unmler</span> <span class='ocrx_word' id='word_1_239' title='bbox 764 2896 808 2933; x_wconf 91' lang='lat'>11,</span> <span class='ocrx_word' id='word_1_240' title='bbox 835 2893 910 2926; x_wconf 84' lang='lat'>217.</span> 
     </span>
    </p>
   </div>
  </div>
 </body>
</html>
