2031 3289
959 167 1265 209 -114—

380 281 415 319 7.
449 281 588 319 Velans
619 286 737 328 caput
767 282 927 329 caligine
1192 285 1230 322 9.
1263 283 1422 321 Immitis
1452 283 1519 320 ille
1548 287 1726 332 tartaruS,

444 337 620 375 Extinxit
650 348 797 374 omnem
828 338 1058 388 lampadem,
1259 339 1323 377 Ad
1354 350 1394 377 se
1424 339 1610 377 trahentis
1642 341 1768 378 omnia

442 394 586 431 Errare
616 398 763 431 noctem
794 405 929 442 passus
962 399 1019 431 est
1260 396 1521 433 Praesentiam
1552 406 1624 433 non
1658 397 1859 447 sustinens,

443 449 658 487 Meridiano
689 454 873 498 tempore.
1258 449 1524 503 Animas[que]
1544 458 1694 491 sanctas
1707 453 1888 492 reddidit.

379 563 416 600 8.
444 561 664 599 Finduntur
695 566 731 599 et
762 561 880 600 fortes
911 567 1054 611 petrae,
1170 563 1233 603 10.
1266 563 1430 601 Nostrae
1462 563 1533 601 fuit
1562 569 1692 612 gustus
1722 566 1802 612 spei

448 618 613 655 Hiantur
643 623 753 656 antra
784 619 960 667 plurima,
1263 620 1350 668 Hic,
1382 624 1424 657 ut
1454 621 1586 658 fideles
1617 621 1816 659 crederent

450 673 641 712 Defuncta
672 680 829 723 surgunt
861 687 1034 724 corpora,
1265 675 1313 713 Se
1342 687 1455 723 posse
1483 682 1571 724 post
1600 688 1808 728 resurgere,

449 731 560 768 Vitae
590 731 804 769 redduntur
834 733 986 771 mortui.
1268 734 1394 770 Vitam
1425 733 1575 771 beatam
1607 745 1767 774 sumere.

725 845 789 884 11.
822 845 934 882 Nunc
966 856 1054 892 ergo
1085 845 1228 892 pascha
1259 846 1464 883 candidum

831 902 955 940 Causa
986 902 1169 939 bonorum
1198 902 1328 939 talium

825 959 1000 995 Colamus
1032 969 1160 996 omnes
1191 962 1344 995 strenue

823 1015 957 1052 Tantis
989 1015 1132 1052 renatis
1163 1013 1364 1054 fratribus,

421 1136 549 1176 Hymn.
594 1146 655 1168 ms.
695 1137 961 1168 Severinianum
999 1147 1088 1169 saec.
1125 1135 1177 1170 10.
1215 1148 1267 1169 ex.
1324 1138 1406 1170 Cod.
1442 1139 1602 1171 Vatican.
1640 1137 1739 1170 7172.
1776 1139 1815 1171 Α.
1848 1158 1892 1163 -

332 1180 461 1222 Hymn.
494 1192 557 1212 ms.
587 1182 854 1214 Severinianum
888 1193 977 1214 saec.
1013 1181 1065 1215 10.
1095 1194 1146 1215 ex.
1195 1183 1278 1216 Cod.
1310 1183 1462 1215 Parisin.
1492 1182 1586 1216 1092.
1612 1185 1650 1216 B.
1676 1201 1720 1206 —
1748 1183 1775 1223 1,
1801 1182 1822 1215 2
1846 1184 1893 1217 Et

336 1227 462 1268 plaude
487 1227 557 1258 AB.
581 1244 626 1249 —
650 1224 682 1265 3,
707 1225 727 1259 3
753 1226 795 1258 In
831 1238 930 1269 prece
965 1231 1084 1259 nostro
1119 1229 1251 1260 semine
1280 1229 1350 1260 AB.
1375 1246 1419 1250 —
1443 1228 1474 1268 5,
1503 1227 1519 1261 1
1555 1240 1691 1261 omnem
1715 1230 1892 1262 saeculum

331 1273 402 1304 AB.
428 1290 471 1294 ——
496 1270 527 1310 5,
554 1269 575 1304 3
599 1273 697 1304 Haec
723 1277 774 1304 est
799 1275 900 1314 signa
924 1274 996 1305 AB.
1021 1291 1066 1294 ——
1090 1272 1121 1312 9,
1142 1273 1157 1305 1
1177 1278 1345 1305 tartarum
1362 1275 1402 1305 A.
1420 1291 1464 1296 -—
1484 1273 1534 1312 10,
1559 1273 1582 1306 4
1597 1275 1737 1307 beatum
1754 1285 1892 1316 surgere

332 1318 372 1349 B.
396 1334 441 1339 -—
465 1317 532 1349 Str.
562 1315 577 1348 1
605 1317 693 1349 auch
718 1319 754 1349 in
779 1319 922 1350 Collect.
949 1329 1010 1350 ms·
1038 1319 1073 1351 S.
1098 1319 1282 1351 Michaelis
1305 1320 1532 1360 Bambergen.
1559 1331 1647 1352 saec.
1676 1317 1762 1352 ¹⁰s11.
1809 1320 1890 1356 Cod.

333 1363 561 1405 Bambergen.
588 1364 616 1395 B
640 1364 675 1394 II
704 1361 744 1395 10
767 1364 816 1403 (in
841 1364 990 1396 Alkuins
1013 1364 1162 1396 Traktat
1188 1366 1261 1406 „De
1287 1365 1390 1397 laude
1415 1363 1527 1405 Dei“).

802 1553 861 1589 92³..
902 1554 983 1596 (14.)
1018 1554 1064 1588 In
1089 1553 1417 1603 Quadragesima.

379 1659 416 1697 1.
447 1658 607 1706 Adesto,
641 1658 804 1706 Christe,
838 1659 1030 1708 cordibus,
1195 1661 1234 1700 2.
1264 1660 1328 1698 Ad
1359 1663 1396 1697 te
1427 1670 1573 1709 preces,
1606 1660 1775 1706 piissime

448 1714 560 1752 Celsa
590 1715 798 1762 redemptis
831 1716 981 1759 caritas,
1265 1717 1362 1762 Iesu,
1396 1715 1471 1754 fide
1501 1715 1778 1763 profundimus,

444 1770 608 1809 Infunde
639 1771 779 1808 nostris
810 1770 980 1810 fervidos
1263 1773 1438 1820 Dimitte,
1470 1773 1632 1818 Christe,
1656 1784 1890 1822 quaesumus,

445 1827 589 1879 Fletus,
624 1839 812 1876 rogamus,
845 1829 1015 1869 vocibus
1263 1829 1392 1868 Factis
1425 1830 1564 1867 malum
1596 1829 1697 1876 quod
1725 1828 1892 1868 fecimus.

725 1944 763 1981 3.
796 1942 958 1980 Sanctae
990 1943 1112 1980 crucis
1143 1942 1336 1990 signaculo

808 2000 889 2037 Tuo
921 2002 1070 2037 sacrato
1102 2009 1261 2046 corpore

809 2054 986 2093 Defende
1016 2067 1084 2093 nos
1114 2060 1156 2093 ut
1185 2055 1297 2104 filios,

809 2112 947 2150 Omnes
979 2124 1169 2160 rogamuS,
1200 2113 1380 2160 undique.

426 2235 566 2267 Collect.
594 2247 654 2268 ms.
683 2237 718 2269 S.
743 2236 930 2268 Michaelis
956 2236 1182 2279 Bambergen.
1208 2246 1296 2269 saec.
1318 2235 1368 2269 10.
1407 2236 1488 2269 Cod.
1506 2235 1734 2278 Bambergen.
1751 2235 1779 2267 B
1796 2235 1831 2266 ΙΙ
1852 2231 1893 2267 10

329 2279 383 2319 (in
407 2281 557 2314 Alkuins
581 2281 729 2313 Traktat
756 2283 828 2323 „De
855 2282 957 2313 laude
975 2278 1088 2321 Dei“).
1113 2299 1158 2304 —
1175 2279 1205 2320 2,
1234 2281 1248 2314 1
1270 2293 1288 2314 ο
1306 2283 1475 2324 piissime.
1491 2299 1536 2303 —
1554 2279 1585 2320 2,
1611 2278 1631 2312 2
1648 2280 1892 2327 perfundimus.

530 2472 589 2508 93.
629 2472 710 2514 (15.)
746 2471 1014 2516 Soliloquium
1044 2471 1287 2507 venerabilis
1314 2471 1446 2506 Bedac
1473 2470 1699 2515 presbyteri

921 2553 970 2585 de
1001 2553 1178 2584 Psalmo
1212 2553 1304 2585 XLI.

539 2657 680 2695 Cervus
710 2661 751 2693 ut
782 2656 830 2693 ad
864 2654 986 2692 fontes
1019 2655 1149 2692 sitiens
1181 2654 1337 2692 festinat
1368 2666 1562 2703 aquarum,

539 2713 602 2751 Sic
632 2723 715 2750 mea
745 2723 849 2750 mens
879 2712 989 2749 ardet
1019 2717 1068 2759 te,
1104 2713 1277 2749 conditor
1307 2712 1416 2757 alme,
1449 2711 1645 2759 requirens

543 2770 816 2816 Viventemque
847 2769 927 2806 sitit
958 2772 995 2805 te
1028 2779 1182 2805 cernere
1212 2768 1332 2806 libera
1360 2769 1494 2806 lucem.

541 2827 570 2863 O
602 2826 752 2873 quando
783 2826 904 2872 optati
937 2825 1064 2862 veniat
1094 2825 1185 2862 mihi
1216 2830 1364 2872 tempus
1394 2825 1542 2873 amoris,

488 2886 509 2920 5
541 2883 699 2928 Quando
729 2887 830 2920 tuam
863 2883 974 2919 liceat
1008 2880 1142 2919 faciem
1175 2882 1415 2928 speciemque
1446 2879 1571 2918 tueri?
