2031 3289
937 151 1245 192 —108—

1143 264 1208 306 14.
1239 264 1408 301 Edoctus
1438 264 1497 301 his
1527 265 1691 302 oraculis

1239 320 1415 366 Baptista
1446 321 1569 357 Iesum
1599 321 1799 368 praedicat

1241 376 1381 413 Natum
1411 376 1497 422 Dei,
1529 377 1592 423 qui
1622 378 1660 414 in
1693 377 1830 424 spiritu

1243 431 1380 470 Sancto
1410 431 1543 469 fideles
1574 433 1715 476 abluat.

335 265 398 303 11.
430 265 480 302 Et
511 264 702 312 baptizato
733 264 905 311 protinus

427 323 575 368 Aperta
606 321 702 358 vidit
732 320 887 357 aethera

430 377 549 414 Nobis
581 388 648 414 suo
678 376 909 424 baptismate

429 433 566 471 Pandit
598 433 749 479 polique
779 432 936 481 regiam,

336 523 400 561 12.
432 525 558 569 Atque
587 522 624 558 in
658 520 830 559 columba
860 520 1035 567 spiritum
1147 521 1212 559 15.

429 579 540 616 illum
571 588 685 624 super
717 577 948 615 descendere

428 635 547 682 Vidit.
582 634 658 671 doli
690 634 753 681 qui
783 633 930 671 nescius

426 691 576 728 Mentes
609 690 766 737 requirit
798 689 1001 736 simplices.

1242 521 1340 567 Quid
1372 531 1495 558 sermo
1525 518 1655 559 noster
1683 523 1845 569 amplius

1241 577 1363 614 Huius
1394 582 1505 614 canat
1534 579 1765 625 praeconia?

1242 633 1299 670 De
1329 644 1402 680 quo
1433 635 1554 680 patris
1584 646 1655 672 vox
1686 635 1765 672 filio

1242 689 1339 727 Olim
1370 690 1497 727 locuta
1527 692 1734 737 praecinit:

331 782 397 820 13.
429 780 589 819 Audivit
622 784 660 817 et
689 790 818 817 vocem
849 779 992 825 patris:
1146 779 1211 819 16.

429 838 600 874 Dilectus
631 836 693 873 hic
724 840 780 873 est
809 835 909 872 filius

429 895 463 931 A
497 893 659 942 saeculo,
693 892 804 941 dixit,
835 902 952 938 meus,

427 951 471 988 In
502 961 574 996 quo
607 949 699 986 mihi
730 948 950 995 complacui.

1242 779 1315 827 En,
1346 779 1467 823 mitto,
1501 779 1608 826 dixit,
1641 781 1829 828 angelum,

1243 836 1363 872 Tuam
1393 840 1502 882 paret
1534 837 1597 882 qui
1628 837 1799 874 semitam

1244 891 1491 938 vultumque.
1514 897 1737 938 praecurrat
1765 897 1870 931 tuum

1244 947 1367 984 Solem
1398 948 1536 985 rubens
1568 955 1610 986 ut
1640 948 1788 988 lucifer.

405 1038 600 1071 Cassander
632 1038 654 1069 l.
680 1048 708 1069 c.
734 1049 766 1079 p.
792 1035 858 1068 263
883 1046 958 1078 sqq.
983 1053 1027 1057 ——
1057 1034 1084 1075 l,
1113 1034 1128 1068 1
1156 1036 1257 1068 altus.
1283 1053 1325 1058 —-
1353 1034 1403 1076 16,
1428 1034 1450 1069 3
1475 1037 1663 1079 Vultuque.
1688 1055 1733 1060 —-
1757 1037 1824 1070 Str.
1853 1037 1868 1069 1

315 1084 386 1116 und
411 1083 432 1115 4
457 1084 546 1116 auch
571 1084 608 1114 in
633 1083 777 1115 Collect.
802 1093 866 1113 ms.
891 1082 925 1114 S.
953 1081 1137 1113 Michaelis
1166 1082 1390 1124 Bambergen.
1416 1092 1505 1114 saec.
1534 1080 1620 1114 10111.
1661 1082 1745 1115 Cod.
1767 1083 1870 1115 Bam-

313 1129 453 1170 bergen.
478 1130 507 1161 B
530 1130 566 1161 11
593 1126 634 1160 10
660 1127 710 1168 (in
737 1127 884 1159 Alkuins
909 1126 1057 1158 Traktat
1083 1128 1156 1166 „De
1181 1127 1284 1158 laude
1308 1125 1420 1165 Dei“).
1445 1146 1489 1150 —
1517 1125 1545 1167 1,
1575 1126 1591 1158 1
1625 1127 1698 1160 alti.
1723 1145 1768 1149 -—
1791 1126 1825 1168 4,
1849 1126 1870 1161 3

313 1175 383 1207 und
408 1173 439 1213 4,
464 1173 486 1206 4
510 1175 643 1217 gratiae
667 1175 703 1205 in
728 1172 853 1205 beiden
879 1172 1035 1212 Quellen‚
1062 1171 1214 1204 weshalb
1240 1172 1296 1203 ich
1322 1172 1378 1204 die
1402 1172 1528 1204 Lesart
1552 1172 1697 1205 belasse.

673 1306 731 1342 86.
767 1306 825 1348 (8.)
861 1306 907 1340 In
932 1304 1070 1341 Natali
1095 1314 1149 1342 ss.
1176 1305 1293 1340 Petri
1319 1306 1359 1340 et
1383 1305 1517 1341 Pauli.

1175 1402 1210 1438 7.
1243 1395 1411 1440 Gressus
1441 1399 1593 1446 cephae
1623 1409 1694 1446 per
1720 1400 1870 1439 caerula

1243 1456 1384 1494 Christi
1415 1457 1592 1493 iuvantur
1623 1455 1802 1504 dextera3

1242 1513 1413 1550 Christus
1445 1523 1543 1562 suos,
1577 1523 1623 1549 ne
1653 1513 1795 1549 saeculi

1240 1569 1444 1616 Demergat
1475 1579 1628 1616 aequor⁷
1660 1569 1784 1616 erigit.

359 1404 395 1442 1.
427 1398 698 1449 Apostolorum
730 1401 888 1448 gloriam

429 1459 589 1506 Hymnis
620 1468 797 1495 canamus
830 1456 980 1503 debitis,

428 1517 535 1553 Votis
567 1525 741 1552 vacemus
772 1513 917 1559 annuis,

428 1573 526 1618 Iesu,
559 1570 644 1609 fave
670 1569 927 1617 precantibuS.

1239 1657 1366 1698 Huius
1397 1659 1542 1705 pericla
1572 1659 1714 1696 saeculi

1242 1717 1351 1752 Vinci
1380 1715 1456 1752 fide
1488 1715 1722 1753 credentium

1241 1773 1378 1810 Paulus
1419 1773 1529 1809 docet
1559 1772 1633 1808 iam
1665 1769 1866 1818 naufragos

1241 1829 1399 1866 Salvans
1430 1828 1477 1865 ab
1506 1829 1618 1865 undis
1649 1828 1782 1868 socios.

360 1664 397 1701 2.
429 1659 602 1702 Bariona
632 1661 759 1699 Simon
790 1662 925 1699 Petrus
1170 1660 1207 1700 8.

430 1720 479 1756 Et
509 1719 640 1755 doctor
671 1720 792 1756 almus
823 1717 988 1764 gentium

427 1775 583 1812 Festiva
613 1775 748 1811 saeclis
780 1774 917 1821 gaudia

427 1832 501 1869 Suo
534 1832 710 1869 dicarunt
741 1831 933 1877 sanguine.

1241 1915 1339 1957 Imis
1371 1919 1497 1956 Simon
1528 1929 1548 1955 e
1579 1917 1755 1955 fluctibus

1243 1976 1376 2012 Mundi
1407 1975 1540 2012 fideles
1572 1974 1774 2012 extrahens
1840 2021 1843 2023 Α

1245 2032 1370 2069 Pisces
1401 2032 1530 2080 bonos,
1563 2036 1604 2067 ut
1634 2031 1781 2081 liberet,

1239 2089 1302 2126 Ad
1333 2089 1427 2125 lucis
1459 2088 1564 2124 effert
1595 2088 1769 2134 patriam.

363 1924 399 1961 3.
432 1918 638 1961 coniunxit
669 1921 761 1957 hora
792 1920 975 1957 transitus
1172 1921 1210 1958 9.

429 1979 508 2017 Poli
540 1983 711 2025 petentes
741 1978 904 2025 ianuam,

427 2036 526 2080 Quos
553 2046 627 2072 una
657 2044 806 2081 semper
838 2033 976 2070 caritas

427 2092 572 2129 Mundo
604 2096 770 2128 retentos
800 2091 988 2129 iunxerat.

1242 2176 1401 2217 Kastris
1432 2180 1470 2215 in
1502 2178 1611 2215 huius
1642 2177 1783 2215 saeculi

1242 2236 1399 2273 Manere
1430 2236 1546 2272 iustos
1577 2235 1720 2272 incolas

1242 2293 1380 2330 Paulus
1413 2292 1536 2338 docet,
1569 2292 1732 2328 tentoria

360 2184 397 2220 4.
430 2178 686 2220 Diversitates
717 2183 881 2228 gentium
1146 2180 1211 2219 10.

429 2239 571 2275 Eri-ore
602 2239 713 2285 longo
747 2238 916 2274 dissonas

429 2295 491 2332 Ad
526 2295 696 2332 veritatis
728 2294 886 2340 gratiam

428 2351 563 2388 Verbis
595 2350 797 2388 trahebant
829 2349 1012 2387 consonis.

391 2471 399 2480 .
430 2438 630 2480 Ecclesiae
661 2441 838 2488 princeps
870 2450 977 2477 sacer

428 2498 469 2534 In
499 2502 625 2534 monte
656 2498 778 2534 Iesum
812 2496 997 2543 conspicit

430 2554 640 2601 Vocemque
671 2554 790 2601 patris
822 2554 929 2601 igneo

428 2611 545 2647 Audit
577 2611 655 2657 poli
688 2611 734 2648 de
766 2611 918 2647 vertice.

387 2719 395 2727 .
428 2686 629 2737 Fulgentis
653 2689 861 2726 ascendens
888 2688 967 2736 poli

427 2746 556 2783 'sertia
578 2746 716 2784 Paulus
749 2747 850 2783 edita

429 2805 579 2840 Arcana
612 2803 736 2848 discit,
769 2802 879 2839 alteri

430 2858 606 2895 l'roserre
637 2859 730 2895 nulli
761 2869 855 2905 quae
886 2859 987 2897 licet.

1146 2440 1211 2478 11.

1242 2348 1422 2385 Texendo
1453 2348 1588 2385 castris
1620 2357 1795 2394 congrua.

1243 2436 1447 2485 Languore
1478 2437 1598 2475 fessos
1629 2438 1815 2474 transiens

1244 2495 1405 2533 Simonis
1436 2495 1570 2531 umbra
1600 2493 1785 2541 sublevat,

1240 2552 1403 2589 Mundat
1432 2551 1562 2598 leprae
1593 2549 1803 2596 contagium

1242 2608 1479 2654 Claudosque
1510 2617 1641 2655 gressu
1671 2605 1835 2644 roborat.

1172 2699 1178 2706 ·
1204 2718 1212 2727 .
1243 2685 1430 2734 Magister
1461 2687 1560 2724 altus
1590 2685 1754 2733 gentium

1239 2745 1326 2782 Atri
1357 2742 1504 2780 furores
1536 2742 1691 2789 spiritus

1239 2804 1494 2846 Cunctumque
1521 2798 1688 2835 morbum
1711 2807 1780 2843 per
1799 2806 1865 2833 sua

1241 2857 1361 2903 Fugat
1391 2861 1524 2902 potens
1555 2855 1722 2892 sudaria.
