2031 3289
885 213 1193 255 —602—

802 324 884 361 398.
919 324 977 367 (9.)
1015 322 1271 359 Philomena.

844 384 874 422 Ι.
924 383 1253 421 Prooemium.

292 528 300 537 .
346 497 582 545 Philomena,
614 497 770 543 praevia

403 553 586 600 temporis
616 552 775 602 amoeni,

346 610 448 657 Quae
479 619 667 645 recessum
699 608 850 645 nuntias

402 665 534 703 imbris
565 669 677 711 atque
709 665 827 714 caeni,

346 721 445 759 Dum
477 721 667 758 demulces
698 721 842 758 animos

403 782 467 814 tuo
499 782 610 814 cantu
640 777 731 826 leni,

346 834 442 872 Avis
473 834 783 883 prudentissima,

403 890 453 928 ad
483 900 555 936 me,
587 899 739 936 quaes0,
772 889 874 929 veni.

289 1031 298 1041 .
346 1002 451 1051 Veni,
481 1003 581 1049 veni,
612 1002 759 1038 mittam
790 1005 840 1048 te,

405 1069 476 1105 quo
505 1069 579 1094 non
610 1069 760 1105 possum
792 1058 860 1106 ire,

347 1116 402 1154 Ut
431 1114 592 1152 amicum
625 1115 752 1152 valeas

402 1175 515 1208 cantu
547 1171 720 1218 delinire,

346 1227 500 1264 Tollens
532 1227 611 1264 eius
641 1226 770 1264 taedia

399 1293 491 1320 voce
522 1283 644 1320 dulcis
674 1284 792 1331 lyrae,

343 1340 473 1387 Quem,
505 1339 591 1387 heu,
623 1340 735 1377 modo
766 1350 909 1387 nequeo

401 1395 528 1433 verbis
559 1396 774 1434 convenire.

289 1537 298 1547 .
344 1508 460 1559 Ergo,
492 1509 567 1558 pia,
601 1509 779 1556 suppleas

402 1575 526 1602 meum
558 1564 822 1612 imperfectum

345 1621 554 1660 salutando
585 1622 748 1659 dulciter

402 1677 554 1714 unicum
586 1678 764 1715 dilectum

343 1733 465 1780 Eique
497 1734 708 1782 denunties,

400 1790 564 1836 qualiter
594 1789 768 1828 affectum

344 1845 402 1883 Sit
433 1857 498 1884 cor
527 1858 650 1884 meum
682 1847 818 1895 iugiter

401 1903 480 1940 eius
511 1903 560 1940 ad
592 1907 847 1951 prospectum.

290 2043 298 2052 .
343 2014 451 2061 Quod
482 2014 514 2050 si
545 2018 704 2061 quaerat
731 2015 881 2062 aliquis,

400 2080 517 2117 quare
547 2075 584 2107 te
615 2071 711 2118 elegi

343 2126 472 2163 Meum
503 2137 585 2163 esse
615 2127 800 2172 nuntium,

401 2183 508 2232 sciat,
541 2183 630 2230 quia
659 2184 733 2231 legi

344 2239 402 2276 De
433 2244 470 2275 te
499 2240 682 2286 quaedam
715 2240 884 2287 propria,

401 2305 497 2342 quae
529 2296 679 2334 divinae
709 2296 784 2343 legi

346 2351 532 2398 Coaptata
563 2353 720 2399 mystice

402 2408 555 2455 placent
585 2419 729 2446 summo
760 2409 853 2456 regi.

291 2552 298 2560 .
345 2520 477 2568 Igitur,
510 2522 715 2568 carissime,

400 2577 490 2614 audi
521 2588 620 2615 nunc
649 2581 804 2628 attente,

344 2633 442 2670 Nam
474 2633 506 2670 si
537 2638 686 2671 cantum
718 2635 882 2672 volucris

401 2689 510 2727 huius
541 2700 669 2728 serves
700 2696 836 2739 mente,

343 2746 435 2783 Eius
467 2746 627 2784 imitatio

399 2802 535 2848 spiritu
567 2803 727 2841 docente

345 2857 399 2894 Te
431 2859 630 2896 caelestem
661 2859 843 2897 musicum

403 2912 514 2952 faciet
546 2921 714 2962 repente.

1079 497 1116 535 6.

1054 2523 1120 2561 10.

1162 495 1220 533 De
1251 495 1322 532 hac
1353 505 1422 532 ave
1452 495 1602 542 legitur,

1220 551 1335 600 quod,
1369 562 1452 588 cum
1484 551 1734 598 deprehendit

1163 608 1325 645 Mortem
1363 607 1435 644 sibi
1464 607 1687 657 proximam,

1222 664 1396 701 arborem
1426 664 1598 702 ascendit

1166 719 1391 767 Summoque
1423 720 1588 757 diluculo

1223 787 1369 814 sursum
1399 779 1563 813 rostrum
1593 777 1717 814 tendit

1165 833 1412 879 Diversisque
1442 832 1615 870 cantibus

1223 892 1342 926 totam
1373 900 1413 926 se
1442 889 1641 936 impendit.

1164 1001 1373 1040 Cantilenis
1406 1001 1579 1038 dulcibus

1218 1058 1416 1104 praevenit
1446 1069 1634 1106 auroram,

1163 1113 1239 1152 Sed
1271 1124 1354 1151 cum
1387 1114 1468 1151 dies
1500 1114 1631 1151 rutilat

1222 1170 1322 1207 circa
1353 1170 1513 1217 primam
1545 1171 1688 1219 horam,

1162 1227 1348 1264 Elevatur
1377 1227 1491 1264 altius

1220 1293 1350 1321 vocem
1380 1283 1419 1320 in
1450 1293 1636 1331 sonoram,

1162 1340 1207 1377 In
1239 1339 1426 1377 cantando
1457 1339 1629 1376 nesciens

1221 1406 1377 1443 pausam
1408 1396 1488 1432 sive
1519 1407 1674 1434 moram.

1164 1509 1274 1547 Circa
1305 1519 1394 1546 vero
1425 1509 1576 1546 tertiam

1219 1565 1326 1613 quasi
1356 1565 1507 1602 modum
1537 1565 1667 1614 nescit,

1162 1622 1257 1668 Quia
1288 1632 1438 1668 semper
1467 1622 1645 1668 gaudium

1221 1678 1347 1715 cordis
1378 1678 1457 1715 eius
1490 1678 1637 1726 crescit,

1161 1734 1260 1772 Fere
1290 1739 1419 1782 guttur
1449 1734 1648 1781 rumpitur,

1218 1791 1273 1828 sic
1304 1802 1376 1828 vox
1408 1791 1620 1839 invalescit,

1161 1848 1214 1885 Et
1243 1858 1316 1894 quo
1347 1851 1475 1884 cantat
1505 1847 1680 1894 amplius,

1220 1908 1256 1941 et
1284 1904 1370 1951 plus
1399 1903 1620 1942 inardescit.

1160 2016 1213 2053 Et
1242 2025 1326 2052 cum
1359 2015 1397 2052 in
1428 2015 1587 2052 meridie

1218 2072 1274 2109 sol
1302 2075 1360 2108 est
1388 2072 1427 2108 in
1458 2070 1619 2119 fervore,

1161 2128 1268 2165 Tunc
1300 2128 1502 2175 disrumpit
1532 2128 1681 2165 viscera

1218 2185 1333 2222 nimio
1365 2184 1540 2232 clamore,

1163 2241 1272 2291 Oci,
1306 2241 1383 2278 oci
1415 2241 1585 2278 clamitat

1218 2297 1285 2334 illo
1315 2308 1381 2334 suo
1411 2307 1516 2334 more

1162 2353 1299 2400 Sicque
1329 2354 1467 2390 sensim
1500 2353 1627 2391 deficit

1219 2414 1349 2447 cantus
1380 2420 1472 2458 prae
1502 2409 1645 2449 labore.

1167 2523 1230 2562 Sic
1260 2523 1446 2570 quassatis
1476 2523 1629 2570 organis

1217 2579 1326 2616 huius
1359 2579 1608 2627 philomenae,

1160 2636 1299 2673 Rostro
1330 2639 1474 2672 tantum
1504 2636 1696 2683 palpitans

1217 2691 1257 2729 fit
1287 2691 1486 2739 exsanguis
1517 2702 1648 2740 paene,

1160 2747 1236 2786 Sed
1263 2749 1311 2786 ad
1343 2759 1477 2785 nonam
1509 2748 1663 2787 veniens

1216 2805 1375 2842 moritur
1404 2805 1477 2842 iam
1508 2805 1632 2852 plene,

1161 2860 1255 2899 Cum
1287 2861 1401 2898 totius
1433 2861 1603 2908 corporis

1217 2917 1503 2964 disrumpuntur
1533 2927 1661 2957 venae.
