2031 3289
916 163 966 168 —
1027 140 1223 182 488—

306 256 370 297 19.
403 256 646 294 Delectemur
674 256 713 293 in
743 255 899 304 proprio

402 313 522 350 Nobis
552 323 651 350 nunc
681 316 770 349 nato
801 311 977 360 Domino,

403 369 477 406 Tot
518 369 616 406 hunc
643 369 851 405 mulcentes
882 367 1034 411 osculis,

404 426 501 471 Quot
539 425 618 462 eius
649 424 820 461 membra
851 423 1035 470 corporis.

305 526 371 564 20.
403 525 654 563 Transeamus
685 524 723 561 in
754 524 989 574 Bethlehem,

404 582 484 627 Quo
513 585 624 618 natus
655 591 722 618 rex
753 581 972 630 Ierusalem,

403 638 607 676 Cernamus
639 648 721 674 cum
752 637 968 684 pastoribus

403 693 582 744 Verbum,
607 694 707 741 quod
729 692 820 730 fecit
838 693 1034 732 Dominus.

1121 255 1187 294 21.
1218 255 1291 302 En,
1323 253 1449 293 infans
1480 253 1679 301 sapientia,

1218 312 1330 361 Puer,
1363 311 1426 358 qui
1458 315 1546 348 ante
1576 310 1714 357 omnia,

1218 367 1321 404 Deus
1351 367 1486 414 pannis
1517 367 1737 412 involvitur,

1221 425 1265 461 In
1297 423 1521 470 praesaepio
1551 424 1717 470 ponitur.

1119 525 1185 563 22.
1218 524 1370 561 Summa
1400 534 1483 560 cum
1515 524 1729 574 reverentia

1215 581 1430 618 Adoremus
1459 580 1522 618 hic
1552 580 1711 627 singula,

1218 636 1383 674 Dilectio
1413 637 1513 673 hunc
1543 637 1734 686 compulit,

1222 693 1329 739 Quod
1361 693 1432 730 hoc
1463 692 1646 730 Dominus
1677 692 1849 739 pertulit.

733 797 802 835 23.
832 795 914 832 Deo
947 795 1049 842 patri
1077 794 1128 831 sit
1157 794 1279 842 gloria

836 853 909 889 Per
939 850 1088 888 infinita
1119 851 1282 896 saecula,

836 908 950 945 Cuius
981 918 1110 945 amore
1140 907 1255 944 nimio

839 964 943 1002 Salvi
973 964 1089 1001 simus
1119 964 1159 1001 in
1190 963 1280 1002 filio.

384 1066 467 1098 Cod.
493 1065 740 1098 Carolsruhan.
766 1062 844 1096 368.
870 1083 912 1087 -
937 1061 968 1103 3,
995 1062 1016 1095 2
1040 1064 1118 1103 Qua
1143 1073 1217 1095 nos.
1243 1081 1286 1084 —
1313 1061 1364 1104 14,
1390 1061 1410 1094 2
1435 1063 1531 1094 extit.
1556 1078 1601 1085 --
1626 1063 1691 1093 Am
1717 1062 1855 1094 Raude:

293 1111 512 1154 Agnoscat
536 1115 631 1142 nota.

614 1232 697 1268 473.
733 1232 814 1274 (16.)
848 1232 906 1267 De
932 1231 1070 1267 eadem
1095 1229 1324 1267 festivitate
1350 1230 1531 1274 hymnus.

312 1330 349 1369 1.
382 1328 562 1366 Nascitur
594 1327 803 1365 diversorio

380 1386 541 1423 Manens
571 1385 610 1421 in
639 1384 760 1431 patris
791 1383 896 1431 solio,

382 1443 614 1487 Monstrans,
623 1441 723 1488 quod
734 1450 815 1477 cum
825 1439 897 1476 hoc
904 1438 1055 1476 saeculo

382 1498 496 1536 Nulla
528 1497 600 1534 sibi
632 1497 854 1536 communio.

311 1603 350 1640 2.
383 1601 426 1638 In
457 1600 597 1637 mundo
627 1609 697 1636 nec
728 1602 785 1635 est
815 1597 969 1644 veritas,

387 1656 538 1694 Iustitia
567 1666 638 1693 nec
667 1655 852 1701 aequitas,

389 1713 463 1751 Sed
495 1712 666 1750 abundat
695 1712 887 1760 iniquitas,

384 1770 563 1815 Falsitas,
598 1767 702 1806 fraus
734 1772 770 1805 et
803 1767 962 1804 vanitas.

256 1902 260 1904 -
313 1874 352 1911 3.
386 1872 468 1909 Hoc
499 1882 587 1917 ergo
619 1881 779 1916 nequam
812 1869 1001 1906 saeculum

385 1928 442 1966 Sit
471 1927 578 1965 nobis
609 1931 651 1964 ut
681 1926 924 1973 ergastulum,

383 1985 507 2032 Ipsius
539 1995 585 2021 ne
617 1983 688 2020 reti
719 1982 894 2019 fraudum

384 2041 610 2079 Dilabamur
639 2041 677 2077 in
708 2039 943 2076 barathrum.

315 2146 354 2184 4.
385 2143 571 2190 Exemplo
602 2142 674 2179 Dei
705 2141 773 2178 filii

388 2200 511 2239 Simus
542 2199 603 2236 hic
635 2199 733 2246 vagi,
765 2195 931 2244 profugi,

387 2257 461 2294 Sed
493 2266 640 2293 sursum
672 2254 766 2291 ferri
798 2254 926 2300 cupidi

388 2313 463 2360 Spe
496 2313 708 2358 virtuteque
739 2311 866 2350 animi.

319 2418 358 2453 5.
390 2414 557 2452 Stratum
589 2415 675 2451 Iesu
706 2412 971 2459 praesaepium

387 2471 440 2509 Ut
470 2471 519 2508 sit
549 2469 701 2507 salubre
730 2468 910 2515 pabulum

387 2527 615 2564 Mundorum
647 2525 877 2573 animalium,

390 2584 580 2621 Yidelicet
610 2581 791 2621 fidelium.

320 2687 356 2723 6.
389 2685 457 2722 Est
489 2686 575 2722 Iesu
606 2684 760 2730 quaevis
791 2683 901 2727 actio,

392 2743 434 2779 In
468 2752 579 2778 carne
611 2740 860 2787 conversatio,

391 2798 555 2834 Nostrae
586 2797 720 2833 mentis
754 2795 909 2833 refectio

392 2856 449 2891 Ac
481 2865 622 2890 morum
658 2853 852 2899 regulatio.

1157 1326 1193 1365 7.
1225 1324 1284 1362 De
1314 1325 1402 1361 Iesu
1432 1327 1522 1360 tune
1552 1323 1793 1373 comedimus,

1228 1381 1317 1419 Cum
1351 1381 1449 1417 hunc
1479 1380 1549 1418 toti
1581 1380 1784 1428 diligimus,

1228 1438 1319 1475 Cum
1352 1437 1430 1474 eius
1460 1447 1585 1474 mores
1616 1437 1782 1483 sapimus

1229 1494 1280 1532 Et
1309 1494 1377 1531 hos
1409 1493 1513 1540 sequi
1544 1492 1743 1531 afficimus.

1161 1598 1198 1636 8.
1231 1596 1271 1634 Si
1301 1606 1375 1632 non
1407 1595 1507 1641 sapit
1538 1594 1731 1641 divinitas,

1229 1652 1379 1690 Edatur
1410 1652 1469 1688 vel
1501 1651 1726 1697 humanitas,

1229 1709 1288 1746 Ne
1318 1708 1426 1745 nobis
1457 1708 1506 1744 sit
1537 1707 1719 1745 sterilitas

1229 1765 1352 1802 Tanta
1382 1765 1468 1801 Iesu
1499 1764 1711 1811 dapsilitas.

1156 1869 1194 1908 9.
1226 1866 1457 1915 Ingrederis,
1490 1865 1695 1914 egrederis,

1230 1924 1287 1961 De
1319 1924 1403 1960 Iesu
1434 1923 1538 1969 pasci
1569 1923 1713 1969 poteris

1229 1980 1302 2017 Seu
1333 1979 1504 2016 humanis
1536 1983 1573 2015 et
1601 1979 1752 2026 typicis,

1229 2036 1302 2074 Seu
1334 2036 1474 2073 divinis
1505 2046 1550 2073 ac
1580 2035 1763 2083 mysticis.

1133 2139 1197 2177 10.
1229 2138 1362 2176 Tantis
1393 2137 1589 2175 abundans
1622 2137 1784 2184 dapibus

1231 2195 1406 2242 Quisquis
1437 2198 1564 2231 manet
1594 2192 1805 2242 famelicus,

1231 2252 1300 2288 Vel
1333 2250 1446 2288 sollus
1477 2255 1534 2288 est
1564 2251 1624 2288 vel
1656 2250 1795 2294 ebrius,

1231 2308 1303 2346 Seu
1335 2309 1445 2346 homo
1477 2308 1526 2344 sit
1557 2307 1616 2345 vel
1647 2307 1814 2354 angelus.

1135 2410 1199 2450 11.
1231 2409 1373 2447 Pannis
1406 2409 1548 2457 tegitur
1579 2408 1717 2445 vilibus

1232 2467 1314 2504 Rex
1345 2476 1473 2512 regum
1505 2469 1616 2512 atque
1649 2464 1832 2508 dominus,

1233 2523 1337 2559 Dans
1368 2522 1532 2558 solamen
1565 2520 1795 2568 pauperibus

1233 2579 1318 2616 Non
1352 2578 1490 2624 verbis,
1521 2578 1588 2614 sed
1619 2577 1810 2624 operibus,

1138 2681 1200 2721 12.
1233 2680 1339 2727 Quod
1357 2684 1430 2717 tam
1450 2683 1648 2726 praestans
1666 2679 1864 2715 exsisteret

1234 2738 1456 2783 Paupertas,
1480 2736 1563 2782 quis
1585 2735 1657 2773 hoc
1679 2735 1862 2784 crederet,

1235 2794 1283 2831 Ni
1316 2794 1417 2830 Deus
1449 2793 1545 2830 hanc
1576 2793 1730 2839 eligeret

1235 2850 1401 2897 Eiusque
1434 2850 1547 2886 decus
1579 2848 1788 2894 proderet?
