1914 3223
78 319 81 322 >
139 296 207 335 11.

139 568 207 608 12.

137 839 205 878 13.

140 1110 208 1148 14.

135 1380 201 1420 15.

133 1654 200 1692 16.

131 1923 198 1962 17.

128 2193 196 2235 18.

127 2460 192 2500 19.

124 2725 193 2764 20.

240 297 270 334 Ο
296 296 445 345 decora,
481 295 598 333 Deum
629 306 707 337 ora„

299 353 351 391 Ut
385 352 447 389 det
479 352 569 388 mihi
603 352 763 398 veniam,

241 408 294 446 Et
324 408 376 444 sis
408 412 544 456 custos,
578 419 623 444 ne
655 407 828 445 robustos

301 464 408 502 Meos
439 464 565 501 hostes
597 464 769 502 sentiam.

239 566 433 615 obtineto,
465 571 518 613 ut,
551 566 649 613 quod
682 571 781 612 peto,

296 623 450 660 Merear
481 622 666 669 accipere,

244 680 297 719 Ut
329 681 368 716 in
400 678 511 716 finem
543 689 616 716 non
649 678 835 716 declinem

301 737 335 773 A
368 739 471 772 recto
500 735 649 773 itinere.

238 839 267 877 Ο
301 838 439 886 puella,
475 848 569 884 quae
597 842 635 874 ut
668 837 779 874 stella

294 894 484 931 Matutina
517 894 656 940 radias,

237 952 329 989 Cum
343 955 546 987 nocturnas
559 950 707 996 pellens
717 949 870 988 umbras

294 1007 432 1044 Veram
464 1007 585 1044 lucem
618 1007 783 1052 nuntias,

239 1108 377 1146 Curam
410 1108 519 1151 habe,
551 1114 592 1145 ut
622 1120 644 1147 a
674 1108 760 1146 labe

295 1165 502 1203 Criminum
534 1164 726 1213 purifices,

233 1222 300 1270 Et,
331 1233 405 1268 qua
436 1221 546 1270 nites,
579 1226 662 1258 tuos
695 1222 793 1259 dites

294 1278 479 1316 Castitate
511 1278 716 1325 supplices.

238 1381 421 1427 Princeps
458 1380 589 1417 mortis
621 1390 687 1417 nos
718 1380 870 1417 intortis

294 1437 483 1484 Inquietat
513 1436 668 1485 iaculis,

234 1494 291 1531 'l'u
323 1494 468 1536 resiste,
502 1503 548 1530 ne
579 1505 646 1530 uos
678 1493 748 1529 iste

293 1549 378 1587 Suis
409 1549 536 1586 trahat
568 1549 742 1589 vinculis.

234 1652 339 1689 Dona
355 1662 500 1698 pacem,
519 1662 587 1698 per
603 1663 714 1698 quam
736 1662 863 1690 vacem

288 1707 438 1745 Divinis
466 1708 668 1755 obsequiis,

232 1765 290 1802 Ne
322 1775 391 1811 per
423 1775 531 1802 curas
562 1765 790 1802 transituras

290 1821 398 1858 Veris
429 1821 559 1868 priver
590 1821 750 1870 gaudiis.

231 1924 304 1970 Da,
337 1927 377 1960 ut
409 1927 555 1970 gratum
588 1921 810 1960 famulatum

286 1979 460 2017 Reddam
492 1979 571 2026 regi
601 1980 757 2026 gloriae,

231 2037 281 2074 Et
311 2036 430 2083 ipsius
459 2047 565 2073 amor
595 2036 678 2084 pius

286 2093 398 2130 Meae
429 2093 504 2129 sint
537 2093 709 2130 deliciae.

229 2195 328 2232 Reos
358 2194 498 2231 munda
529 2199 565 2230 et
598 2194 791 2232 circumda

285 2251 366 2288 Tuo
396 2262 464 2288 nos
495 2251 700 2300 praesidio,

226 2307 306 2344 Fac
337 2317 490 2344 securos
521 2318 588 2344 nos
619 2311 655 2343 et
686 2318 802 2354 puros

287 2363 347 2401 Ab
379 2364 478 2404 omni
511 2363 695 2411 contagio.

227 2460 403 2497 Liberari
432 2463 470 2496 et
501 2460 641 2497 salvari

284 2517 358 2554 Per
388 2520 426 2552 te
456 2526 524 2552 nos
555 2515 791 2562 confidimus,

225 2574 344 2619 Quam
367 2573 586 2609 clementem
610 2577 646 2609 et
668 2577 859 2620 potentem

283 2628 406 2676 Super
435 2639 564 2665 omnes
593 2629 776 2667 novimus.

225 2724 324 2761 Nam
355 2724 557 2770 praedives
587 2725 687 2762 inter
718 2725 818 2763 cives

282 2780 335 2818 Es
367 2780 541 2817 caelestis
572 2781 730 2830 patriae,

228 2837 289 2874 Ex
310 2847 384 2883 qua
404 2841 542 2885 manat,
567 2838 629 2884 qui
650 2848 717 2874 nos
735 2841 855 2883 sanat,

283 2893 387 2930 Fons
420 2893 593 2931 caelestis
625 2894 782 2940 gratiae.

964 293 1028 336 ³21.

960 569 981 604 Na

989 569 1024 604 Εὐ

958 1111 1023 1148 24.

955 1381 1023 1419 25.

952 1653 1016 1690 26.

949 2195 1014 2234 28.

947 2462 1010 2499 29.

944 2726 1011 2764 30.

1061 297 1091 335 O
1123 296 1269 345 sophia,
1303 307 1412 344 quam
1445 297 1570 335 Maria

1117 353 1356 391 lucarnatam
1389 353 1522 400 edidit,

1060 408 1139 446 Nec
1181 410 1235 446 sic
1265 408 1394 446 florem
1427 410 1484 447 vel
1518 410 1690 448 decorem

1116 465 1312 503 Castitatis
1344 466 1525 515 perdidit,

1057 566 1142 603 Tibi
1176 571 1284 604 canto
1317 578 1414 604 nunc
1445 579 1514 614 pro
1547 572 1653 605 tanto

1115 623 1264 660 Laudes
1298 623 1492 669 beneficio,

1058 679 1138 726 Quo
1170 679 1300 717 laetati
1332 686 1368 716 et
1402 681 1511 718 ditati

1118 735 1252 773 Sumus
1285 737 1383 774 vitae
1415 737 1598 783 praemio.

1016 867 1024 875 .
1057 838 1139 876 Rex
1171 838 1364 884 virtutum,
1399 839 1502 875 euius
1534 844 1666 877 nutum

1115 894 1218 931 Nihil
1252 899 1374 940 potest
1409 893 1554 942 fallere,

1058 951 1135 987 Nos
1166 955 1272 987 tuere
1303 955 1414 997 atque
1446 961 1558 988 verae

1114 1007 1226 1044 Lucis
1259 1007 1337 1044 dita
1368 1018 1535 1046 munere.

1056 1109 1128 1155 En,
1161 1109 1307 1146 ieiunus
1339 1120 1360 1146 a
1392 1113 1428 1145 te
1459 1120 1592 1146 munus

1116 1166 1246 1203 Posco.
1279 1176 1326 1202 ne
1359 1165 1543 1214 deficiam,

1056 1222 1106 1260 L't
1139 1233 1330 1259 sacrarum
1365 1222 1639 1268 scripturarum

1109 1277 1205 1315 Mihi
1239 1279 1304 1315 (les
1336 1279 1544 1317 scientiam.

1055 1380 1177 1417 Micas
1209 1380 1318 1426 panis
1352 1380 1454 1416 velut
1485 1380 1587 1417 canis

1111 1437 1205 1473 Dari
1237 1437 1328 1473 mihi
1359 1436 1522 1486 postulo,

1054 1494 1115 1542 Et,
1151 1493 1250 1539 quod
1283 1503 1433 1540 quaero,
1465 1497 1529 1530 tuo
1561 1502 1673 1539 spero

1110 1550 1163 1586 Te
1196 1549 1369 1587 daturum
1402 1549 1565 1588 servulo.

1049 1651 1131 1689 Rex
1166 1650 1340 1698 benigne,
1372 1649 1432 1687 fac
1464 1660 1522 1688 me
1553 1650 1666 1697 digne

1106 1708 1225 1745 Tuam
1257 1713 1413 1744 matrem
1447 1707 1582 1750 colere,

1049 1765 1152 1810 Quae
1183 1765 1349 1810 portavit
1382 1769 1417 1800 et
1450 1764 1605 1800 lactavit

1105 1821 1158 1857 Te
1189 1818 1337 1857 sacr'ato
1366 1820 1495 1858 ubere.

1008 1952 1015 1961 .
1048 1923 1107 1959 Da
1140 1922 1330 1967 virtutem,
1363 1926 1403 1958 ut
1435 1920 1595 1958 refutem

1106 1979 1261 2017 Omnem
1291 1977 1581 2022 immunditiam,

1047 2035 1125 2072 Fac
1157 2045 1215 2072 me
1247 2035 1386 2082 mitem,
1419 2039 1458 2071 ut
1490 2034 1652 2071 devitem

1106 2092 1234 2129 Zelum
1268 2096 1302 2128 et
1333 2090 1562 2137 superbiam.

1046 2195 1302 2231 Honestorum
1335 2194 1424 2230 mihi
1457 2205 1600 2230 morum

1104 2252 1202 2288 Para-
1234 2251 1470 2297 elegantiam,

1046 2308 1151 2345 Pelle
1185 2307 1323 2351 dolum,
1351 2312 1390 2343 ut
1424 2312 1460 2343 te
1490 2307 1610 2343 solum

1102 2365 1204 2401 Pura
1235 2368 1359 2400 mente
1390 2363 1554 2410 cupiam.

1046 2461 1131 2497 Iesu
1162 2459 1270 2509 bone,
1305 2460 1359 2496 sic
1391 2459 1549 2505 dispone

1101 2517 1243 2554 Horam
1276 2516 1348 2552 mei
1379 2515 1574 2559 transitus,

1046 2573 1095 2611 Ut
1128 2573 1177 2610 ad
1210 2573 1364 2609 chorum
1393 2572 1598 2608 electorum

1101 2629 1209 2666 Meus
1242 2633 1374 2675 pergat
1404 2627 1574 2674 spiritus.

1045 2725 1159 2762 Pater
1190 2724 1304 2763 Deus.
1338 2723 1391 2760 fili
1423 2723 1537 2768 Deus,

1098 2781 1201 2818 Deus
1232 2781 1330 2817 alme
1360 2779 1528 2828 spiritus,

1042 2839 1116 2876 Per
1146 2842 1301 2874 aeterna
1332 2847 1398 2873 nos
1429 2835 1612 2883 guberna,

1102 2894 1201 2930 Deus
1231 2904 1337 2939 unus,
1369 2891 1533 2930 saecula.

1396 2956 1467 2990 ω*
