2031 3289
883 208 933 212 -
992 183 1076 225 478
1133 207 1189 211 —-

253 297 308 332 19.
343 299 398 331 Tu
421 299 492 331 dux
515 299 632 336 moris,
657 297 727 329 dux
751 296 903 338 pudoris,
1069 294 1122 330 29.
1158 295 1358 329 Ascendisti
1383 300 1418 329 et
1441 296 1564 329 sedisti

388 345 511 376 Iuncta
535 343 650 374 choris
674 343 821 384 gratiae,
1204 343 1329 375 Iuncta
1353 341 1484 374 Christi
1507 342 1621 380 lateri,

342 391 423 422 Non
448 389 563 420 divisa
587 398 623 420 es
648 388 773 427 gavisa
1159 387 1374 427 Claritatem,
1397 390 1615 419 venustatem

387 435 469 466 Iesu
492 435 570 465 visa
593 433 693 464 facie.
1203 433 1287 474 Ipsa
1314 436 1496 473 praestans
1521 432 1664 464 aetheri.

253 510 310 545 20.
346 513 430 545 Istis
454 512 556 544 factis
581 515 615 544 et
639 512 788 553 peractis
1069 507 1124 543 30.
1161 511 1272 543 Nobis
1297 514 1391 549 nata,
1417 511 1519 543 nobis
1543 511 1636 550 data,

388 557 528 589 Throno
554 557 664 598 patris
689 556 850 588 dexterae
1207 555 1374 588 Exaltata
1397 556 1499 588 nobis
1525 564 1572 595 eS,

343 602 548 634 Exaltatum
574 605 608 633 et
632 602 785 633 levatum
1162 600 1209 633 Et
1233 612 1295 643 pro
1320 602 1434 640 nobis,
1458 603 1618 643 princeps
1643 602 1750 640 orbis,

355 648 357 650 ’
390 647 497 679 Vides
522 650 643 679 natum
668 646 844 678 scandere.
1207 646 1450 688 Redemptoris
1476 650 1586 679 mater
1611 657 1659 679 es.

252 724 311 759 21.
347 727 458 758 Tuam
485 725 628 767 prolem.
654 735 773 757 verum
799 725 919 765 solem,
1074 722 1129 758 31.
1167 726 1244 765 Quo
1269 729 1303 757 te
1328 727 1434 767 rapis,
1459 727 1581 757 vivens
1606 726 1707 768 lapiS,

394 772 659 812 Praeceptorem
683 769 775 809 fidei,
1212 771 1288 810 Quo
1315 770 1434 802 evadis
1460 771 1575 808 altior,

348 816 576 857 Sempiternis
603 819 636 847 et
661 817 816 857 paternis
1165 816 1352 848 Restitutis
1377 816 1447 847 dux
1468 817 1620 853 virtutis,

393 862 524 904 Regnis
551 862 665 893 cernis
691 861 822 893 invehi.
1212 862 1288 900 Quo
1312 871 1367 892 me
1391 861 1482 904 fugis
1507 861 1659 893 celsior?

261 937 315 971 22.
353 941 462 980 Quem
488 941 621 972 sincere
646 950 802 972 meruere
1080 938 1134 972 32.
1171 941 1261 978 Huc,
1286 940 1417 982 regina,
1442 943 1476 971 te
1500 940 1643 975 inclina,

398 986 476 1017 Tua
499 986 588 1017 ferre
613 986 759 1024 viscera,
1218 985 1343 1017 Caelos
1368 985 1475 1027 digna
1498 995 1628 1027 regere,

355 1027 435 1063 Stat
459 1031 560 1062 elatis
586 1030 799 1062 conculcatis
1171 1031 1310 1072 Regnas
1335 1031 1454 1068 caelis,
1478 1030 1548 1062 dux
1571 1030 1694 1069 fidelis,

393 1076 469 1108 Rex
493 1076 530 1107 in
555 1076 665 1117 patris
690 1076 842 1108 dextera.
1217 1076 1269 1107 Ne
1294 1086 1348 1107 me
1373 1075 1461 1107 velis
1485 1075 1613 1117 fugere.

256 1151 312 1187 23.
350 1154 429 1187 Stat
452 1156 628 1196 protector
652 1157 687 1185 et
711 1157 903 1196 provector,
1080 1151 1135 1186 33.
1175 1153 1342 1185 Exaltata
1367 1158 1402 1185 et
1425 1154 1541 1186 levata

394 1199 461 1231 Sed
489 1203 524 1231 et
546 1202 660 1231 rector
684 1201 850 1238 omnium,
1217 1199 1330 1241 Super
1353 1199 1425 1231 alta
1450 1199 1610 1236 siderum,

348 1246 424 1277 Rex
451 1248 653 1276 cunctorum
680 1245 898 1276 saeculorum
1170 1244 1422 1286 Amplexanda,
1448 1245 1660 1283 veneranda,

396 1291 502 1332 Regit
524 1290 688 1322 thronum
713 1291 875 1331 patrium.
1216 1290 1330 1322 Mater
1355 1290 1483 1322 blanda
1507 1300 1709 1332 pauperum.

264 1367 320 1402 24.
355 1369 422 1402 Cui
447 1370 567 1401 iuncta
593 1372 627 1401 et
650 1373 831 1410 assumpta
1082 1367 1140 1401 34.
1175 1369 1225 1401 Te
1250 1373 1475 1411 quaerentem
1500 1373 1534 1401 et
1559 1373 1750 1402 currentem

401 1414 513 1454 Super
536 1417 662 1446 cuncta
685 1414 833 1453 tolleris,
1219 1415 1305 1446 Post
1329 1418 1362 1446 te
1390 1418 1538 1447 mentem
1563 1416 1708 1454 sustine,

355 1460 555 1498 Coronaris,
581 1460 651 1491 dux
675 1461 812 1491 vocaris
1171 1460 1229 1492 Me
1254 1461 1390 1492 interne
1415 1463 1449 1492 et
1473 1464 1628 1492 materne

399 1506 538 1544 Terrae,
565 1506 683 1543 maris,
710 1505 873 1537 aetheris.
1218 1506 1347 1537 Mentis
1371 1516 1474 1538 cerne
1498 1505 1640 1537 lumine.

258 1582 314 1616 25.
351 1584 564 1626 Angelorum
594 1587 629 1616 et
653 1588 851 1616 sanctorum
1085 1581 1140 1616 35.
1177 1585 1206 1617 O
1233 1584 1394 1616 sublimis
1418 1585 1511 1616 facta
1535 1586 1639 1616 nimis

397 1632 542 1662 Omnem
567 1629 710 1661 chorum
735 1630 910 1662 transiens
1217 1629 1313 1661 Caeli
1338 1631 1548 1671 primiceria,

350 1674 400 1706 Es
425 1674 586 1706 sublimis
611 1674 703 1706 facta
727 1676 831 1706 nimis
1172 1675 1200 1707 O
1225 1680 1401 1717 provecta,
1426 1686 1479 1707 me
1505 1680 1667 1717 exspecta

397 1720 541 1752 Summa
566 1721 647 1751 imis
672 1721 808 1751 uniens
1217 1722 1363 1752 Donans
1388 1725 1483 1752 recta
1511 1722 1638 1752 omnia.

214 1800 219 1803 ’
263 1796 318 1832 26.
354 1799 594 1841 Principatum
621 1802 655 1830 et
678 1800 866 1840 primatum
1081 1796 1136 1831 36.
1172 1800 1288 1831 Maior
1311 1799 1409 1832 caelo
1434 1803 1468 1832 te
1493 1799 1619 1831 anhelo

398 1845 502 1876 quta
525 1848 647 1876 natum
673 1845 822 1882 obtines,
1220 1844 1351 1886 Culpae
1376 1845 1447 1876 telo
1473 1846 1624 1881 saucius,

355 1889 454 1922 Sicut
478 1890 555 1929 soli,
584 1891 635 1921 sic
660 1894 741 1921 sunt
765 1889 837 1931 poli
1172 1890 1221 1922 Te
1247 1891 1397 1932 requiro,
1423 1895 1457 1922 te
1483 1892 1620 1932 suspiro

397 1935 480 1966 Tibi
505 1937 605 1976 proni
632 1935 783 1967 ordines.
1217 1935 1341 1967 Morbo
1366 1935 1442 1967 diro
1468 1937 1602 1967 anxius.

260 2011 316 2046 27.
353 2015 395 2045 In
419 2014 571 2046 sollenni
596 2017 630 2046 et
654 2015 797 2056 perenni
1079 2011 1133 2046 37.
1171 2014 1308 2056 Sponsa
1332 2015 1409 2055 Dei,
1435 2015 1576 2057 placens
1604 2016 1635 2047 ei

399 2058 532 2091 Summi
558 2061 654 2102 regni
680 2060 794 2101 gloria
1217 2060 1270 2091 Ad
1295 2064 1328 2092 te
1353 2061 1421 2092 mei
1450 2060 1542 2092 oculi

353 2105 562 2145 Imperatrix
587 2109 620 2136 et
645 2105 813 2136 salvatrix
1171 2106 1387 2146 Dirigantur,
1414 2106 1445 2137 si
1469 2110 1669 2147 gravantur,

397 2151 546 2192 Regnas,
574 2150 672 2181 radix
697 2151 806 2191 regia.
1220 2151 1347 2182 Curam
1372 2161 1452 2193 gere
1477 2151 1618 2183 servuli.

262 2224 317 2259 28.
353 2228 435 2260 Dux
461 2231 619 2265 venusta,
645 2227 715 2259 dux
740 2231 900 2270 augusta,
1085 2225 1139 2261 38.
1177 2228 1297 2270 Surge,
1326 2228 1464 2266 blanda,
1490 2239 1603 2271 surge.
1630 2232 1761 2267 sancta,

402 2272 534 2304 Sedens
561 2273 658 2304 iuxta
683 2272 793 2304 filium
1222 2274 1342 2315 Surge.
1367 2283 1493 2316 magna
1519 2273 1670 2313 domina,

355 2317 459 2350 Celsa
485 2318 566 2350 sede
592 2318 777 2356 intercede,
1175 2317 1297 2360 Surge,
1323 2329 1421 2351 curre
1447 2323 1481 2351 et
1505 2329 1666 2351 succurre

400 2363 501 2395 Nunc
527 2373 589 2405 pro
614 2374 718 2406 grege
742 2364 911 2405 gentium.
1221 2364 1346 2396 Carnis
1371 2375 1432 2396 ure
1457 2365 1614 2396 erimina.

689 2440 742 2475 39.
783 2443 1007 2475 Consolatrix
1031 2446 1066 2475 et
1090 2443 1269 2481 salvatrix,

828 2489 922 2520 Iesse
948 2488 1058 2527 radix,
1083 2489 1221 2527 adveni,

782 2533 834 2565 Ad
861 2537 894 2565 te
918 2534 1030 2566 flendo
1056 2544 1115 2565 cor
1141 2533 1302 2574 accendo,

827 2579 954 2611 Manus
980 2579 1093 2617 tendo,
1121 2579 1278 2611 subveni.

361 2644 410 2676 Es
435 2644 552 2687 folgen
577 2645 790 2677 schliesslieh
815 2656 879 2678 aus
906 2646 1068 2687 lthythm.
1093 2646 1182 2679 XIII
1207 2647 1274 2679 Str.
1299 2644 1445 2680 23—36.

356 2690 469 2722 Pars
503 2691 571 2723 XII
595 2705 638 2715 =
664 2690 827 2732 lx’hythm.
855 2692 900 2730 11,
929 2690 1033 2732 1—2;
1059 2692 1157 2730 VIII,
1185 2689 1310 2729 1—34;
1336 2693 1398 2730 VI,
1424 2690 1551 2724 7-2οτ
1578 2691 1691 2725 daun:

265 2765 320 2800 51.
355 2768 518 2800 Illibatae
544 2773 579 2801 et
603 2770 735 2808 beatae,
1082 2768 1137 2802 52.
1174 2771 1243 2802 Fili
1268 2771 1346 2807 Dei.
1371 2781 1512 2813 compar
1537 2771 1579 2808 ei,

402 2814 491 2851 Iesu,
519 2818 599 2847 nate
624 2816 785 2857 virginis,
1218 2816 1323 2848 Porta
1347 2817 1422 2858 spei
1447 2816 1618 2858 publicae,

355 2858 458 2890 Vitae
482 2859 593 2898 dator,
618 2860 737 2892 mundi
764 2865 868 2899 sator,
1173 2861 1246 2893 Rex
1271 2860 1383 2894 fidelis
1408 2862 1561 2897 Israelis,

403 2904 527 2941 Homo,
553 2905 663 2937 factor
688 2905 852 2945 hominis,
1218 2907 1290 2938 Nos
1315 2907 1357 2939 de
1382 2907 1489 2940 caelis
1515 2907 1656 2948 respice.
