2031 3289
303 359 368 396 27.

305 1113 371 1152 28.

309 1722 374 1760 30.

317 2672 381 2709 32.

913 240 1106 282 —390
1167 266 1217 270 ——

402 357 654 395 Circumeunt
685 356 873 394 civitatem
1216 355 1396 392 Dolorem
1427 359 1464 391 et
1494 355 1686 402 angariam

402 412 682 451 Perscrutando
711 412 942 449 voluntatem
1215 411 1340 448 Debet
1367 416 1521 457 portare
1551 411 1714 457 nimiam,

459 469 510 507 Hi
543 469 718 506 custodes
749 467 977 516 presbyteri,
1273 467 1349 504 Per
1363 467 1530 514 quemvis
1541 468 1641 504 mala
1652 472 1846 514 venerunt,

402 525 657 563 Attendentes
687 524 907 571 qualitatem
1217 524 1267 561 Et
1297 523 1353 560 illi
1386 524 1635 560 reverentiam

403 584 529 628 Atque
559 580 867 618 numerositatem
1217 579 1368 617 Debent
1398 579 1537 616 habere
1567 580 1771 626 propriam,

463 637 671 675 Cuiuslibet
703 635 903 683 mortiferi,
1275 636 1345 681 Qui
1376 647 1516 682 poenas
1547 637 1580 672 ei
1613 636 1811 677 dederunt.

405 694 444 732 Si
476 693 618 730 subditi
649 693 709 730 vel
741 693 881 740 superi,

404 751 582 788 semores
613 750 672 786 vel
701 760 818 813 puen.
875 806 882 812 .
1121 772 1187 810 29.
1219 770 1299 817 Ipsi
1326 771 1495 808 custodes
1524 782 1738 817 murorum,

462 806 536 843 Seu
566 805 749 843 habentes
781 806 1004 868 dignitatem
1220 827 1446 873 Pugnitores
1477 831 1717 875 peccatorum

406 864 595 901 Fecerunt
627 863 693 909 sic,
723 866 765 898 ut
794 862 928 899 sceleri
1275 883 1465 920 Tulerum
1493 895 1621 921 meum
1643 883 1813 930 pallium

406 919 570 981 D⁰¹¹9¹¹tj
593 923 642 982 ‚Ut
672 918 782 981 qefet
805 917 901 966 fieri’
1222 939 1402 986 Tegimen
1432 939 1738 977 absconditorum
1814 912 1824 934 ⁷

461 975 856 1012 Me‘hcmabssnatem·
1221 995 1426 1044 Tollelnes,
1458 1000 1497 1032 ut
1529 982 1786 1043 singulorum⁷

1278 1052 1461 1089 Viderent
1500 1053 1651 1089 modum
1683 1052 1849 1101 varium3

405 1110 654 1148 Confitentem
678 1111 954 1157 percusserunt
1222 1108 1318 1145 Nam
1349 1109 1546 1155 palliatum
1578 1109 1709 1145 vitium

404 1167 472 1204 Me
502 1170 615 1213 utque
643 1166 940 1203 vulneraverunt
1220 1164 1271 1202 Et
1302 1165 1435 1201 vulnus
1466 1165 1588 1201 latens
1617 1165 1771 1202 nimium

461 1223 649 1260 Donando
681 1222 963 1270 paenitentiam,
1278 1221 1508 1258 Testimonio
1540 1221 1735 1258 doctorum

406 1281 553 1326 Corpus
584 1290 706 1316 meum
737 1277 956 1316 afflixerunt
1223 1277 1378 1315 Nullum
1409 1277 1523 1314 habet
1554 1278 1774 1319 remedium,

410 1338 536 1382 Atque
569 1336 616 1373 de
647 1346 690 1372 eo
722 1334 894 1372 fecerunt
1224 1334 1306 1370 Nec
1335 1338 1393 1370 est
1424 1334 1588 1371 dandum
1618 1334 1826 1381 consilium,

467 1393 624 1430 Rectam
657 1392 748 1428 mihi
777 1391 984 1438 iustitiam3
1282 1390 1330 1427 Ni
1362 1401 1431 1437 per
1466 1390 1675 1437 detegimen
1708 1391 1853 1432 horum,

797 1595 950 1642 Virgo
990 1594 1051 1632 ad
1089 1598 1340 1642 pastores.

406 1719 437 1759 Ο
467 1720 680 1758 Ierusalem
709 1719 827 1769 filiae,
1125 1720 1192 1759 31.
1225 1719 1299 1755 Vos
1330 1728 1479 1765 quoque
1509 1718 1608 1765 regis
1639 1717 1717 1757 filia

408 1778 484 1815 Vos
515 1782 682 1814 rectores
714 1775 908 1821 eeclesiae,
1222 1774 1375 1812 Adiuro
1406 1785 1473 1817 ego
1505 1775 1640 1821 Maria,

465 1833 618 1871 Adiuro
647 1844 708 1870 ros
738 1832 963 1879 benigniter,
1279 1831 1323 1869 Si
1353 1831 1575 1868 inveneritis
1604 1843 1729 1868 meum

407 1890 469 1927 Ex
499 1901 571 1937 quo
602 1889 708 1926 vobis
738 1899 843 1926 meae
873 1888 956 1925 viae
1222 1887 1428 1937 Dilectum,
1462 1892 1503 1924 ut.
1533 1898 1624 1924 voce
1653 1889 1718 1935 pia

411 1945 615 1984 Confessae
644 1951 731 1983 sunt
761 1945 942 1992 plenarie,
1223 1944 1418 1981 Numietis
1450 1944 1495 1992 ei,
1527 1944 1620 1990 quia

467 2002 505 2039 Si
538 2003 715 2039 dilectum
747 2002 914 2039 fideliter
1280 2000 1424 2038 Amore
1456 2000 1618 2048 Iamqueo
1650 2011 1732 2038 eum

410 2060 616 2109 Inveniam,
647 2070 754 2106 quem
789 2059 950 2096 dulciter
1225 2058 1416 2103 Quaerens
1449 2057 1613 2094 dulcoris
1643 2058 1816 2095 nucleum

410 2116 585 2161 Quaesivi
617 2121 654 2153 et
684 2116 850 2152 suaviter
1226 2113 1426 2152 Gerentem
1459 2114 1581 2150 velum
1611 2118 1769 2151 testeum

467 2176 591 2219 Atque
622 2173 732 2209 modo
765 2171 916 2219 cotidie,
1284 2172 1388 2207 Inter
1418 2177 1525 2207 notos
1557 2170 1604 2207 de
1632 2171 1758 2218 patria

411 2229 507 2266 Nam
539 2230 665 2266 nescio
698 2229 795 2265 hunc
825 2228 937 2265 aliter
1227 2226 1631 2274 Demonstrantemque
1661 2237 1701 2263 se
1733 2227 1851 2264 Deum

411 2286 610 2335 Quaerere,
643 2285 715 2322 nisi
748 2296 812 2321 vos
843 2285 916 2321 iter
1228 2284 1303 2321 Per
1334 2284 1594 2320 documentum
1627 2284 1774 2330 igneum

470 2342 689 2380 Ostendatis
720 2341 878 2380 notorie.
1285 2341 1328 2377 In
1358 2345 1468 2386 gente
1499 2340 1568 2376 sibi
1600 2340 1728 2386 impia.

762 2546 1003 2582 Pastores
1042 2544 1101 2583 ad
1141 2544 1395 2593 virginem.

415 2670 445 2708 O
477 2671 626 2707 domina
659 2670 889 2718 dulcissima,
1229 2668 1312 2716 Dic,
1346 2668 1473 2714 qualis
1505 2671 1557 2705 est
1586 2667 1738 2705 effectus

413 2727 626 2764 Mulierum
649 2727 926 2774 pulcherrima,
1228 2724 1400 2762 Dilectus
1430 2728 1517 2762 tuus
1548 2723 1739 2772 perfectus

471 2783 603 2831 Qualis
634 2787 686 2821 est
714 2787 802 2820 tuus
833 2783 989 2821 dilectus
1284 2781 1348 2818 Ex
1378 2781 1542 2819 dilecto?
1572 2781 1638 2818 tali
1669 2781 1790 2828 prima

415 2839 477 2875 Ea·
508 2839 674 2877 dilecto?
704 2840 770 2876 illo
800 2840 891 2876 lima
1227 2838 1293 2884 Es,
1325 2848 1420 2884 quae
1451 2837 1652 2874 sollicitum
1684 2842 1814 2884 pectus

417 2896 576 2932 Videtur
606 2907 687 2932 esse
718 2897 882 2933 maxima
1227 2893 1370 2941 Habes,
1401 2898 1441 2931 ut
1463 2898 1647 2932 monstrat
1668 2899 1858 2942 aspectus,

474 2953 516 2990 In
548 2953 621 2989 imo
652 2953 705 2989 tui
736 2952 911 2998 affectus;
1287 2950 1850 2997 Sicquaerendipromptissima
