2031 3289
939 169 1220 209 *64-

319 288 354 325 7.
388 285 490 331 Quae
520 294 629 322 sacra
658 293 758 321 nunc
788 283 972 331 remissio,
1137 284 1175 323 8.
1207 283 1421 330 Augmenta
1451 281 1699 328 plenitudinis

385 340 580 380 Paschalis
610 341 734 377 instar
764 339 922 386 gratiae,
1207 339 1310 385 Opus
1340 338 1530 375 ministrat
1562 338 1702 376 divitiS.

384 398 482 435 Dum
516 397 712 443 mysticam
744 395 983 442 septemplici
1206 394 1315 431 Nunc
1346 397 1482 442 mente,
1514 405 1606 432 voce
1636 393 1807 440 psallite!

387 454 506 492 Ornat
538 463 714 490 coronam
744 462 911 498 munere,
1206 451 1290 488 Hoc
1330 455 1461 487 nostra
1492 450 1605 487 debet
1636 460 1739 487 mens
1768 451 1862 488 Deo.

392 575 518 606 Ausser
542 575 589 606 B:
620 574 749 615 Hymn.
783 584 844 606 ms,
871 573 1137 605 Severinianum
1171 583 1259 605 saec.
1292 571 1343 604 10.
1370 583 1420 607 ex,
1473 572 1556 605 Cod.
1581 573 1741 606 Vatican.
1768 570 1865 604 7172.

299 622 339 656 A.
357 639 401 642 —
434 621 564 661 Hymn.
595 629 657 650 ms.
678 619 945 651 Severinianum
971 628 1058 653 saec,
1081 617 1132 650 10.
1151 629 1201 653 ex,
1245 618 1328 650 eod.
1346 618 1497 649 Parisin.
1519 615 1604 649 1092
1622 617 1657 648 C.
1676 634 1720 640 —
1736 618 1865 658 Hymn.

299 677 364 698 ms.
390 667 681 697 Beneventanum
707 674 795 696 saec.
824 662 876 695 10.
927 664 1009 696 Cod.
1035 664 1195 695 Vatican.
1220 663 1384 694 Ottobon.
1413 660 1487 694 145.
1512 663 1555 694 D.

394 709 422 748 1,
445 710 459 741 1
483 721 572 741 unus
588 714 640 742 est
654 710 693 740 B.
708 726 753 730 -—-
772 708 800 749 1,
819 707 839 740 2
853 709 983 751 linguis
996 709 1127 751 linguis
1141 709 1188 749 133
1208 709 1364 739 militans
1378 708 1449 740 CD.
1463 725 1506 730 -
1527 705 1554 745 1,
1568 705 1589 738 4
1603 708 1752 749 perferat
1766 708 1808 738 D.
1824 724 1864 728 —

301 754 331 794 2,
362 755 376 787 l
406 757 509 788 Facit
538 755 736 796 loquentem
770 765 871 796 quem
897 755 992 795 capit
1016 754 1120 785 ACD.
1146 771 1188 776 —
1215 751 1245 791 2,
1272 751 1292 784 2
1318 754 1433 794 Digne
1458 753 1530 785 CD.
1555 770 1599 773 —
1623 749 1654 790 3,
1684 750 1698 783 1
1725 756 1868 784 veterna

300 802 406 833 ACD.
435 818 479 822 —-
506 798 537 838 3,
564 798 584 831 2
609 800 656 831 Et
679 801 853 831 viscerata
878 800 949 833 CD.
975 816 1019 820 —
1044 796 1074 835 3,
1101 797 1122 831 3
1148 798 1297 840 apostoli
1315 799 1358 829 D.
1384 815 1426 819 —
1455 795 1485 837 3,
1511 796 1534 829 4
1557 798 1663 829 verba
1687 797 1793 829 verbo
1817 797 1867 829 di-

299 847 425 878 vidunt
452 847 497 877 D.
536 861 578 867 —
612 842 651 882 4,
686 842 707 876 2
739 845 856 876 mundi
884 845 925 875 D.
950 861 994 866 ———
1024 843 1064 882 4,
1096 842 1117 875 2
1142 844 1290 875 contulit
1315 844 1353 875 B.
1379 860 1421 864 —
1446 841 1486 880 4,
1523 841 1544 875 3
1576 843 1730 874 ferantur
1755 843 1797 874 D.
1822 861 1866 866 —

298 890 330 929 4,
363 890 384 923 4
419 892 537 923 Homo
571 889 679 921 habet
710 891 755 929 B3
789 891 915 922 Univit.
946 899 1006 921 ora
1038 891 1191 931 gentium
1224 889 1325 920 ACD.
1363 906 1400 910 —
1435 887 1473 926 5,
1509 887 1523 919 1
1558 889 1650 919 Trax
1683 889 1735 925 Β,
1768 888 1866 919 Tunc

299 937 424 970 Gallus
454 937 528 968 CD.
554 952 599 956 —-
622 933 658 973 5,
686 933 706 966 2
748 935 873 966 blande
899 936 941 966 D.
968 952 1012 955 —
1040 934 1081 972 5,
1107 933 1128 966 3
1153 934 1338 965 barbarum
1364 935 1402 964 B.
1432 951 1472 956 —
1500 932 1539 971 5,
1563 931 1586 964 4
1611 933 1763 974 Canopis
1788 933 1868 973 CD;

299 982 491 1013 murmuris
520 982 560 1012 B.
586 998 630 1001 —
664 977 695 1018 6,
723 978 738 1011 1
766 980 942 1021 hispidum
967 980 1037 1011 AC.
1061 997 1107 1000 —
1136 978 1167 1018 7,
1195 977 1210 1010 1
1238 979 1329 1018 Quid
1355 988 1454 1010 sacra
1478 980 1515 1010 B.
1543 995 1581 1000 —
1617 976 1646 1015 7,
1672 976 1693 1009 ὃ
1718 979 1865 1019 mystico

300 1029 342 1059 D.
360 1045 404 1048 —
427 1025 458 1065 7,
475 1024 498 1057 4
520 1027 674 1057 muneris
692 1025 762 1059 CD.
781 1042 823 1046 —
842 1022 873 1063 8,
894 1024 907 1055 1
928 1028 1111 1056 aucmenta
1128 1026 1166 1056 B.
1184 1042 1229 1046 —
1245 1022 1275 1060 8,
1294 1022 1315 1055 2
1328 1023 1420 1065 Opes
1437 1024 1639 1055 ministrant
1655 1023 1757 1054 diviti
1770 1023 1808 1054 B.
1822 1040 1865 1044 ——

299 1071 330 1111 8,
356 1070 378 1104 4
395 1073 448 1104 Ut
472 1075 596 1103 nostra
623 1071 725 1102 debet
740 1071 779 1103 B.
798 1088 837 1092 —-
867 1071 897 1101 D
920 1070 1027 1111 hangt
1044 1069 1214 1112 folgende,
1240 1069 1415 1100 natiirlich
1435 1070 1570 1110 spatere
1588 1069 1782 1108 Doxologie
1802 1078 1864 1100 an:

837 1161 961 1193 Gloria
986 1161 1075 1202 patri
1101 1160 1253 1191 Domino

839 1207 1010 1248 Natoque,
1037 1207 1096 1246 qui
1123 1215 1144 1237 a
1168 1206 1314 1236 mortuis

840 1251 1006 1289 Surrexit,
1033 1261 1073 1282 ac
1098 1250 1267 1291 paraclito

837 1298 878 1328 In
903 1295 1121 1328 saeculorum
1148 1295 1298 1327 saecula.

302 1391 484 1432 „Hymnus
509 1388 550 1420 de
576 1389 805 1420 Pentecosten
831 1397 851 1419 a
876 1387 1002 1418 domno
1028 1383 1215 1417 Ennodi0“
1244 1387 1281 1417 Β.

703 1566 762 1601 58.
799 1566 856 1608 (5.)
892 1566 1066 1609 Hymnus
1092 1564 1224 1599 sancti
1250 1564 1462 1608 Stephani.

319 1675 355 1713 1.
387 1674 486 1720 Quid
520 1671 713 1718 Stephano
745 1670 965 1718 potentius?
1137 1673 1172 1708 5.
1204 1669 1329 1706 Nullis
1361 1669 1554 1706 subactam
1585 1670 1791 1717 gressibus,

387 1731 505 1768 Dicas
538 1739 727 1775 coronam,
760 1732 906 1775 martyr
937 1732 1015 1772 est3
1208 1726 1362 1763 Secreta
1393 1726 1570 1763 lustravit
1600 1727 1691 1773 poli,

388 1787 469 1824 Hoc
487 1789 544 1823 est
564 1785 686 1830 homo,
711 1785 810 1831 quod
828 1784 1049 1831 praemium,
1207 1784 1250 1820 In
1283 1787 1386 1819 veste
1418 1783 1542 1820 carnis
1573 1783 1725 1820 abditus

392 1843 557 1880 Fructus
589 1841 732 1878 laboris
763 1851 897 1877 nomen
929 1844 997 1879 est.
1208 1839 1415 1877 Clamavit:
1446 1839 1560 1886 Ecce,
1593 1839 1692 1876 filius

320 1962 357 1995 2.
391 1957 491 1993 Laus
531 1955 623 1992 haec
664 1953 790 1990 brevis
821 1954 971 2000 prolixa
1000 1953 1054 1999 fit,
1148 1954 1184 1991 6.
1218 1952 1401 1989 Consistit
1430 1951 1466 1988 in
1501 1953 1635 1989 dextra
1667 1953 1801 1999 patris.

395 2013 470 2060 Sic,
502 2012 557 2048 sic
588 2014 774 2050 vocantur
802 2010 936 2047 incliti.
1211 2008 1308 2045 Dum
1341 2019 1432 2045 saxa
1463 2007 1608 2045 ferrent
1636 2009 1755 2057 impii,

397 2069 509 2106 Necis
541 2068 725 2111 minister,
758 2067 899 2114 aspice,
1211 2065 1307 2102 Dum
1339 2065 1442 2101 mille
1472 2065 1537 2102 leti
1568 2065 1773 2112 machinas,

394 2126 452 2163 De
482 2129 603 2162 morte
634 2125 750 2160 vitam
782 2121 980 2160 conferens
1211 2121 1320 2159 Solus
1351 2121 1532 2158 bonorum
1565 2123 1734 2159 conscius

322 2242 360 2276 23.
393 2238 477 2275 Hoc
509 2238 577 2275 dat
608 2236 734 2284 saluti,
767 2237 867 2283 quod
899 2239 1020 2275 necat.
1141 2233 1177 2273 7.
1211 2235 1352 2272 Orabat
1383 2246 1427 2271 ex
1459 2233 1533 2271 fide
1565 2234 1732 2281 loquens,

393 2295 502 2331 Felix
535 2293 605 2330 sub
637 2293 721 2329 istis
752 2293 889 2330 ictibus
1210 2291 1268 2327 Ne
1298 2292 1508 2328 nescientes
1539 2291 1671 2328 noxios

394 2351 458 2388 Fit
489 2350 740 2397 sempiternus
772 2350 889 2397 exitu,
1214 2348 1398 2385 Caelestis
1429 2348 1487 2384 ira
1517 2348 1708 2394 perderet.

396 2408 538 2445 Cruore
569 2407 690 2443 lucem
723 2410 940 2454 praeparat,
1209 2406 1342 2442 Insons
1375 2409 1455 2441 erat
1486 2404 1652 2449 vesania,

322 2524 361 2559 4.
394 2521 547 2558 Caelum
579 2519 745 2566 sepulcri
776 2518 941 2555 munere.
1140 2518 1176 2557 8.
1209 2518 1328 2555 Reum
1360 2516 1466 2553 furor
1496 2521 1736 2563 provexerat,

392 2577 548 2614 Hostem
590 2580 632 2613 ut
662 2575 874 2622 triumphus
906 2574 1052 2622 effugat,
1209 2575 1283 2612 Per
1313 2577 1400 2611 vota
1430 2572 1607 2610 currebat
1636 2572 1756 2620 labor,

394 2634 470 2671 Ceu
502 2634 628 2680 palma
659 2633 714 2669 sic
745 2632 1000 2680 congreditur.
1214 2631 1370 2668 Crucem
1402 2629 1572 2676 gemebat
1604 2627 1775 2666 carnifex

394 2690 468 2727 Hic
500 2690 645 2737 primus
678 2688 835 2725 intravit
866 2689 963 2725 viam
1215 2687 1430 2731 Crescente,
1460 2697 1568 2733 quem
1600 2685 1810 2733 subegerat.

401 2801 437 2841 l,
475 2800 489 2833 1
517 2802 697 2841 potentius
723 2803 775 2832 est
799 2801 837 2831 B.
864 2817 906 2822 —
932 2798 968 2837 7,
1004 2798 1018 2830 1
1046 2800 1170 2831 Nescis
1203 2799 1362 2830 minister
1387 2798 1424 2829 B.
1451 2814 1494 2817 —
1519 2794 1556 2835 ὃ,
1595 2795 1608 2827 1
1636 2802 1739 2839 negat
1763 2798 1802 2828 Β.
1827 2814 1868 2818 —-

305 2848 334 2884 (ἱ,
376 2846 388 2878 1
418 2848 588 2878 consistet
610 2847 654 2878 B.
678 2864 722 2869 —
757 2844 787 2884 7,
821 2843 842 2874 3
867 2845 1009 2887 perdere
1034 2846 1074 2876 B.
1100 2860 1142 2866 —-
1178 2844 1359 2885 „Hymnus
1385 2843 1495 2874 sancti
1522 2841 1688 2883 Stephani
1714 2842 1824 2873 dictus
1849 2851 1869 2873 a

301 2893 426 2923 domno
454 2890 648 2923 Ennodi0.“
677 2890 716 2923 B.
