1914 3223
185 256 279 291 505.
314 253 385 289 Per
414 262 522 298 quam
556 261 690 297 magna
719 248 827 286 vobis

365 308 586 345 adcrescunt
619 306 769 353 gaudia,

309 371 399 408 Cum
429 380 495 406 sua
527 368 634 406 diluit

365 430 542 474 peccator
573 424 728 463 scelera.

309 488 482 534 Pandite,
515 487 699 534 supplico,

364 545 418 582 illi
447 544 673 591 precamina,

313 607 359 646 Ut
392 606 481 644 mihi
513 607 649 643 misero

363 664 454 700 assit
486 662 650 716 propitia

311 725 553 772 Mearumque
583 734 737 772 precum

367 793 484 829 parva
514 781 734 819 munuscula

270 874 280 883 .
314 845 384 882 Per
414 854 478 881 vos
509 844 582 890 ipsi
613 842 705 880 fiant

366 900 627 947 acceptabilia.

307 962 484 1010 Indignus
516 962 613 999 enim
646 973 726 999 sum

365 1023 402 1056 et
431 1020 514 1056 sine
545 1019 671 1056 tunica

310 1081 482 1128 Nuptiali
514 1091 666 1118 manens

370 1138 479 1175 domo
511 1138 710 1182 dominica,

287 1204 291 1206 ’
314 1201 386 1237 Vas
419 1199 678 1243 contumeliae,

368 1257 499 1303 plenus
530 1256 685 1296 malitia.

313 1318 400 1355 Plus
421 1329 550 1365 ‚aequo
582 1318 741 1365 diligens

366 1374 457 1412 haec
491 1374 666 1418 visibilia,

272 1467 279 1474 .
312 1437 413 1482 Quae
444 1436 497 1473 sic
528 1440 767 1483 praetereunt

366 1498 404 1529 ut
436 1493 529 1530 levis
559 1492 697 1529 nebula

310 1549 379 1586 Vel
407 1560 428 1586 a
459 1548 672 1586 ventilabro

360 1610 543 1643 commota
573 1606 695 1653 palea.

309 1662 417 1709 Vide,
448 1662 558 1700 stella
588 1663 715 1712 maris,

364 1723 475 1766 atque
507 1719 716 1766 considera,

306 1776 451 1822 Quanta
482 1786 540 1812 me
570 1776 710 1813 saeculi

363 1838 500 1869 vexant
530 1833 776 1882 incommoda,

307 1889 403 1935 Quot
434 1889 682 1936 aegritudinis

363 1944 481 1983 feram
513 1946 744 1992 discrimina,

265 2033 274 2042 .
307 2002 368 2048 Et,
401 2013 447 2040 ne
479 2002 664 2052 deficiam,

362 2059 454 2097 haec
484 2059 575 2096 mihi
606 2060 737 2107 mitiga

307 2116 388 2165 Vel,
421 2121 462 2154 ut
487 2116 704 2166 sustineam,

362 2178 594 2211 constantem
623 2174 772 2212 robora.

305 2229 452 2267 Adesto
482 2230 659 2277 precibus

363 2287 466 2331 meis,
499 2287 683 2335 piissima,

306 2341 449 2381 Refove
483 2343 646 2381 debilem

359 2404 396 2437 et
424 2400 563 2438 lassum
597 2401 710 2438 visita

303 2457 367 2505 Et,
399 2461 439 2494 u't
471 2469 543 2495 non
571 2468 737 2506 peream,

363 2513 550 2551 instanter
580 2515 714 2561 cogita.

306 2569 402 2607 Nam
434 2571 589 2608 multum
624 2571 804 2619 deprimit

360 2637 419 2664 me
451 2628 574 2665 carnis
603 2629 751 2666 sarcina

304 2683 353 2721 Et
386 2684 497 2722 valde
528 2689 708 2732 aggravat

362 2741 494 2788 ingens
524 2741 688 2780 miseria.

303 2797 414 2841 Ecce,
449 2797 634 2843 diabolus,

361 2854 525 2892 crudelis
556 2854 689 2903 bestia,

186 546 277 584 510.

187 847 208 882 25!

218 845 234 882 μ

243 847 263 883 0ss

181 2287 274 2324 540.

179 2573 272 2610 545.

179 2855 271 2896 550.

905 134 974 173 121
1050 156 1093 160 —

996 488 1017 523 <5¹

1024 486 1045 522 C!

1053 488 1074 523 vx

995 783 1087 817 5⁴30.

998 1082 1090 1119 565.

992 1949 1087 1987 580.

993 2518 1085 2556 590.

992 2802 1085 2839 595.

1122 247 1167 284 Ut
1201 246 1260 282 leo
1292 244 1440 292 rugiens

1175 302 1307 344 circuit
1339 300 1474 349 omnia,

1121 369 1323 412 QuaerenS,
1357 374 1465 410 qucm
1499 362 1651 398 ‹levorct

1177 421 1310 458 fraude
1340 419 1571 463 saevissima,

1080 514 1089 523 .
1124 484 1178 521 De
1210 483 1314 520 cuius
1345 481 1489 528 laqueis

1174 550 1323 588 semper
1355 550 1414 575 me
1445 537 1565 574 libera

1120 605 1177 640 Ac
1209 602 1361 649 dignum
1393 599 1503 637 effice

1175 670 1338 706 superna
1369 657 1503 704 gratia,

1123 723 1173 761 Ut
1203 732 1271 768 per
1301 725 1337 757 te
1369 723 1542 766 protegat

1174 789 1232 815 me
1264 777 1333 814 Dei
1361 777 1536 814 dextera.

1122 841 1218 878 Nam
1249 849 1334 888 post
1367 839 1485 876 Deum
1518 843 1557 874 tu
1589 848 1628 873 es

1175 908 1259 935 mea
1288 895 1440 943 fiducia,

1122 960 1261 1005 Mater,
1294 956 1537 997 consolatrix,

1177 1020 1349 1064 patrona,
1385 1014 1547 1057 domina,

1124 1078 1194 1117 Cui
1224 1089 1264 1115 se
1293 1077 1489 1124 applicant

1176 1146 1259 1172 mea
1289 1132 1527 1182 praecordia,

1122 1198 1208 1245 Cor,
1240 1208 1326 1239 vox,
1358 1196 1498 1243 lingua,
1529 1205 1673 1243 manus,

1179 1265 1310 1291 sensus
1341 1257 1376 1289 et
1408 1253 1531 1289 anima

1120 1318 1262 1365 lugiter
1291 1315 1361 1352 tibi
1392 1318 1479 1351 sunt

1177 1384 1217 1411 se
1248 1370 1562 1409 commendantia.

1123 1435 1347 1483 Aegritudo,
1380 1433 1493 1479 salus,

1178 1492 1351 1539 adversa,
1386 1499 1568 1536 prospera

1119 1542 1169 1586 Et
1200 1557 1368 1596 quaeque
1401 1545 1541 1583 fuerint

1177 1606 1223 1644 de
1253 1608 1290 1642 te
1323 1603 1518 1650 disposita,

1079 1694 1087 1703 .
1121 1661 1374 1702 Advocationi

1177 1725 1263 1757 tuae
1293 1718 1369 1755 sint
1400 1717 1547 1754 credita

1119 1778 1163 1815 In
1195 1776 1273 1813 eius
1304 1775 1466 1823 nomine,

1178 1834 1282 1870 cuius
1313 1843 1352 1868 es
1383 1831 1507 1877 unica,

1119 1891 1188 1936 Qui
1222 1890 1298 1938 dat,
1330 1893 1373 1926 ut
1403 1887 1504 1934 apud
1536 1896 1575 1922 se

1176 1947 1227 1984 sis
1258 1950 1392 1993 potens
1423 1944 1597 1981 maxima.

1118 2005 1232 2053 Ergo,
1265 2001 1502 2049 imperatrix,

1178 2061 1282 2107 virgo
1314 2058 1535 2103 clarissima,

1119 2118 1176 2155 Ne
1207 2128 1266 2154 me
1297 2115 1485 2163 despicias

1177 2175 1365 2212 dicentem
1397 2172 1502 2221 talia,

1079 2263 1087 2272 .
1121 2232 1195 2270 Sed
1226 2231 1321 2268 haec
1352 2229 1534 2267 benevole

1174 2288 1323 2334 suscipe
1355 2285 1533 2331 carmina,

1120 2344 1335 2392 Quamlibet
1366 2354 1463 2380 vana
1493 2342 1565 2379 sint

1177 2406 1213 2439 et
1244 2399 1504 2448 incomposita,

1120 2460 1202 2497 Non
1236 2463 1361 2496 tamen
1391 2456 1536 2494 iudices

1175 2513 1488 2561 contemptibilia,

1120 2574 1194 2612 Sed
1227 2584 1296 2620 pro
1328 2571 1386 2607 his
1418 2569 1624 2618 supplicem

1175 2631 1228 2666 ita
1260 2637 1470 2674 remunera,

1118 2687 1170 2725 Ut
1200 2696 1343 2723 merces
1375 2694 1456 2721 mea
1485 2693 1559 2720 non

1173 2743 1222 2779 sit
1253 2740 1484 2788 transitoria,

1119 2800 1194 2838 Sed
1226 2800 1287 2837 lux
1322 2803 1357 2836 et
1389 2796 1536 2845 requies

1173 2857 1412 2905 paradisiaca
