1914 3223
781 156 1083 197 —429-

190 269 228 308 3.
262 268 378 316 Virga
410 270 526 316 Iesse,
558 281 645 317 spes
675 280 881 317 oppressae

316 325 456 362 Mentis
488 331 524 362 et
555 325 751 376 refugium,

258 381 382 418 Decus
413 382 557 430 mundi,
589 383 652 419 lux
684 381 877 432 profundi,

316 437 466 475 Domini
497 439 716 477 sacrarium.

186 541 225 578 4.
258 539 367 576 Vitae
398 538 530 589 fornia,
564 551 707 576 morum
740 551 885 587 norma,

315 596 514 634 Plenitudo
544 597 700 644 gratiae,

256 652 328 689 Dei
360 652 544 699 templum
577 657 613 689 et
645 653 858 700 exemplum

312 708 444 746 Totius
478 709 657 747 iustitiae.

188 813 224 849 5.
259 810 383 858 Virgo,
408 811 525 858 salve,
544 821 612 858 per
629 822 738 858 quam
757 812 890 849 valvae

313 867 418 905 Caeli
450 871 580 916 patent
611 867 772 914 miseris,

256 924 374 970 Quam
411 935 483 961 non
515 922 633 970 flexit,
665 935 735 961 nec
765 925 887 962 illexit

312 980 433 1018 Fraus
465 981 653 1028 serpentis
685 981 837 1020 veteris

188 1083 225 1120 6.
257 1081 434 1120 Gloriosa
467 1087 502 1118 et
537 1081 700 1120 formosa

315 1138 440 1176 David
473 1139 572 1186 regis
602 1139 693 1187 filia,

257 1196 373 1240 Quam
407 1195 520 1242 elegit
552 1206 630 1239 rex,
664 1196 727 1242 qui
759 1196 855 1244 regit

312 1251 364 1289 Et
384 1252 535 1296 ,creavit
566 1252 702 1291 omnia.

191 1355 226 1392 7.
260 1353 416 1391 Gemma
450 1354 600 1399 decens,
634 1364 720 1392 rosa
746 1364 890 1401 recens,

314 1410 511 1448 Castitatis
542 1411 675 1458 lilium,

258 1466 411 1504 Castum
443 1466 596 1504 chorum
626 1467 675 1504 ad
708 1468 878 1514 polorum

314 1523 417 1569 Quae
447 1524 626 1570 perducis
656 1524 849 1572 gaudium,

180 1626 217 1664 8.
250 1626 422 1663 Rationis
455 1630 492 1662 et
522 1626 705 1662 sermonis

307 1682 545 1719 Facultatem
577 1681 714 1730 tribue⁷

251 1738 303 1777 Ut
335 1743 484 1776 tuorum
517 1739 736 1776 meritorum

309 1795 462 1832 Laudes
494 1806 665 1846 promam
697 1801 867 1835 strenue.

189 1898 226 1937 9.
258 1897 356 1944 Opto
386 1897 512 1946 nimis,
545 1901 585 1933 ut
617 1897 802 1944 imprimis

310 1954 380 1991 Tui
414 1954 478 1991 des
510 1954 742 2002 memoriam,

255 2010 308 2049 Ut
339 2008 560 2057 frequenter
591 2014 626 2047 et
659 2011 838 2048 decenter

311 2067 430 2105 Tuam
463 2072 610 2104 cantem
641 2067 812 2114 gloriam.

160 2171 224 2208 10.
258 2169 436 2215 Quamvis
467 2173 571 2206 muta
603 2174 638 2206 et
668 2170 814 2216 polluta

314 2226 401 2262 Mea
432 2226 548 2263 sciam
581 2226 693 2274 labia,

263 2282 596 2328 Praesumendum‚
614 2294 687 2320 non
701 2283 889 2320 silendum

309 2338 379 2376 Est
412 2339 459 2376 de
489 2344 554 2377 tua
584 2340 716 2386 gloria.

162 2435 225 2472 11.
261 2435 386 2482 Virgo,
418 2434 554 2481 gaude,
587 2435 687 2472 omni
716 2435 829 2472 laude

311 2490 435 2538 Digna
465 2495 502 2527 et
532 2491 736 2538 praeconio

254 2548 357 2594 Quae
389 2547 577 2585 damnatis
608 2547 795 2584 libertatis

311 2603 430 2641 Facta
460 2614 500 2641 es
531 2604 690 2642 occasio.

159 2700 224 2739 12.
258 2699 415 2746 Semper
446 2699 587 2737 munda
617 2704 654 2736 et
686 2698 850 2737 secunda

320 2756 433 2803 Virgo
467 2761 503 2792 et
535 2766 734 2804 puerpera,

259 2812 387 2849 Mater
418 2813 534 2858 alma,
567 2812 669 2849 velut
700 2813 825 2860 palma

313 2868 477 2906 Florens
511 2873 547 2905 et
578 2867 790 2908 fructifera.

930 263 933 268 ’
978 272 1044 311 13.
1079 271 1202 309 Cuius.
1224 271 1316 309 tlore
1347 273 1406 309 vel
1436 272 1552 310 odore

1134 329 1312 366 Recreari
1344 330 1527 376 cupimus,

1073 385 1188 423 Cuius
1220 383 1345 422 fructu
1378 397 1443 423 nos
1475 397 1496 423 a
1527 387 1626 423 luctu

1130 441 1304 479 Liberari
1336 442 1536 481 credimus.

980 543 1042 581 14.
1076 543 1241 581 Pulchra
1270 547 1362 590 tota,
1395 544 1475 581 sine
1507 551 1595 582 nota

1131 599 1404 647 Cuiuscumque
1435 601 1616 651 maculae,

1077 655 1155 693 Fac
1186 667 1252 693 nos
1280 657 1440 693 mundos
1468 662 1502 693 et
1526 658 1714 695 iucundos

1136 712 1190 749 Te
1218 712 1374 749 laudare
1405 714 1547 751 sedule.

979 815 1041 854 15.
1076 814 1104 852 O
1139 814 1259 862 beata,
1295 826 1364 861 per
1393 826 1503 862 quam
1537 815 1626 853 data

1130 871 1237 907 Nova
1272 872 1412 908 mundo
1442 872 1592 919 gaudia,

1072 927 1120 963 Et
1153 933 1289 974 aperta
1320 929 1394 965 tide
1426 933 1529 966 certa

1130 984 1263 1031 Regna
1295 990 1381 1021 sunt
1413 985 1603 1025 caelestia.

978 1085 1042 1124 16.
1076 1085 1711 1132 Perquammunduslaetabundus

1134 1142 1232 1179 Vero
1265 1141 1382 1189 fulget
1415 1143 1567 1190 lumine,

1075 1199 1326 1245 Antiquarum
1360 1199 1600 1237 tenebrarum

1132 1255 1281 1292 Exutus
1314 1256 1486 1303 caligine.

983 1357 1044 1394 17.
1079 1355 1189 1392 Nunc
1221 1361 1392 1403 potentes
1424 1363 1509 1393 sunt
1541 1361 1696 1404 egentes

1133 1412 1238 1449 Sicut
1269 1414 1358 1450 olim
1391 1414 1556 1464 dixeras,

1074 1469 1125 1506 Et
1158 1470 1264 1516 egeni
1296 1469 1389 1506 fiunt
1421 1470 1535 1516 pleni,

1134 1526 1241 1571 Quod
1273 1531 1314 1563 tu
1345 1526 1657 1573 prophetaveras.

976 1628 1040 1666 18.
1073 1628 1145 1665 Per
1171 1632 1208 1665 te
1226 1639 1368 1665 morum
1387 1639 1486 1665 nunc
1501 1639 1706 1674 pravorum

1129 1685 1408 1733 Relinquantur
1439 1685 1561 1732 devia,

1073 1741 1342 1778 Doctrinarum
1375 1752 1641 1788 perversarum

1127 1798 1243 1836 Pulsa
1274 1803 1366 1834 sunt
1397 1798 1568 1845 vestigia.

976 1899 1038 1937 19.
1071 1899 1209 1936 Mundi
1240 1899 1349 1936 luxus
1381 1904 1493 1945 atque
1524 1897 1646 1936 fluxus

1128 1955 1301 1992 Docuisti
1332 1966 1514 2002 spernere

1071 2011 1191 2048 Deum
1222 2013 1364 2062 quaeri,
1399 2022 1549 2049 earnem
1579 2012 1664 2060 teri,

1130 2068 1239 2106 Vitiis
1271 2069 1461 2116 resistere,

976 2171 1042 2209 20.
1075 2171 1217 2208 Mentis
1249 2181 1399 2208 cursum
1429 2171 1535 2208 tendi
1557 2182 1705 2208 sursum

1133 2227 1291 2264 Pietatis
1322 2227 1461 2276 studio,

1075 2284 1220 2330 Corpus
1252 2284 1352 2330 angi,
1385 2289 1506 2321 motus
1538 2283 1663 2331 frangi

1132 2341 1206 2377 Pro
1237 2340 1392 2377 caelesti
1422 2344 1604 2387 praemio.

974 2437 1039 2474 21.
1072 2436 1128 2472 Tu
1159 2436 1321 2482 portasti
1352 2436 1453 2473 intra
1484 2437 1578 2474 casti

1130 2491 1306 2530 Claustra
1338 2493 1481 2530 ventris
1503 2493 1706 2530 Dominum

1073 2549 1380 2596 Redemptorem,
1412 2549 1461 2586 ad
1493 2544 1673 2587 honorem

1128 2604 1207 2642 Nos
1247 2603 1458 2643 reformans
1488 2606 1706 2652 pristinum.

979 2703 1045 2740 22.
1076 2700 1204 2738 Mater
1235 2699 1347 2749 facta,
1381 2701 1448 2738 sed
1480 2702 1635 2747 intacta,

1135 2757 1309 2795 Genuisti
1340 2758 1469 2807 tilium,

1077 2813 1217 2862 Regem
1250 2824 1377 2851 verum
1409 2819 1522 2862 atque
1552 2824 1678 2852 rerum

1136 2870 1353 2908 Creatorem
1385 2871 1562 2911 omnium.
