1914 3223
709 166 763 170 -—
826 142 905 182 143
965 165 1019 170 -

81 258 186 288 weise
208 254 351 297 (infolge
376 266 445 287 xon
464 255 738 298 Verwechslung
763 257 825 287 mit
851 256 927 287 dem
955 256 1115 297 Hymnus
1141 256 1279 296 Aurea
1305 255 1403 287 luce
1429 259 1471 287 et
1495 255 1542 287 de
1554 266 1652 287 cor(

80 299 220 341 roseo)
254 305 354 333 unter
383 301 460 332 dem
494 301 555 333 der
578 301 697 342 Elpis3
732 312 770 333 so
806 303 841 332 in
871 301 1170 343 Cod.l'rag0n.1
1197 302 1227 334 G
1252 299 1295 333 39
1321 312 1412 333 saec.
1441 299 1498 333 15:
1527 302 1652 342 „Hunc

79 357 237 389 ymprum
270 346 352 378 fecit
384 346 530 388 Helpes,
563 347 693 378 nobilis
726 346 884 382 domin&
922 357 1008 378 uxor
1038 347 1154 388 Booeij
1190 348 1381 385 senatoris,
1417 346 1647 379 inhonorem

78 396 276 425 sanctorum
309 392 545 433 apostolorum
571 392 665 423 Petri
700 396 733 423 et
760 391 892 423 P·1uli“
943 392 1291 434 Gcorg.(·1ssander
1316 393 1338 425 l.
1364 403 1392 423 c.
1422 403 1454 434 p
1473 390 1545 424 -167
1574 404 1648 434 sqq.

79 439 188 471 bietet
219 437 338 469 diesen
364 438 525 478 Hymnus
557 437 646 469 ohne
683 437 749 469 den
776 438 911 468 Nwmon
935 437 995 469 des
1025 438 1167 469 Vezsrns
1153 449 1241 471 5·:eis
1275 437 1505 476 Thomasius,
1538 440 1653 480 Opera

79 482 142 525 (ed.
169 481 330 521 Vezzosi)
352 483 398 515 ΙΙ,
432 480 498 514 388
524 482 765 515 iibersohxeibt
789 483 850 513 ihu
879 482 1078 523 ,‚Paulini‚‘
1107 483 1197 515 ohne
1222 473 1364 516 Giiinde
1389 484 1653 525 beizubrIngen.

78 529 149 561 Fiir
173 528 300 560 Paulin
326 527 493 569 spmchen
522 527 638 559 ausser
662 528 728 559 den
754 528 987 569 allgomeinen
1006 528 1171 560 Giiinden
1197 529 1253 560 die
1278 539 1348 560 von
1366 529 1556 560 Madrisius
1582 529 1653 560 und

81 574 260 607 Giannoni
289 574 352 604 mit
376 573 488 605 Recht
514 574 653 605 betonte
682 555 1028 615 Ubereinstiminung
1052 585 1120 604 von
1154 572 1184 612 2,
1211 572 1231 605 2
1258 575 1318 605 mit
1345 576 1475 606 Contra
1500 574 1651 606 Felicem

81 621 108 658 Ι,
143 617 202 651 36:
240 619 363 659 „Ecee,
393 619 517 650 Petrus
551 623 585 650 et
617 619 762 657 Paulus
795 619 863 650 duo
888 619 1054 650 νὶἀθΙὶωῐ
1078 619 1249 660 lulgentia
1274 620 1393 650 mundi
1419 618 1650 652 candelabra‘*

83 665 153 697 und
178 675 247 696 von
272 662 303 702 2,
330 661 351 694 3
375 665 440 695 mit
456 665 483 702 Ι,
509 662 572 695 45:
600 665 760 703 „Petrum
780 664 1009 706 Paulumque,
1035 665 1103 695 duo
1124 665 1303 706 piace-lara
1322 665 1411 696 caeli
1429 662 1651 697 luminaria.“

81 711 263 742 Triimmer
287 710 400 741 dieses
426 710 588 751 Hymnus
614 710 692 741 sind
719 709 807 741 noch
834 709 937 741 heute
960 711 995 741 in
1022 710 1228 741 riixnischem
1248 710 1444 742 Gebrauch.
1486 711 1532 742 So
1559 711 1655 743 dient

82 755 232 797 Strophe
265 753 287 786 4
319 756 384 787 mit
416 756 512 787 einer
544 755 743 797 Doxologie
777 756 829 786 als
856 756 1017 795 Hymnus
1043 755 1107 787 auf
1127 756 1223 787 Petri
1250 756 1464 787 I(‹tte11feier
1489 757 1552 787 mit
1576 756 1653 788 dem

78 801 309 833 veriinderten
344 801 521 843 Anfange:
563 801 693 832 Miris
735 801 873 832 modis
917 805 1128 843 repente
1169 801 1289 832 liber
1326 802 1472 832 ferrea
1514 801 1653 833 Christo

80 847 221 878 iubente
247 850 310 878 etc.
335 863 379 867 --
405 846 546 877 Ebenso
573 846 683 878 bildet
708 850 809 877 unter
834 846 972 878 starker
990 846 1241 887 Umiinderung
1266 847 1322 877 die
1341 846 1490 888 Strophe
1507 845 1528 878 5
1554 848 1656 879 nebst

79 893 175 924 einer
199 892 395 934 Doxologie
421 892 523 923 einen
545 892 705 933 Hymnus
731 892 786 922 fiir
810 892 871 923 das
895 893 979 924 Fest
996 893 1091 923 Petri
1111 892 1287 923 cathedra
1312 892 1483 923 niimlich:
1511 893 1653 932 Quod-

81 948 253 978 cunque
281 939 323 968 in
349 937 454 969 orbe
479 938 668 969 nexibus
694 939 964 969 revinxeris.
990 954 1035 959 —
1053 937 1202 979 Strophe
1221 936 1239 968 7
1266 937 1404 969 endlich
1423 938 1470 969 ist
1486 938 1656 970 ebendort

80 984 117 1015 in
142 983 207 1014 den
232 982 514 1025 umgedichteten
542 984 703 1023 Hymnus
732 983 877 1015 Aurea
902 984 996 1015 luce
1023 986 1065 1015 et
1089 984 1249 1015 decore
1274 994 1404 1014 roseo
1421 982 1654 1023 (Urbanische

82 1029 256 1070 Fassung:
280 1029 444 1060 Deeora
476 1029 550 1060 lux
581 1029 881 1061 aeternitatis
916 1028 1066 1069 aurea)
1091 1028 1357 1071 eingeschoben.

488 1184 570 1220 104.
605 1185 663 1226 (6.)
699 1185 745 1219 In
772 1184 911 1220 Natali
937 1184 1069 1219 sancti
1095 1184 1239 1220 Marci.

288 1279 326 1318 1.
374 1280 453 1316 Iam
482 1289 582 1316 nunc
616 1290 686 1326 per
717 1289 826 1316 omne
856 1280 922 1317 lux
953 1277 1117 1326 refulget
1148 1279 1352 1327 saeculum,

373 1336 457 1373 Lux
489 1336 570 1383 illa,
605 1336 728 1383 patris
759 1346 855 1382 quae
886 1336 987 1372 lucet
1020 1336 1068 1372 de
1099 1336 1206 1383 solio,

371 1394 474 1439 Quae
506 1391 603 1442 fons,
636 1393 754 1439 origo,
788 1392 971 1439 splendor
1001 1392 1097 1429 lucis
1128 1403 1266 1430 aureae

371 1449 603 1497 Habensque
633 1460 784 1496 semper
814 1450 938 1486 lumen
970 1448 1194 1486 indeficiens

373 1507 528 1544 Caelum
561 1511 725 1554 serenat,
755 1516 890 1543 arcens
919 1505 1051 1543 mundi
1082 1506 1272 1545 tenebras,

287 1621 326 1660 2.
372 1620 495 1659 Huius
526 1623 675 1657 sacrato
705 1619 801 1657 lucis
835 1619 882 1657 de
911 1618 1123 1657 vibramine

375 1676 552 1724 Suscepit
583 1677 722 1714 almum
754 1676 903 1713 radium
932 1676 1001 1712 sub
1031 1679 1187 1723 pectore

374 1734 530 1771 Marcus
563 1733 708 1781 beatus,
743 1734 877 1770 doctor
908 1733 1162 1781 evangelicus,

376 1793 518 1829 Factus
548 1790 707 1827 lucerna
735 1800 840 1827 more
870 1789 968 1826 tanti
997 1789 1164 1835 luminis,

375 1848 528 1886 Ardens
562 1846 708 1894 fugavit
740 1846 882 1884 saeculi
914 1846 1127 1894 caliginem.

295 1963 334 2001 3.
382 1961 535 2008 Septem
568 1959 753 1996 columnis
784 1971 859 1996 una
892 1960 939 1997 de
969 1959 1198 2006 candidulis,

378 2018 518 2056 Aureis
547 2021 693 2064 septem
724 2027 838 2053 unum
872 2016 919 2053 de
951 2016 1192 2053 candelabris

379 2074 580 2121 Cingitque
611 2077 730 2110 totum
762 2073 943 2111 mundum
976 2073 1079 2110 claro
1110 2073 1250 2121 sidere,

380 2131 640 2169 Ecclesiarum
675 2130 809 2167 nititur
840 2130 910 2166 sub
943 2130 1118 2176 culmine,

380 2188 577 2226 Sustentat
607 2187 708 2224 altae
739 2185 987 2224 fundamenta
1017 2185 1200 2225 fabricae.

295 2304 335 2343 4.
383 2303 580 2349 Quartum,
613 2300 713 2347 quod
744 2300 833 2337 olim
864 2300 1015 2337 viderat
1044 2300 1276 2345 Hiezechiel‚

383 2358 576 2405 Propheta
607 2360 773 2407 sanctus,
806 2357 946 2394 animal
977 2357 1238 2403 lectissimum,

382 2415 490 2453 Vidit
520 2414 710 2452 Iohannes
743 2424 810 2451 ceu
842 2413 982 2451 Christi
1016 2414 1210 2451 recubitor

385 2471 523 2509 Leonis
554 2471 626 2508 hoc
654 2475 692 2507 et
722 2471 850 2518 typice
881 2470 950 2507 sub
982 2471 1109 2517 specie

387 2528 564 2566 Clamore
594 2528 714 2564 multo
745 2538 815 2574 per
846 2528 998 2564 deserta
1030 2526 1222 2564 frendere.

300 2642 338 2680 5.
385 2640 448 2678 Sic
478 2651 501 2677 a
531 2640 643 2678 beato
678 2641 792 2677 Petro
822 2640 959 2676 missus
990 2640 1085 2677 adiit.

386 2697 670 2743 Aquileiensem
704 2697 844 2733 dudum
877 2695 1166 2733 famosissimam

386 2753 544 2799 Urbem,
577 2753 716 2790 sacrati
749 2753 856 2789 verbi
887 2753 1117 2799 pullulantia

385 2809 659 2847 Disseminavit
689 2814 784 2856 sata,
817 2820 890 2856 quo
921 2810 1154 2855 centuplices

386 2867 551 2904 Fructus
582 2867 631 2904 ad
661 2867 737 2903 alta
770 2866 873 2903 vexit
904 2864 993 2902 felix
1029 2866 1178 2904 horrea.
