2031 3289
937 171 1240 213 —180—

830 304 900 340 170.
935 305 1016 348 (60.)
1049 304 1090 340 Ιιι
1115 303 1147 340 3.
1173 305 1365 342 Nocturna.

363 400 399 436 1.
432 398 561 435 Golias
591 402 804 444 prostratus
835 403 903 446 est,
1174 401 1210 437 3.
1244 400 1398 437 Samson
1432 404 1560 437 noster
1586 401 1745 447 validus.

481 454 705 492 Resurrexit
733 454 943 504 Dominus,
1297 456 1520 494 Rcsurrexit
1549 457 1757 506 Dominus,

427 510 529 547 Ense
558 512 748 557 iugulatus
779 516 836 547 est
1245 513 1553 559 Circumsaeptus
1585 513 1756 551 'nostibus

485 567 615 604 Hostis
646 567 814 613 proprio,
1303 569 1435 606 Portas
1467 569 1629 614 sustulit,

431 625 521 660 Cum
553 624 629 660 suis
660 623 876 661 submersus
907 628 962 661 est
1240 625 1461 662 Frustratus
1492 626 1708 673 allophylus

484 680 556 716 Ille
587 680 746 718 Pharao.
1297 681 1460 728 stupens
1491 682 1659 729 ingemit.

361 773 395 809 2.
430 770 569 807 Dicant
602 770 691 808 Sion
724 769 843 807 filiae:
1172 773 1209 810 4.
1243 771 1295 810 Ut
1326 772 1445 808 leonis
1477 773 1621 808 catulus

457 834 460 838 ’
486 826 710 864 Resurreoeit
735 827 944 877 Dominus,
1299 828 1522 866 Resurreaeit
1551 829 1760 878 Dominus,

432 884 528 920 Vero
562 883 682 920 David
716 883 850 921 obviae
1243 885 1358 930 Quem
1390 885 1533 932 rugitus
1565 886 1709 931 patrius

488 940 631 977 Choros
661 938 870 988 proferant,
1299 941 1372 978 Die
1402 942 1516 979 tertia

434 997 577 1033 Victori
609 996 788 1033 victoriae
1245 997 1410 1034 Suscitat
1440 998 1609 1036 vivificus

488 1052 638 1090 Laudes
671 1054 880 1092 concinant.
1302 1054 1416 1091 Teste
1445 1055 1617 1103 physica.

772 1147 809 1183 5.
842 1144 922 1181 Deo
952 1144 1053 1191 patri
1083 1145 1215 1193 gloria,

892 1201 1116 1238 Resurreccit
1144 1201 1353 1248 Dominus.

837 1257 947 1294 Salus
979 1262 1016 1294 et
1047 1258 1204 1294 victoria

894 1313 1044 1351 Christo
1074 1314 1240 1363 Domini7

838 1371 913 1407 Par
940 1370 1060 1407 honor
1089 1382 1158 1417 per
1189 1371 1336 1408 saecula

895 1426 953 1464 Sit
982 1427 1147 1475 spiritui.

411 1518 438 1548 B
463 1517 521 1548 fol.
547 1514 629 1548 89a.
657 1533 699 1538 —
725 1517 751 1549 C
775 1517 834 1549 fol.
859 1514 902 1549 86
913 1527 943 1549 a.

881 1637 944 1675 171.
979 1639 1060 1682 (61.)
1093 1637 1146 1674 Ad
1171 1637 1323 1674 Laudes.

367 1735 404 1772 1.
437 1734 547 1770 Veris
577 1737 684 1781 grato
715 1738 885 1780 tempore
1181 1737 1218 1772 3.
1250 1734 1459 1771 Transacta
1488 1735 1561 1770 iam
1593 1733 1715 1770 hieme

491 1790 715 1828 Resurreoez't
742 1791 952 1837 Dominus,
1306 1791 1528 1828 Resurrexit
1557 1790 1765 1829 Dominus.

436 1847 603 1885 Mundus
634 1847 862 1884 reviviscere
1250 1848 1292 1884 Iu
1323 1848 1390 1884 illa
1419 1852 1625 1895 perpetuae

492 1904 583 1941 Cum
614 1904 687 1940 iam
718 1904 866 1954 incipit,
1312 1905 1417 1940 Vitae
1448 1904 1599 1951 gaudia,

436 1962 638 1998 Auctorem
671 1971 870 2008 resurgere
1252 1960 1401 1997 Nullius
1433 1961 1628 1997 molestiae

491 2018 628 2055 Mundi
661 2018 800 2056 decuit.
1306 2019 1408 2064 Quae
1438 2021 1523 2054 sunt
1556 2017 1717 2054 conscia.

369 2110 407 2148 2.
440 2108 594 2146 Cunctis
626 2108 901 2145 exsultantibus
1182 2112 1220 2147 4.
1254 2109 1323 2154 Qui
1355 2111 1541 2145 restauret
1573 2108 1709 2155 omnia,

493 2165 717 2202 Resurreccit
746 2165 954 2215 Dominus,
1306 2164 1529 2202 Besaro-exit
1558 2164 1767 2212 Dominus,

440 2222 578 2258 Herbis
608 2222 894 2259 renascentibus
1252 2222 1457 2268 Tamquam
1489 2221 1562 2257 ista
1590 2221 1727 2267 gaudia

494 2278 691 2315 Frondent
720 2279 888 2329 arbores,
1308 2278 1474 2315 Mundus
1505 2277 1677 2322 senserit,

438 2335 583 2372 Odores
615 2345 659 2372 ex
690 2334 845 2372 floribus
1253 2336 1344 2373 Cum
1379 2345 1490 2371 carne
1524 2334 1709 2371 dominica

494 2392 597 2429 Dant
627 2392 866 2439 multiplices.
1309 2392 1388 2428 Iam
1420 2389 1600 2428 refloruit.

777 2485 813 2522 5.
846 2483 927 2520 Deo
958 2483 1058 2530 patri
1089 2483 1220 2532 gloria,

901 2540 1125 2577 Resurrexit
1154 2539 1360 2589 Dominus,

847 2596 956 2634 Salus
988 2601 1024 2633 et
1055 2596 1214 2633 victoria

904 2653 1054 2691 Christo
1085 2653 1249 2699 Domini,

850 2710 922 2747 Par
952 2710 1071 2746 honor
1103 2720 1170 2756 per
1200 2709 1348 2747 saecula

903 2766 959 2804 Sit
991 2766 1154 2814 spiritui.

421 2858 447 2887 Β
473 2857 531 2888 fol.
559 2854 601 2888 89
613 2856 645 2887 b.
671 2873 705 2877 -
740 2858 765 2888 Ο
792 2856 848 2887 sol.
875 2854 960 2888 861).
987 2873 1029 2876 —
1058 2855 1090 2894 1,
1117 2855 1137 2888 :3
1163 2857 1320 2887 Actm-em
1351 2857 1384 2887 Η.
1413 2875 1450 2878 -
1481 2854 1511 2889 2,
1538 2853 1558 2885 4
1585 2854 1751 2886 Frondem
1778 2854 1815 2885 C.
1842 2869 1883 2874 —-

333 2901 364 2941 2,
390 2901 409 2934 5
436 2903 582 2934 odorem
610 2903 676 2934 Bc.
703 2919 746 2923 —
770 2900 802 2939 4,
832 2901 843 2933 1
873 2903 969 2941 Quae
995 2906 1164 2933 restauret
1190 2904 1233 2941 C}
1260 2904 1294 2932 in
1321 2902 1348 2933 B
1375 2900 1594 2933 unleserlicli.
