1914 3223
752 217 808 223 --
866 196 948 236 375
1007 218 1062 222 —

217 307 359 339 Collect.
386 317 447 338 ms.
474 307 685 349 Tegurinuni
713 317 801 338 saec..
832 305 881 339 12.
930 308 1016 339 Clm.
1043 304 1224 339 Monacen.
1254 304 1294 338 18
1305 305 1381 339 580.
1408 307 1449 338 Α.
1475 324 1518 328 —
1543 307 1686 339 Collect.

127 363 187 384 ins.
222 352 383 384 Rofl'ense
414 361 504 383 saec.
534 350 583 382 12.
632 352 715 384 Cod.
741 353 910 384 Oxonien.
944 353 1052 384 Laud.
1082 353 1228 384 Miscell.
1254 350 1306 384 40.
1335 353 1372 384 13.
1400 369 1444 373 —
1468 352 1601 385 Collcct
1628 364 1688 384 ms.

127 399 343 430 Burtonense
377 407 466 429 saec.
502 394 552 429 13.
601 397 684 429 Cod.
712 397 904 429 Londiuen.
931 398 1034 439 Vesp.
1062 398 1092 429 E
1119 399 1180 429 111.
1209 399 1244 429 C.
1273 415 1311 418 —-
1340 397 1481 429 Colla—ct.
1509 408 1569 428 ins.
1597 399 1687 438 Ang-

126 443 230 475 licum
249 453 338 474 saec.
360 441 410 474 13.
453 441 536 474 Cod.
556 441 725 474 Oxonien.
746 443 854 474 Laud.
872 443 1020 474 Miscell.
1046 442 1122 475 500.
1141 445 1181 475 D.
1201 460 1242 464 —
1263 443 1404 474 Collect.
1426 454 1485 475 ins.
1505 443 1688 483 Anglicum

127 498 216 520 saec.
258 484 310 519 13.
360 487 443 520 Cod.
471 488 642 519 Oxonien.
669 488 786 529 Digby
819 486 872 519 65.
898 488 939 519 E.
965 505 1007 509 —
1034 488 1127 519 Orat.
1157 500 1216 519 ms.
1243 489 1454 530 Tegurinum
1481 490 1562 520 anni
1593 487 1689 520 1469.

125 533 210 566 Clm.
237 534 419 565 Monacen.
449 530 575 564 19124.
603 533 638 564 F.

217 577 252 615 1,
285 576 306 610 3
340 580 427 610 eum
456 588 556 618 prece
582 578 657 616 ΑΡ,
693 588 771 619 pars
798 582 950 620 potestas
979 580 1028 611 D:
1066 589 1194 620 parque
1221 583 1374 620 potestas
1406 579 1503 612 sscE.
1531 597 1572 600 a
1602 578 1636 616 1,
1668 577 1689 610 4

124 625 288 655 timorum
322 625 361 655 D.
388 640 433 645 —-
457 622 495 658 2,
528 622 550 654 4
584 623 639 654 vel
672 628 837 655 veterana
873 624 1004 656 BCDE.
1032 642 1072 646 —
1099 622 1137 661 3,
1170 624 1188 654 2
1222 628 1255 655 et
1289 624 1372 655 fehlt
1398 626 1439 655 D.
1467 641 1508 645 —
1534 623 1575 662 3,
1607 624 1626 656 4
1654 625 1689 655 in

125 670 246 710 poenis
280 670 317 701 B.
343 685 387 690 —-
412 667 451 704 5,
487 667 502 699 1
540 668 673 710 placuit
705 668 789 700 fehlt
823 669 890 700 AF.
917 686 959 691 -—
986 668 1025 706 5,
1058 667 1079 701 3
1105 671 1171 709 Qui
1199 670 1262 701 tibi
1289 675 1339 701 est
1365 670 1526 710 didymus
1552 670 1620 701 AF.
1647 687 1689 691 ——

123 714 154 752 6,
180 712 202 746 2
226 724 303 746 cum
328 715 417 745 vitia
441 714 478 746 C.
504 731 549 734 ——
575 712 606 751 7,
630 712 652 745 4
676 724 760 745 vera
785 715 858 746 face
877 715 955 750 BE;
982 725 1061 746 vere
1088 715 1161 746 face
1180 716 1251 746 CI).
1271 732 1312 735 —
1331 714 1360 746 9,
1388 715 1407 745 2
1432 716 1540 747 facias
1559 716 1627 746 AF.
1650 733 1687 736 —

123 758 164 796 9,
195 757 216 791 3
249 769 331 791 vera
358 760 393 790 F.
422 777 461 781 —
493 757 549 796 10,
581 757 602 791 3
636 759 750 791 incide
786 761 827 791 D.
854 778 896 782 —
925 758 983 796 11,
1011 758 1031 790 2
1065 761 1204 791 nomine
1231 770 1298 801 pua
1324 762 1360 791 Β.
1387 778 1429 781 —
1459 759 1516 797 12,
1549 759 1562 792 l
1591 762 1691 801 punit.

124 806 160 837 C.
187 822 231 826 -—
258 804 318 842 12,
343 804 364 833 1³.
393 804 439 837 Ut
463 815 524 846 per
550 807 583 836 te
608 804 656 840 E;
691 805 771 836 aliis
798 805 899 837 ACE.
926 823 969 827 —
998 802 1055 843 12,
1087 804 1108 836 4
1134 815 1249 836 secum
1275 816 1413 847 quoque
1437 806 1528 837 dona
1554 807 1621 838 AF.
1647 823 1688 826 —-

126 848 176 888 13,
205 848 220 882 1
249 851 297 883 Ut
321 851 385 882 sub
412 850 449 882 C.
478 867 516 871 —-
550 848 600 889 14,
624 848 647 881 4
671 850 849 882 furibundi
875 851 944 882 AF.

431 1006 513 1042 289.
550 1006 608 1049 (3.)
645 1006 902 1041 Tetrasticon
928 1006 977 1041 ad
1005 1007 1185 1042 sanctam
1211 1016 1383 1042 crucem.

272 1113 309 1150 1.
358 1111 388 1150 O
421 1112 548 1159 decus,
581 1121 603 1148 o
633 1110 731 1147 clavi
762 1121 897 1148 suaves
927 1111 964 1148 in
997 1111 1128 1158 stipite
1159 1112 1276 1159 suavi,

354 1168 384 1206 O
416 1168 525 1213 liber,
558 1179 579 1205 0
610 1167 751 1214 lignum
786 1167 914 1205 divino
945 1168 1126 1214 sanguine
1159 1169 1324 1215 dignum,

355 1225 385 1264 Ο
417 1225 481 1272 pia
512 1235 604 1261 crux
638 1224 790 1269 Christi,
824 1235 919 1271 quae
950 1224 1068 1262 tincta
1099 1236 1232 1262 cruore
1264 1224 1390 1272 fuisti3

355 1281 555 1329 Sanguinis
587 1280 658 1317 hoc
689 1291 796 1318 sacro
828 1281 927 1318 sacri
958 1293 1024 1318 nos
1055 1281 1158 1329 tinge
1189 1282 1352 1320 lavaero.

274 1385 312 1424 2.
361 1382 515 1421 Robora
546 1383 765 1419 conscendit
797 1387 861 1419 tua
891 1383 1065 1422 Christus
1096 1383 1223 1430 ibique
1253 1385 1448 1432 pependit,

359 1439 529 1487 Virginei
559 1438 665 1476 floris
696 1439 816 1476 honor
846 1444 883 1476 et
912 1438 981 1476 flos
1013 1445 1138 1476 castus
1170 1440 1334 1490 honoris,

359 1496 469 1545 Fers,
507 1496 605 1543 geris
637 1497 721 1543 ipsa
751 1496 885 1541 Deum,
919 1497 1034 1533 sumis
1066 1498 1112 1534 de
1142 1502 1263 1534 morte
1293 1502 1511 1547 tropaeum3

358 1553 492 1590 Servet
524 1553 572 1590 ab
603 1553 752 1600 impura
784 1553 845 1589 lue
877 1564 943 1590 nos
974 1558 1038 1590 tua
1069 1558 1199 1590 saneta
1229 1553 1360 1600 figura.

270 1657 308 1694 3.
356 1655 438 1692 Rex
470 1655 508 1692 in
539 1659 576 1691 te
607 1666 763 1701 magnus
794 1655 858 1701 pia
888 1654 1039 1692 victima
1071 1654 1125 1701 fit,
1157 1656 1242 1702 pius
1272 1666 1402 1706 agnus,

355 1712 532 1759 Victima,
565 1721 660 1758 qnae
690 1711 784 1748 lavit
814 1722 881 1748 nos
913 1716 949 1747 et
979 1716 1017 1747 te
1047 1711 1311 1758 sanctificavit,

357 1768 527 1816 Suscipis
558 1768 647 1804 hinc
677 1778 801 1805 rorem
832 1768 956 1804 laticis
987 1768 1217 1815 rubeumque
1248 1769 1454 1826 liquorem3

352 1825 515 1862 Potibus
546 1824 617 1861 his¹
635 1831 780 1861 mentes
805 1830 953 1861 nostras
984 1825 1081 1862 satia
1111 1826 1292 1862 sitientes.

273 1928 311 1966 4.
361 1926 450 1964 Sola
481 1926 608 1974 polum
641 1926 793 1963 scandis
824 1931 1044 1973 secretaque
1074 1927 1215 1964 caelica
1245 1927 1395 1976 pandis,

355 1983 505 2021 Gaudia
537 1981 746 2020 stelliferae
777 1983 878 2019 sedis
909 1993 978 2030 per
1008 1988 1045 2019 te
1075 1988 1244 2031 patuere,

357 2040 427 2077 His
458 2039 604 2077 habiles
636 2039 745 2076 donis
775 2040 893 2076 iustos
925 2039 995 2076 hac
1025 2040 1116 2077 sede
1147 2041 1312 2087 reponis,

353 2097 449 2134 Vota
480 2107 686 2143 precesque
719 2096 862 2145 damus,
897 2094 969 2141 fac,
1001 2101 1042 2133 ut
1072 2096 1162 2133 illuc
1190 2098 1246 2134 ire
1277 2108 1469 2144 queamus,

263 2199 300 2237 5.
348 2199 423 2236 Per
452 2203 490 2234 te
521 2198 600 2235 vita
632 2198 756 2245 datur,
788 2208 858 2246 per
888 2203 924 2234 te
955 2209 1055 2235 mors
1086 2204 1301 2245 evacuatur,

349 2254 488 2292 Clausa
518 2255 779 2299 recluduntur,
812 2255 950 2291 reclusi
982 2255 1251 2303 suscipiuntur,

350 2311 525 2349 Pondere
555 2311 704 2358 peccati
737 2322 807 2358 per
837 2315 874 2348 te
906 2323 1031 2348 sumus
1062 2313 1276 2362 exonerati3

347 2368 423 2408 Per
452 2372 490 2404 te
520 2368 713 2415 quaesitae
744 2368 839 2405 vehe
869 2379 937 2405 nos
968 2368 1017 2405 ad
1048 2369 1187 2416 gaudia
1218 2370 1330 2418 vitae,

268 2471 305 2508 6.
355 2469 448 2507 Cum
482 2469 653 2506 barathri
687 2470 827 2507 clatros
859 2470 917 2506 leo
949 2469 1058 2507 fortis
1091 2469 1247 2517 fregerit
1278 2476 1394 2517 atros,

348 2526 403 2563 Te
435 2526 529 2563 (luce
561 2525 757 2575 confregit,
790 2527 955 2574 praedas
986 2538 1032 2564 ex
1064 2527 1234 2565 hostibus
1266 2529 1352 2575 egit,

351 2582 405 2619 Te
438 2583 532 2620 duce
563 2582 769 2620 terrificum
801 2583 943 2620 tutudit
973 2582 1162 2630 perimens
1193 2585 1412 2633 inimicum;

346 2639 429 2675 Hac
459 2649 530 2686 ope
562 2639 747 2676 communi
778 2640 1012 2677 stimulantia
1042 2640 1201 2678 crimina
1231 2642 1333 2687 puni.

264 2741 299 2778 7.
347 2739 514 2777 Furibus
546 2741 710 2787 antiquis
742 2741 856 2778 timor
885 2741 1086 2778 exstiteras
1117 2746 1154 2777 et
1184 2742 1334 2792 iniquis,

345 2797 508 2843 Magnus
541 2807 624 2833 eras
656 2802 781 2834 terror
811 2798 974 2843 ludaeis,
1007 2798 1182 2844 gentibus
1213 2809 1330 2847 error,

342 2853 412 2900 Qui
443 2853 549 2900 prius
581 2853 742 2899 horrori,
775 2864 872 2890 nunc
904 2858 961 2890 est
993 2854 1182 2891 cruciatus
1213 2855 1355 2899 amori3

346 2909 529 2948 Hostibus
560 2909 769 2957 horrorem,
802 2910 1044 2947 credentibus
1075 2909 1175 2948 infer
1204 2921 1382 2949 amorem.
