2031 3289
7 2752 10 2816 l

6 2817 11 2914 ἓ

6 2927 9 2967 l

5 3049 18 3289 :ar—v-v—*
7 3023 9 3033 -

961 203 1155 244 ——406
1216 227 1267 234 —

790 362 1031 400 Christus
1070 362 1131 401 ad
1174 362 1432 401 hominem.

347 467 412 504 54.
454 464 532 502 Sub
563 465 698 502 arbore
726 463 829 501 malo
861 462 945 511 fuit,

450 522 530 567 Quo
561 521 704 567 primus
729 520 841 556 homo
872 519 1015 557 corruit

507 576 653 613 Fructu
683 578 832 623 gustato
863 576 982 621 suavi,

453 633 527 671 Sed
557 644 634 669 non
665 638 809 669 tantum
833 636 922 669 tunc
943 630 1078 679 obfuit,

451 690 638 734 Quantum
662 699 731 735 per
746 700 805 725 me
821 693 907 735 post
924 687 1081 736 profuit,

508 746 661 783 Plexum
680 746 727 781 ob
738 745 809 782 hoc
821 751 942 782 morte
954 744 1060 792 gravi
1071 756 1080 790 3

447 801 627 839 Pelicano
663 799 786 838 factus
816 801 877 838 avi

449 858 591 894 Similis
621 860 656 895 te
684 857 881 905 suscitavi,

507 914 588 950 Nec
618 914 770 961 sanguis
801 925 905 950 meus
936 913 1057 961 latuit,

447 971 605 1016 Quando
636 970 675 1007 in
706 970 822 1007 corde
848 971 975 1007 notavi

448 1027 515 1064 Pie
547 1034 584 1063 et
615 1027 866 1070 consideravi,

502 1083 610 1130 Quod
643 1081 768 1120 facere
799 1083 978 1130 oportuit.

351 1187 417 1224 55.
446 1184 513 1222 Ibz·
545 1183 613 1221 sub
644 1184 711 1221 illa
741 1183 878 1221 arbore

449 1243 592 1280 Carens
623 1241 775 1277 virtutis
808 1241 943 1278 robore

508 1298 702 1343 Corrupta
732 1299 784 1334 est
813 1301 936 1334 mater
964 1300 1044 1346 tua,

449 1354 594 1391 Malum
626 1358 780 1400 gustans
810 1354 909 1391 malo
939 1364 1017 1400 ore,

445 1410 511 1448 Ibi
540 1410 685 1446 violata
715 1409 808 1447 flore

504 1465 691 1504 Genetrix
722 1470 789 1504 tua
821 1465 925 1504 fatua

449 1522 522 1560 Est
554 1523 602 1560 de
633 1523 827 1560 voluntate
857 1534 924 1560 sua

449 1581 670 1626 Appetente
700 1580 907 1627 incongrua

512 1637 789 1674 Praemonente
820 1640 1048 1683 temptatore

457 1694 530 1738 Ita,
563 1693 662 1739 quod
695 1691 796 1729 facta
826 1703 945 1729 nocua

454 1749 566 1786 Fecit
596 1749 695 1786 mala
726 1757 911 1795 perpetua

512 1807 555 1842 In
586 1806 685 1844 omni
716 1806 939 1852 posteriore.

355 1908 421 1945 56.
452 1907 577 1954 Super
607 1919 670 1944 cor
700 1910 807 1945 tuum
841 1906 979 1943 mobile

455 1964 618 2001 Multum
651 1969 688 2000 et
719 1964 904 2000 variabile

510 2021 618 2057 Pone
648 2032 708 2057 me
736 2024 779 2057 ut
805 2019 1062 2070 siyozaculum,

457 2077 511 2115 Ut
543 2087 764 2123 quocunque
796 2077 961 2114 volubile

457 2133 589 2170 Fuerit
622 2134 680 2170 vel
712 2133 899 2175 vertibile,

516 2190 580 2226 Me
612 2190 749 2226 habeat
779 2190 828 2226 ad
860 2190 1020 2240 oculum,

463 2245 512 2284 Ut
544 2246 655 2283 etiam
686 2246 929 2293 siywaculum

456 2303 584 2349 Super
615 2303 815 2340 brachium
847 2303 1033 2350 singulum

514 2360 644 2397 Tuum
675 2370 733 2396 me
763 2359 870 2409 habe.
905 2370 951 2396 ne
983 2359 1056 2396 vile

459 2416 563 2463 Opus
594 2427 705 2466 agas,
739 2416 838 2462 quod
870 2416 1089 2464 scrupulum

462 2473 595 2518 Sapiat
626 2473 899 2519 aliquantulum

516 2529 574 2565 De
604 2529 684 2566 iure
715 2541 788 2566 non
821 2528 1004 2566 factibile.

358 2632 423 2669 57.
456 2631 558 2678 Quia
595 2631 707 2677 fortis
739 2631 886 2668 dilectio

464 2687 514 2725 Ut
544 2699 646 2725 mors
678 2691 742 2728 cst.
775 2693 811 2724 te
841 2687 914 2724 iam
946 2687 1056 2734 cupio

519 2744 770 2780 Praemonere
803 2743 1018 2788 salubriter,

463 2800 511 2837 Ut
545 2800 641 2837 sicut
672 2801 863 2847 separatio

464 2856 536 2892 Per
566 2862 723 2893 mortem
755 2863 792 2893 et
828 2856 964 2894 divisio

519 2913 580 2949 Ab
612 2913 769 2949 invicem
802 2912 845 2950 fit
875 2913 1053 2959 graviter,

1167 847 1231 885 58.

1173 1569 1236 1607 59.

1173 2293 1239 2331 60.

1267 464 1330 503 Sic
1360 468 1397 501 te
1427 464 1517 501 mihi
1547 465 1714 502 suaviter

1270 521 1321 557 Et
1353 520 1661 567 inseparabiliter

1323 577 1457 624 Iungat
1487 578 1624 614 amoris
1655 578 1742 615 unio

1266 634 1337 678 Ita,
1370 633 1470 679 quod
1502 633 1624 679 primo
1655 632 1806 671 fortiter

1265 689 1318 727 Et
1349 687 1483 726 fortius
1514 688 1678 726 finaliter
1914 738 1915 741 Ἴ

1321 745 1529 782 Amborum
1560 746 1609 782 sit
1640 746 1864 786 coniunctio.

1263 846 1372 884 Sicut
1400 846 1577 893 infernus
1608 851 1664 884 est
1695 847 1805 898 dura,

1265 903 1504 940 Detestanda
1533 906 1632 940 omni
1664 914 1753 941 cura

1322 959 1462 996 Nutrix
1494 960 1814 1011 contumeliarum,

1265 1014 1500 1061 Aemulatio,
1533 1027 1628 1062 quae
1657 1016 1767 1062 plura

1265 1072 1436 1110 Patravit
1466 1073 1630 1118 pessima
1659 1073 1742 1109 iura

1323 1129 1365 1166 In
1388 1128 1560 1174 pluribus
1593 1129 1804 1178 curiarum3

1264 1184 1488 1231 Lampados
1529 1184 1611 1222 eius
1646 1186 1898 1230 flammarum

1263 1240 1376 1288 Ianis
1407 1246 1520 1287 atque
1552 1240 1746 1285 furiarum,

1323 1298 1538 1343 Lampades
1569 1298 1655 1344 plus
1682 1299 1864 1336 adustura

1265 1353 1484 1397 Servientis,
1517 1365 1626 1401 quam
1658 1353 1840 1392 bonarum

1266 1410 1406 1458 Legum
1439 1410 1498 1447 vel
1529 1410 1756 1447 iustitiarum

1325 1466 1438 1503 Clara
1467 1466 1738 1506 illuminatura.

1268 1568 1408 1614 Aquae
1436 1567 1692 1605 tribulationis

1267 1624 1418 1662 Multae
1449 1629 1485 1660 et
1516 1624 1755 1671 turbationis,

1327 1681 1431 1726 Quae
1462 1681 1601 1717 mundo
1623 1681 1745 1718 solent
1765 1680 1897 1731 fluere,

1268 1735 1357 1774 Non
1384 1739 1596 1784 potueruut
1624 1738 1662 1774 in
1695 1738 1801 1775 bonis

1270 1794 1385 1831 Ortae
1415 1794 1504 1831 fidei
1537 1794 1679 1830 colonis

1327 1850 1534 1888 Car-itatem
1569 1850 1794 1902 extimuere,

1268 1905 1350 1944 Nec
1380 1907 1538 1944 obruent
1567 1907 1672 1943 illam
1703 1917 1791 1944 vere

1269 1963 1460 2000 Flumina
1490 1963 1608 2010 pestis
1638 1973 1797 2010 asperae

1327 2020 1378 2056 Et
1407 2019 1730 2069 tyrannizationis,

1271 2077 1454 2122 Quoniam
1486 2076 1589 2113 novit
1621 2086 1776 2122 pascere

1271 2134 1320 2171 Se
1350 2133 1470 2179 ipsam
1502 2133 1602 2169 omni
1632 2143 1769 2180 genere

1328 2189 1470 2227 Saevae
1501 2189 1785 2235 persecutionis

1271 2292 1315 2330 Si
1345 2291 1456 2329 homo
1489 2302 1637 2328 omnem
1669 2291 1812 2328 variam

1270 2349 1422 2386 Domus
1452 2359 1545 2385 suae
1575 2348 1833 2385 substantiam

1328 2405 1456 2442 Donet
1479 2416 1555 2451 pro
1588 2403 1796 2451 dilectione,
1856 2419 1859 2422 ·

1272 2461 1393 2510 Quasi
1423 2461 1521 2498 m‘hiz
1551 2461 1726 2498 eximiam

1272 2518 1455 2556 Effectam
1488 2518 1568 2554 sive
1599 2517 1750 2554 nimiam

1329 2575 1422 2611 Eius
1454 2574 1747 2620 comparatione,

1273 2631 1377 2669 Eam
1407 2638 1493 2668 actu
1524 2637 1562 2667 et
1589 2640 1761 2667 sermone

1272 2692 1398 2733 Atque
1427 2687 1653 2733 cogitatione

1328 2744 1521 2790 Despicio!
1552 2748 1592 2780 ut
1622 2742 1797 2790 scoriam,

1274 2800 1369 2837 Nam
1403 2800 1596 2838 dilectioni
1627 2799 1747 2836 bonae

1273 2856 1408 2894 Mundi
1440 2856 1770 2903 transmigratione

1333 2913 1417 2950 Non
1439 2918 1679 2959 comparatur
1694 2911 1900 2958 quidpiam.
