2031 3289
405 447 471 484 40.

411 1632 476 1667 (jo.

412 2199 475 2235 70.

505 270 636 308 Infans
667 276 752 308 tuus
784 274 893 318 pater
923 276 1052 309 noster

558 333 595 364 et
624 329 725 365 salus
757 328 1003 367 credentium.

504 390 672 437 Regnum
695 391 785 440 eius,
809 399 917 436 quem
938 390 1104 440 lactasti,

563 447 675 484 stabit
708 447 744 484 in
777 449 1013 496 perpetuum,

504 509 640 546 Partus
671 516 756 548 tuus
787 513 889 549 Deus
921 521 1032 548 verus

563 571 598 602 et
631 573 845 606 sanctorum
876 568 1064 616 gaudium,

501 628 622 665 Natus
654 634 738 667 tuus
769 631 958 670 mediator

556 684 627 722 Dei
660 690 716 723 est
747 692 784 724 et
814 687 1016 724 hominum.

466 777 474 785 .
506 747 563 783 Tu
602 748 759 785 misellis
791 760 941 796 semper
972 753 1104 795 patens

562 815 600 840 es
632 806 922 853 exauditorium,

502 865 689 903 Liberalis
723 868 964 905 distributrix

557 927 794 961 aeternorum
826 935 1034 971 munerum,

503 984 623 1022 Causa
657 986 919 1034 restitutionis,

559 1042 686 1088 gaudii
717 1044 917 1093 negotium,

502 1104 645 1140 Potiori
677 1105 851 1142 claritate

556 1171 671 1207 super
701 1161 834 1198 choros
871 1162 1043 1199 caelitum

502 1222 545 1258 In
577 1222 727 1259 sublimi
759 1224 925 1260 exaltata

555 1282 744 1326 tamquam
783 1280 888 1317 sidus
923 1281 1101 1318 siderum.

469 1371 474 1376 .
508 1341 595 1378 Tibi
624 1341 704 1379 iure
736 1342 940 1390 deputatur

561 1409 680 1448 omne,
709 1400 808 1446 quod
831 1404 887 1436 est
908 1399 1101 1449 optimum,

506 1460 564 1496 De
595 1472 668 1507 qua
698 1462 800 1508 loqui
832 1463 890 1498 vel
919 1472 1077 1509 pensare

563 1522 620 1553 est
649 1518 795 1555 nutrire
825 1519 1015 1566 gaudium,

507 1573 619 1611 Cuius
653 1575 765 1612 decus
793 1576 953 1613 adorare

566 1635 670 1668 tanto
700 1633 965 1680 necessarium,

501 1688 646 1734 Quanto
678 1688 797 1725 Deum
830 1688 983 1726 diffiteri

561 1745 682 1781 scelus
713 1751 769 1782 est
799 1744 998 1786 nefarium.

503 1800 619 1847 Ergo,
652 1806 784 1839 sancta
815 1803 1033 1851 mediatrix,

559 1859 735 1905 generale
767 1860 1014 1896 commodum.

467 1945 474 1951 .
508 1914 620 1951 Cuius
650 1916 763 1952 decus
796 1920 831 1952 et
863 1917 1024 1953 caeleste

561 1971 685 2008 lumen
719 1978 774 2009 est
805 1973 1070 2020 omnimodum,

511 2027 607 2064 Vere
639 2029 740 2065 Deus
771 2033 900 2066 noster
929 2030 1030 2067 suxit

562 2085 621 2122 lac
651 2089 799 2123 tuorum
829 2086 998 2136 uberum,

506 2142 616 2187 Vere,
649 2153 756 2190 quem
794 2154 862 2180 nos
892 2143 1105 2189 adoramus,

565 2202 605 2234 tu
635 2200 795 2245 portasti
827 2210 996 2247 puerum.

508 2255 757 2292 pulchritudo
787 2261 849 2293 tua
880 2257 1009 2303 vincit,

560 2312 741 2358 quidquid
755 2319 808 2349 est
822 2313 1128 2361 pulcherrimum,

506 2368 636 2406 Sermo
667 2375 751 2406 tuus
782 2370 969 2416 pretiosus

560 2436 674 2471 super
703 2436 811 2463 omne
841 2425 1060 2464 balsamum.

464 2510 470 2517 .
507 2482 621 2528 Virga
660 2494 849 2529 nunquam
889 2483 969 2519 sine
998 2482 1103 2531 flore,

562 2539 635 2576 Dei
668 2539 911 2586 domicilium,

508 2596 583 2632 Vas
616 2597 794 2633 virtutum
826 2601 861 2633 et
893 2607 1026 2634 acerra

562 2653 763 2690 multorum
797 2659 1018 2692 aromatum.

507 2710 560 2746 Te
583 2710 775 2747 collaudat
791 2710 951 2756 supplex
971 2710 1105 2746 chorus

561 2766 739 2803 virtulum
772 2767 986 2803 caelestium

507 2824 553 2860 Et
587 2823 634 2859 ad
668 2823 817 2860 laudem
851 2823 1033 2860 creatoris

560 2879 773 2927 frequentat
805 2880 1036 2927 obsequium.

1190 393 1254 430 85.

1190 687 1256 724 90.

1188 986 1254 1025 95.

1148 1282 1240 1318 200.

1189 1634 1255 1672 Οὔ.

1194 1917 1257 1954 10.

1194 2258 1257 2295 15.

1197 2541 1260 2578 20.

1195 2825 1259 2861 25.

1098 159 1176 200 108
1234 183 1289 188 —-

1289 274 1345 310 Tu
1376 278 1458 320 post
1489 273 1608 311 Deum
1640 274 1870 312 christianae

1345 329 1467 377 plebis
1500 341 1538 367 es
1571 331 1787 380 dominium,

1288 392 1482 429 Castitatis
1513 398 1550 430 et
1579 397 1757 430 aeternae

1343 449 1447 494 pacis
1478 448 1713 489 infusorium.

1287 510 1478 557 Quidquid
1511 511 1558 548 de
1588 516 1624 548 te
1657 512 1731 549 elici
1762 516 1898 559 potest,

1343 567 1437 605 nihil
1468 568 1568 614 sapit
1597 579 1784 617 asperum,

1286 630 1360 667 Per
1390 640 1498 676 quam
1527 630 1778 677 redemptoris
1807 630 1915 667 nobis

1348 682 1509 738 [iugum]
1539 691 1597 723 est
1626 686 1842 733 impositum

1286 748 1337 785 Et
1365 749 1559 785 inductum
1590 748 1824 786 orthodoxae

1341 805 1435 852 legis
1466 805 1685 842 exercitium

1287 867 1379 904 Post
1412 874 1648 914 peremptum
1683 867 1762 904 eius
1796 870 1917 904 morte

1342 923 1552 970 principem
1583 924 1827 971 Aegyptium.

1287 986 1416 1023 Omnis
1446 985 1535 1022 boni
1566 984 1810 1031 foeneratrix‚

1344 1043 1529 1079 canticum
1560 1042 1786 1091 angelicum,

1288 1105 1490 1142 Paradisus
1521 1105 1738 1151 voluptatis,

1342 1166 1467 1198 turtur
1497 1161 1656 1208 simplex
1687 1161 1889 1198 admodum

1286 1224 1336 1261 Et
1368 1223 1540 1260 columba
1570 1224 1650 1260 sine
1679 1222 1779 1267 felle,

1330 1280 1422 1316 nihil
1456 1280 1596 1316 habens
1627 1281 1792 1329 noxium,

1289 1345 1379 1390 Igne
1408 1342 1572 1390 flagrans
1603 1343 1772 1379 caritatis

1343 1403 1519 1437 aeternae
1547 1399 1766 1447 turibulum,

1287 1462 1399 1500 Cuius
1430 1461 1532 1499 fumo
1564 1462 1776 1499 delectatur

1342 1530 1507 1556 summus
1572 1519 1749 1566 princeps
1808 1518 1912 1566 prin-

1610 1575 1746 1623 cipum.

1291 1633 1419 1669 Palma
1449 1630 1594 1669 fructus
1624 1632 1790 1678 saporati

1342 1689 1589 1736 plurimarum
1621 1687 1823 1735 frondium,

1288 1746 1574 1793 Propagationis
1605 1745 1677 1783 Dei

1344 1801 1505 1839 fundens
1536 1801 1789 1850 seminarium,

1288 1859 1540 1897 Foederatrix
1572 1859 1650 1895 eius
1681 1859 1796 1908 pacti,

1347 1916 1451 1962 quod.
1478 1921 1534 1952 est
1564 1915 1884 1962 probatissimum,

1292 1974 1362 2010 Per
1391 1973 1489 2019 quod
1518 1972 1626 2010 nobis
1654 1972 1781 2009 reddit
1807 1976 1915 2018 pater

1345 2030 1403 2066 ius
1435 2028 1716 2066 hereditarium.

1289 2086 1429 2123 Lumen
1493 2096 1680 2132 nunquam
1745 2090 1914 2132 praeter-

1558 2152 1725 2189 gressum

1346 2199 1524 2236 bonitatis
1555 2200 1715 2246 alveum,

1292 2254 1503 2293 Affluenter
1533 2266 1572 2292 se
1603 2254 1805 2292 infundens

1346 2312 1532 2349 mentibus
1563 2312 1771 2359 humilium,

1288 2369 1415 2408 Imber
1446 2368 1713 2406 consolationis

1345 2426 1443 2463 lacte
1474 2437 1660 2472 nunquam
1694 2436 1863 2475 vacuum,

1286 2482 1616 2520 Reconciliationis

1350 2539 1544 2586 problema
1575 2539 1841 2588 gratissimum,

1289 2597 1402 2642 Quasi
1434 2596 1545 2632 stella
1575 2596 1759 2633 matutina

1348 2654 1442 2690 dans
1475 2652 1569 2689 lucis
1598 2653 1789 2690 indicium.

1291 2709 1391 2748 Urbs
1418 2709 1573 2756 munita,
1605 2709 1722 2746 nubes
1753 2709 1868 2756 clara,

1345 2777 1532 2813 nunquam
1564 2776 1675 2812 passa
1708 2765 1887 2814 nubilum,

1292 2823 1433 2861 Verbis
1465 2823 1601 2869 pluens
1633 2827 1669 2859 et
1698 2832 1903 2859 coruscans

1349 2880 1530 2927 exemplis
1560 2879 1799 2926 magnalium,
