1914 3223
726 164 764 170 --
844 141 912 180 1111
983 163 1025 169 -

625 347 865 392 Libellus
903 347 1133 391 Tertius.

741 446 1017 485 Praefatio.

220 573 482 622 Superioribus
539 572 682 610 duobus
731 571 870 608 libellis
921 571 1131 607 cotidianos
1184 570 1359 608 feriarum
1412 571 1568 618 hymnos
1619 575 1653 606 et

107 632 397 669 sollemnitatum
440 630 650 667 divinarum
692 629 865 676 proprios
908 628 1143 672 digessimus.
1214 627 1322 664 Nunc
1364 639 1452 664 vero
1486 633 1659 673 superest

106 689 154 726 ad
187 687 361 725 caelestis
391 687 546 733 gloriam
580 686 677 732 regis
709 692 742 722 et
768 696 997 721 communem
1022 684 1188 721 fidelium
1212 685 1513 721 exhortationem
1536 685 1655 731 ipsam

108 755 253 793 quoque
293 743 444 791 superni
485 743 623 780 curiam
667 742 797 789 palatii
839 741 977 778 debitis
1018 741 1261 788 11)·1111111111111,
1304 746 1413 795 prout
1446 752 1656 788 possumus,

108 802 241 838 efferre
272 799 494 848 praeconiis,
547 800 588 837 In
620 811 692 846 quo
723 800 872 845 quidem
904 808 1018 845 opere
1047 798 1120 844 ipsi
1151 808 1209 834 me
1240 798 1443 844 praecipue
1475 798 1658 835 adiuvent

109 857 264 901 meritis,
297 867 453 904 quorum
484 856 668 903 gloriosae
698 855 899 892 memoriae
929 854 1242 901 qualiumcunque
1263 855 1416 891 lauduni
1439 854 1659 891 munuscula

109 914 219 961 cupio
251 914 465 961 persolvere
493 913 600 958 ‚iuxta
630 913 730 959 quod
763 912 942 959 scriptum
971 916 1026 948 est
1053 911 1268 960 „Memoria
1292 912 1382 948 iusti
1404 923 1490 948 cum
1514 909 1652 948 ῐα11ἀοιι

107 977 140 1007 et
169 971 302 1007 iterum
341 969 587 1014 „Laudemus
619 969 717 1006 viros
747 967 966 1016 51I0›·ioso.5.“

160 1020 295 1063 UVos
344 1036 488 1073 quoque
537 1026 713 1073 obsecro,
766 1035 914 1062 sorores
960 1025 1177 1062 carissimae
1222 1025 1447 1071 Christoque
1497 1025 1657 1068 dicatae,

108 1094 264 1130 quarum
296 1083 456 1121 maxime
488 1082 662 1129 precihus
695 1082 764 1119 1100
795 1093 887 1129 011115
909 1092 1082 1128 agressus
1105 1093 1198 1129 sum,
1233 1086 1439 1118 vestrarum
1463 1081 1657 1128 adiungitc

111 1140 345 1176 devotionem
377 1139 599 1183 orationum,
633 1139 733 1175 illius
765 1149 947 1175 memores
978 1138 1186 1175 beatissimi
1216 1138 1454 1187 legislatoris,
1488 1139 1550 1184 qui
1574 1139 1657 1184 plus

109 1197 253 1233 orando
295 1207 402 1243 quam
445 1196 605 1242 populus
647 1196 767 1242 potuit
810 1195 1036 1233 dimicando.
1097 1195 1147 1232 Et
1186 1200 1226 1231 ut
1268 1195 1463 1231 caritatem
1493 1199 1656 1231 vestram

110 1253 146 1289 in
197 1253 406 1290 orationum
457 1252 566 1299 copia
616 1253 757 1298 largam
807 1253 1013 1300 inveniam,
1068 1256 1223 1303 pensate
1270 1252 1494 1301 diligenter,
1546 1262 1656 1298 quam

112 1309 307 1356 prodigam
339 1314 463 1362 vestra
486 1308 618 1355 petitio
639 1315 803 1345 nostram
827 1308 965 1346 habeat
986 1307 1216 1348 facultatem.
1270 1308 1368 1346 Dum
1389 1309 1486 1345 enim
1509 1308 1659 1345 divinae

111 1366 254 1412 gratiae
306 1365 435 1403 laudes
486 1374 574 1412 pro·
605 1365 723 1402 nostri
768 1365 946 1412 ingenioli
992 1361 1140 1416 [modo]
1186 1366 1362 1412 prosequi
1408 1365 1657 1412 studeremus,

110 1423 212 1470 quod
245 1422 291 1459 de
321 1427 454 1459 ornatu
486 1422 591 1459 deest
619 1421 864 1468 eloquentiae,
899 1423 1265 1468 recompensavimus
1287 1422 1509 1469 hymnorum
1532 1423 1658 1458 multi-

112 1479 256 1522 tudine,
288 1479 443 1525 singulis
476 1478 650 1515 videlicet
682 1479 911 1525 singularum
944 1479 1234 1516 sollemnitatum
1269 1479 1461 1516 nocturnis
1484 1479 1659 1526 proprios

113 1540 375 1582 componentes
407 1535 576 1581 hymnos,
609 1546 690 1571 cum
722 1547 816 1572 unus
847 1536 1079 1572 solummodo
1101 1535 1290 1582 hueusque
1313 1535 1472 1584 hymnus
1493 1536 1531 1572 in
1553 1534 1661 1572 festis

110 1603 254 1639 quoque
284 1592 377 1628 sicut
410 1592 446 1628 in
479 1590 584 1628 feriis
616 1592 664 1628 ad
696 1598 896 1629 nocturnos
927 1593 1222 1638 praecineretur.

222 1649 407 1694 Quattuor
437 1649 564 1695 itaqua
596 1649 753 1696 hymnos
785 1649 941 1696 singulis
974 1648 1243 1686 festivitatibus
1276 1660 1319 1686 ea
1350 1649 1495 1686 ratione
1528 1650 1657 1685 decre-

112 1705 254 1753 vimus,
302 1710 343 1741 ut
392 1704 429 1741 in
479 1716 700 1752 unoquoque
743 1706 854 1742 trium
900 1711 1165 1743 nocturnorum
1212 1707 1390 1753 proprius
1437 1706 1660 1742 decantetur

111 1762 269 1807 hymnus
311 1766 347 1798 et
386 1761 561 1798 laudibus
601 1763 755 1808 insuper
797 1762 989 1800 matutinis
1031 1774 1103 1799 11011
1146 1763 1243 1800 desit
1273 1774 1374 1803 suus„
1432 1763 1491 1800 Ex
1523 1763 1658 1809 quibus

114 1829 241 1854 rursus
280 1822 456 1865 quattuor
487 1818 738 1864 instituimus,
779 1824 819 1856 ut
852 1820 924 1855 duo
955 1819 992 1856 in
1026 1820 1153 1867 vigilia
1179 1831 1249 1866 pro
1279 1831 1352 1856 uno
1383 1820 1659 1867 conjungantur

112 1875 263 1921 hymno,
296 1880 331 1910 et
355 1874 427 1911 duo
448 1875 581 1921 reliqui
604 1875 777 1912 similiter
797 1876 846 1913 ad
870 1886 1047 1922 vesperas
1068 1877 1151 1923 ipso
1174 1877 1235 1914 die
1256 1877 1415 1913 5011011111
1439 1877 1656 1926 recitentur,

108 1937 168 1968 aut
215 1931 267 1967 ita
304 1931 381 1967 bini
412 1936 446 1967 et
479 1931 556 1968 bini
588 1932 624 1968 in
657 1932 812 1980 singulis
845 1933 1012 1980 vesperis
1045 1933 1285 1981 dividantur,
1326 1939 1367 1970 ut
1397 1945 1479 1970 cum
1513 1933 1657 1970 duobus

108 1987 296 2034 prioribus
336 1988 490 2033 psalmis
532 1999 648 2033 unus,
692 2000 773 2025 cum
816 1989 961 2026 duobus
993 1990 1146 2036 reliquis
1177 1990 1272 2027 alius
1305 1991 1538 2030 decantetur,
1600 1991 1657 2028 De

111 2054 221 2080 cruce
251 2048 386 2086 autem,
419 2045 581 2091 memini,
613 2045 776 2092 quinque
807 2046 1011 2092 conscripti
1043 2051 1130 2083 sunt
1161 2047 1301 2094 hymni,
1335 2058 1489 2094 quorum
1514 2047 1656 2094 primus

109 2101 265 2147 singulis
296 2106 552 2148 praeponatur
583 2102 696 2142 horis,
728 2103 892 2139 invitans
925 2104 1118 2140 diaconem
1147 2115 1294 2141 crucem
1318 2105 1365 2141 de
1388 2105 1501 2141 altari
1523 2105 1657 2141 tollere

109 2164 143 2193 et
185 2157 222 2193 in
264 2157 387 2194 medio
429 2158 531 2195 chori
572 2158 705 2195 afferre
746 2165 858 2206 atque
899 2160 1038 2197 ibidem
1083 2171 1162 2197 eam
1203 2162 1308 2207 quasi
1349 2161 1582 2213 adorandam
1614 2171 1658 2197 110

108 2213 344 2251 salutandam
385 2218 571 2260 statuere,
613 2220 652 2252 ut
682 2215 720 2252 in
752 2216 830 2253 eius
861 2227 1006 2263 quoque
1038 2218 1253 2264 praesentia
1283 2222 1362 2254 tota
1392 2228 1461 2264 per
1491 2218 1657 2265 singulas

109 2269 219 2306 horas
249 2275 451 2318 peragatur
480 2272 723 2312 sollemnitas,

512 2495 578 2531 187.
614 2497 694 2538 (77.)
730 2496 769 2532 111
795 2497 913 2533 Festis
941 2498 1075 2535 heatae
1101 2497 1250 2534 Mariae.

726 2568 765 2599 In
794 2567 820 2599 1.
847 2570 1034 2601 Nocturno.

123 2690 158 2728 l.
193 2689 306 2738 Deus,
339 2689 407 2727 Dei
440 2690 607 2740 verbum,
928 2698 966 2734 2.
1002 2698 1073 2734 Per
1103 2707 1211 2743 quam
1246 2696 1368 2733 faetus
1400 2697 1572 2745 mundus,

194 2745 294 2783 Patri
327 2752 577 2795 coaeternum,
998 2753 1071 2790 Per
1101 2764 1209 2799 quam
1239 2759 1448 2800 reparatus.

192 2802 301 2839 Mens
333 2813 377 2840 ex
410 2803 490 2841 Deo
520 2810 620 2854 nata,
1000 2810 1106 2845 Votis
1135 2810 1412 2856 supplicantum

194 2858 293 2898 Nata
321 2871 393 2896 non
426 2866 562 2902 creata.
999 2866 1158 2906 Intende
1186 2877 1391 2907 servorum.
