1914 3223
727 181 1002 220 -41-

289 294 326 331 5.
377 291 515 329 Omnes
545 292 644 338 quod
677 303 802 330 sumus
830 300 893 330 aut
926 295 1104 343 vigemuS,
1139 295 1226 332 inde
1259 301 1336 333 est:

375 347 521 394 Regnat
552 348 710 395 spiritus
740 349 805 386 ille
835 351 1103 397 sempiternus,

373 407 405 442 A
440 404 590 441 Christo
621 405 730 442 simul
762 410 799 442 et
830 409 996 453 parente*
1019 407 1165 446 missus.
1193 435 1195 437 -
1241 406 1244 407 ⁷

291 496 327 532 6.
374 495 494 531 Intrat
527 499 682 540 pectora
713 495 899 533 candidus
930 497 1080 543 pudica,

374 551 477 596 Quae
507 551 639 598 templi
671 552 752 588 vice
784 559 1003 590 consecrata
1035 553 1172 598 rident,

376 607 577 654 Postquam
610 608 822 645 conbiberit
853 609 974 646 Deum
1007 610 1193 646 medullis.

290 699 326 736 7.
373 697 448 735 Sed
478 697 511 734 si
541 698 631 744 quid
666 698 745 734 vitii
778 698 904 736 dolive
932 700 1036 736 nasci

374 753 480 791 Inter
511 754 656 791 viscera
684 755 757 792 iam
790 755 917 792 dicata
947 757 1075 801 sensit,

373 809 450 847 Ceu
480 821 658 858 spurcum
688 810 828 859 refugit
859 813 960 848 celer
991 812 1184 850 sacellum.

288 901 325 938 8.
373 901 551 938 Taetrum
582 900 718 948 flagrat
749 902 847 938 enim
880 913 1020 951 vapore
1051 914 1178 940 crasso

372 956 521 994 Horror
551 959 722 994 conscius
752 963 949 997 aestuante
981 960 1092 1006 culpa

374 1013 637 1061 Offensumque
668 1014 804 1052 bouum
836 1017 944 1063 niger
974 1016 1137 1063 repellit.

173 1103 301 1144 Hymn.
334 1113 394 1134 nis.
427 1104 461 1135 S.
496 1103 662 1135 Iohannis
696 1103 899 1135 Laudunen.
934 1115 1024 1136 saec.
1060 1103 1111 1137 10.
1161 1105 1241 1136 (ὲοά,
1279 1105 1421 1138 Bemen.
1452 1105 1527 1137 455.
1578 1106 1643 1137 Mit

87 1149 251 1180 Neumen.
276 1165 319 1169 —
343 1145 375 1186 4,
401 1147 415 1179 1
443 1148 586 1190 liquide.
612 1166 654 1170 —
680 1147 711 1186 5,
741 1147 754 1179 1
783 1150 891 1181 Omne
917 1150 1019 1192 quod.
1046 1148 1143 1186 —.6‚
1176 1148 1189 1180 l
1216 1149 1395 1182 condidus.

503 1292 562 1328 42.
598 1293 710 1333 (161).)
747 1293 919 1336 Hymnus
945 1295 1037 1337 post
1065 1294 1217 1330 Cibum.

373 1373 544 1413 (Cathem.
570 1374 628 1404 IV.
659 1372 761 1411 1-3;
791 1371 941 1406 Zet—39:
970 1372 1117 1413 70—T5;
1148 1373 1345 1411 loo—103).

314 1478 351 1516 1.
398 1477 520 1514 Pastis
551 1476 760 1513 visceribus
792 1477 948 1523 ciboque
979 1484 1140 1524 sumpto,

397 1534 512 1580 Quem
540 1533 601 1569 lex
633 1533 803 1580 corporis
833 1533 1024 1570 imbecilla
1055 1535 1190 1580 poscit,

400 1590 569 1627 Laudem
601 1590 728 1637 lingua
759 1589 840 1626 Deo
870 1591 970 1637 patri
1001 1592 1200 1637 rependat.

317 1695 355 1731 2.
402 1691 478 1729 Sed
507 1703 554 1729 ne
585 1693 742 1739 crapula
773 1690 930 1742 ferveat,
965 1693 1173 1729 cavendum
1206 1699 1273 1742 est,

401 1750 503 1796 Quae
531 1749 661 1786 sedem
690 1748 778 1786 fidei
810 1749 903 1786 cibis
933 1748 1114 1786 refertam

403 1806 533 1852 Usque
563 1806 612 1843 ad
644 1806 856 1852 congeriem
890 1812 1033 1843 coartet
1065 1807 1176 1843 intus.

319 1909 356 1947 3.
406 1908 536 1945 Parcis
568 1907 729 1944 victibus
761 1907 940 1954 expedita
971 1907 1086 1944 corda

402 1961 574 2002 Infusum
605 1964 737 2000 melius
769 1964 888 2001 Deum
918 1969 1136 2010 receptant3

402 2020 475 2057 Hic
505 2025 634 2068 pastus
665 2021 812 2057 animae
843 2026 899 2057 est
929 2031 1115 2067 saporque
1149 2032 1270 2060 verus,

320 2126 357 2161 4.
403 2123 478 2161 Sed
509 2133 576 2160 nos
606 2129 647 2160 tu
674 2123 820 2170 gemino
852 2121 982 2160 fovens
1014 2128 1151 2169 paratu

402 2182 521 2218 Artus
552 2186 664 2227 atque
694 2181 839 2217 animas
868 2185 1028 2226 utroque
1056 2185 1169 2226 partu

405 2236 628 2285 Confirmas‚
660 2245 779 2286 pater,
813 2247 857 2273 ac
888 2236 1015 2281 vigore
1047 2237 1226 2282 comples.

321 2341 359 2377 5.
406 2339 469 2377 Sic
499 2339 587 2375 olim
619 2343 682 2375 tua
714 2339 936 2385 praecluens
968 2342 1136 2384 potestas

404 2395 510 2432 Inter
539 2395 755 2432 raucisonos
786 2396 896 2431 situm
928 2394 1055 2430 leones

407 2453 450 2490 ln
481 2452 600 2499 lapsis
632 2452 793 2498 dapibus
826 2451 945 2488 virum
978 2449 1127 2488 refovit.

326 2555 364 2592 6.
410 2554 481 2591 His
514 2555 672 2601 sumptis
705 2554 885 2591 Danielus
913 2553 1091 2590 excitavit

407 2611 451 2648 In
483 2611 625 2648 caelum
657 2610 791 2648 faciem
824 2611 981 2656 ciboque
1012 2608 1121 2646 fortis

409 2669 530 2704 Amen
562 2667 742 2714 reddidit,
774 2667 940 2704 Alleluia
973 2666 1080 2703 dixit.

328 2769 365 2806 7.
413 2769 476 2808 Sic
507 2780 573 2806 nos
605 2769 821 2806 muneribus
853 2769 928 2806 tuis
958 2766 1104 2814 refecti,

408 2825 586 2874 Largitor
617 2826 718 2863 Deus
749 2826 913 2862 omnium
946 2824 1138 2872 bonorum,

411 2881 547 2919 Grates
578 2882 772 2919 reddimus
805 2888 840 2918 et
871 2891 1062 2918 sacramus
1093 2880 1262 2927 hymnos.
