1914 3223
741 199 1048 240 —341—

147 313 217 350 9a.
259 312 288 350 Ο
321 311 531 358 benedicte,
901 313 906 319 “
961 295 1034 353 '9b.
1077 315 1131 352 Te
1161 304 1376 360 adorantes,

263 368 350 406 dum
382 373 423 405 tu
453 368 697 406 maledictum
1075 372 1158 408 Iesu
1190 371 1399 417 Nazarene‚

260 423 382 461 factus
413 434 453 482 es
484 436 554 471 pro
584 425 705 474 nobis,
1074 439 1140 464 rex
1172 429 1410 474 ludaeorum,

259 481 483 518 maledictus
1073 484 1112 520 in
1144 485 1304 531 occulto,

259 549 344 575 nam
377 538 510 584 omnis,
543 538 605 585 qui
637 538 778 585 pendet
1075 551 1148 577 non
1180 541 1219 577 in
1248 539 1449 578 manifesto

259 594 297 631 in
328 594 441 643 ligno,
475 605 542 631 nos
574 593 668 631 facis
1078 597 1218 646 ludaei,
1250 598 1314 644 qui
1344 601 1408 634 tuo

260 651 306 688 de
336 650 550 688 maledictis
583 651 817 692 benedictos.
1075 653 1234 699 imperio
1266 658 1352 690 sunt
1379 654 1573 693 intitulati.

129 765 227 803 103.
268 765 376 802 Hanc
407 764 508 800 tituli
939 765 1040 805 lOb.
1083 765 1141 803 Ne
1172 767 1360 812 corruvnpi

265 820 561 868 inscriptionem,
1079 822 1180 859 sinas
1212 823 1250 859 in
1281 823 1389 860 nobis

262 877 483 924 inscriptam
1078 879 1115 915 in
1146 878 1268 929 finem,

261 933 369 970 nobis
400 933 537 981 spiritu
566 938 696 970 sancto
1078 938 1131 981 tu,
1163 935 1248 973 finis
1280 937 1359 972 sine
1390 934 1476 980 fine.

261 991 383 1027 crucis
415 990 646 1040 charactere,
1077 992 1148 1029 Dei
1180 992 1300 1039 patris
1330 996 1429 1030 nate.

122 1106 220 1144 lla.
264 1103 376 1141 Cuius
408 1108 464 1140 est
494 1103 617 1150 imago
939 1104 988 1142 11
1003 1104 1041 1143 b.
1082 1105 1200 1150 Quam
1231 1105 1476 1152 inspicientes

267 1160 367 1207 regis
403 1164 441 1196 et
470 1160 756 1207 superscriptio,
1079 1162 1226 1208 patriae
1258 1162 1358 1199 cives
1388 1171 1574 1208 supernae

261 1227 356 1263 quae
387 1222 535 1254 moneta
567 1227 647 1260 nos,
1080 1218 1285 1265 dignantur
1315 1229 1401 1255 suos

263 1273 430 1323 dragma,
465 1284 574 1320 quam
606 1273 798 1312 invenisti.
1080 1285 1281 1313 conservos
1312 1285 1549 1322 cognoscere.

125 1391 175 1428 12
190 1400 225 1430 a.
266 1388 449 1426 Dominus
480 1399 637 1435 quorum
668 1393 709 1426 tu
941 1389 992 1427 12
1006 1389 1042 1427 b.
1085 1390 1272 1436 Angelum
1303 1389 1342 1426 in
1374 1389 1478 1426 caelo

261 1445 357 1482 sicut
389 1445 579 1482 hominum
1079 1446 1181 1483 vitae
1212 1444 1430 1483 confortans

259 1502 359 1551 hinc,
392 1502 493 1548 quod
526 1502 628 1539 Deus
659 1502 771 1539 homo
1078 1503 1126 1540 de
1157 1506 1277 1539 morte
1308 1502 1498 1539 hominem

260 1558 382 1596 factus
414 1569 476 1606 es;
1076 1569 1246 1606 reparas.

121 1662 172 1700 13
186 1672 220 1700 a.
262 1660 470 1698 Frumento
500 1665 538 1696 et
569 1660 655 1697 vino
941 1661 992 1700 13
1006 1660 1042 1700 b.
1085 1660 1199 1699 Panis
1229 1660 1446 1707 angelorum

258 1716 450 1753 stabilitus
481 1726 520 1753 es
551 1716 745 1754 nobiscum
1079 1728 1147 1754 nos
1179 1716 1351 1754 reficiens
1383 1721 1417 1753 et
1450 1717 1575 1753 vinum

262 1779 410 1820 stayros
441 1773 478 1810 in
509 1784 587 1823 ara,
1079 1773 1294 1826 germinans
1324 1774 1501 1821 virgines.

122 1877 218 1915 143.
262 1874 430 1922 Corpore
938 1874 1039 1913 141).
1081 1875 1160 1912 Nos
1191 1879 1275 1912 tuos

260 1931 323 1978 qui
354 1936 418 1968 tuo
449 1934 487 1967 et
517 1930 711 1978 sanguine,
1077 1931 1297 1981 revirgines,
1332 1931 1488 1978 virginis

265 1999 357 2035 quos
390 1987 644 2035 devirginavit
673 1987 802 2034 Satan,
1078 1987 1145 2039 fili,
1178 1988 1280 2025 Deus
1311 1987 1524 2033 benedicte,

551 2090 616 2129 15.
665 2090 719 2129 Ut
749 2090 865 2127 simus
896 2089 1119 2137 revirginati

664 2157 745 2183 cum
778 2150 910 2183 sancto
941 2147 1075 2185 sancti.

212 2248 312 2280 Miss.
336 2258 398 2279 mS.
425 2247 667 2279 Slierbacense
693 2257 782 2279 saec.
810 2245 861 2279 12.
903 2247 986 2279 Cod.
1013 2247 1227 2279 Stierbacen.
1252 2248 1269 2279 1
1296 2245 1347 2279 13.
1372 2249 1412 2279 A.
1437 2265 1481 2270 —-
1500 2248 1596 2278 Miss.
1619 2257 1680 2278 ms.

120 2293 327 2325 Secoviense
353 2302 442 2324 saec·
470 2290 521 2324 12.
572 2293 656 2324 God.
681 2292 848 2325 Graecen.
873 2290 949 2324 479.
976 2293 1015 2324 B.
1039 2310 1083 2313 —
1109 2293 1212 2325 Grad.
1239 2304 1298 2324 ms.
1319 2292 1575 2324 Ottoburanum
1592 2302 1681 2324 saec.

124 2337 174 2370 12.
208 2339 294 2370 Clm.
329 2339 511 2370 Monacen.
543 2335 673 2370 27130.
706 2337 742 2369 C.
775 2355 819 2359 —
851 2337 946 2369 Orat.
980 2348 1041 2369 ms.
1076 2338 1285 2371 Seeoviense
1309 2338 1480 2375 (Monial.)
1511 2347 1601 2369 saec.
1629 2335 1681 2368 12.

124 2384 209 2416 Cod.
233 2385 402 2416 Graecen.
429 2381 511 2415 1501
539 2384 582 2415 D.
607 2400 652 2404 ——
677 2384 838 2423 Sequent.
865 2394 927 2415 ms.
954 2384 1162 2415 Secoviense
1187 2394 1277 2415 saec.
1306 2382 1356 2415 12.
1407 2383 1488 2414 (jod.
1514 2384 1680 2415 Graecen.

126 2427 222 2461 1584.
247 2429 289 2461 E.
315 2426 482 2460 —⁸Miss.
509 2439 571 2460 mS.
598 2428 806 2461 Secoviense
832 2439 921 2460 sace.
951 2427 1001 2461 12.
1051 2429 1134 2460 Cod.
1159 2430 1326 2462 Graecen.
1352 2426 1428 2460 769.
1455 2429 1492 2460 Γ.

214 2473 242 2512 1,
274 2473 297 2506 4
329 2475 423 2506 Laus
457 2475 504 2505 sit
535 2474 612 2512 tibi,
644 2474 781 2506 Christe
813 2474 949 2506 BDEF.
977 2492 1015 2495 -—
1050 2472 1112 2513 2a,
1142 2473 1162 2506 2
1195 2476 1303 2516 patris
1336 2474 1451 2505 hostia
1476 2473 1612 2505 ADEF.
1637 2490 1680 2494 ——

122 2517 182 2558 33,
209 2517 230 2551 3
255 2524 290 2552 et
314 2519 400 2551 fehlt
424 2520 464 2550 D.
490 2536 534 2540 —
558 2517 622 2559 2b,
647 2517 668 2550 2
693 2520 813 2551 mortis
839 2520 964 2561 pocula
989 2519 1024 2552 C.
1051 2537 1096 2541 —
1118 2518 1180 2557 4a,
1207 2518 1228 2551 3
1253 2521 1324 2551 suis
1351 2530 1371 2550 a
1395 2523 1558 2560 quattuor
1575 2519 1618 2549 D.
1637 2533 1679 2538 -

124 2564 185 2603 53,
211 2562 232 2596 3
257 2565 383 2607 quibus
409 2565 498 2606 perit
521 2564 624 2596 homo
649 2565 761 2596 tribus
788 2566 828 2596 A.
854 2582 887 2587 -
922 2564 984 2599 5b.
1014 2564 1028 2597 1
1049 2567 1221 2605 Quattuor
1247 2576 1305 2606 per
1330 2566 1441 2596 crucis
1459 2573 1588 2595 cornua
1606 2563 1679 2594 AD.

121 2628 166 2632 —
190 2609 254 2648 63,
279 2609 300 2641 2
326 2610 507 2642 Sunanitis
532 2610 571 2641 A.
598 2627 641 2631 —-
666 2608 726 2646 7a,
754 2609 769 2641 1
799 2611 892 2642 Hinc
917 2615 1029 2642 arctos
1055 2611 1086 2642 D
1123 2627 1166 2631 -—-
1192 2609 1251 2649 7a,
1269 2608 1290 2641 2
1316 2611 1435 2641 mesim
1463 2610 1504 2640 D.
1523 2628 1564 2630 —
1583 2608 1644 2647 Sa,
1661 2605 1682 2639 2

121 2655 212 2698 quod
239 2656 282 2687 ad
307 2660 340 2687 te
366 2656 408 2686 D.
433 2672 477 2676 —
502 2652 564 2693 8a,
587 2653 607 2687 3
633 2655 846 2697 quadrifidae
871 2656 1007 2688 ADEF.
1034 2673 1075 2677 —
1107 2654 1169 2693 83,
1196 2654 1216 2686 5
1241 2657 1276 2686 in
1302 2656 1415 2696 patria
1440 2654 1480 2685 E.
1507 2671 1550 2674 -—
1575 2651 1636 2691 93,
1661 2650 1682 2684 2

122 2711 199 2732 cum
225 2705 263 2733 tu
287 2701 330 2732 D.
356 2717 397 2722 —
422 2698 485 2738 91),
524 2699 538 2732 1
565 2702 615 2732 Te
640 2701 824 2732 adoramus
850 2702 924 2732 AD.
949 2718 994 2722 —
1023 2699 1102 2737 lla,
1128 2698 1149 2731 2
1174 2704 1207 2731 et
1232 2700 1317 2731 fehlt
1341 2701 1382 2731 D.
1410 2718 1451 2722 —-
1481 2697 1559 2736 lla,
1585 2697 1605 2730 3
1630 2709 1682 2740 sq.

122 2757 191 2788 qua
218 2750 373 2778 monetas
398 2756 461 2776 nos
488 2745 665 2787 dragmam
692 2747 800 2785 ΑΕΒ,
828 2756 930 2787 quam
957 2750 1127 2777 monetam
1154 2756 1217 2777 nos
1242 2746 1385 2786 dragma
1411 2746 1452 2776 D.
1478 2762 1520 2766 -
1550 2742 1634 2778 111).
1659 2742 1681 2775 4

123 2801 310 2833 agnoscere
347 2791 448 2822 DEF.
482 2810 523 2813 —
562 2789 642 2829 123,
678 2789 693 2823 1
729 2792 899 2823 Dominus
932 2801 1076 2832 quorum
1113 2802 1148 2821 es
1176 2791 1309 2822 BDEF.
1347 2807 1372 2811 -
1408 2788 1486 2826 123,
1514 2787 1535 2821 3
1560 2792 1596 2821 tu
1622 2791 1681 2831 qui

126 2837 220 2868 Deus
253 2836 396 2868 BDEF:
431 2837 467 2866 in
500 2847 568 2878 quo
602 2837 697 2868 Deus
730 2837 768 2868 C.
802 2853 842 2858 ——-
879 2834 962 2874 121),
995 2835 1016 2867 4
1049 2846 1213 2877 reparans
1247 2836 1349 2867 DEF.
1375 2852 1417 2856 ——
1446 2832 1528 2873 131),
1553 2833 1574 2865 3
1598 2836 1680 2866 vino

122 2882 222 2914 ABC.
248 2898 291 2903 —
321 2880 360 2913 13
372 2882 402 2920 1),
428 2879 449 2912 3
473 2883 647 2922 germinas
672 2882 771 2913 ABG.
799 2898 832 2902 —
869 2880 908 2912 14
918 2891 948 2917 a,
967 2879 987 2912 2
1004 2891 1072 2922 quo
1091 2886 1149 2912 tuo
1170 2881 1272 2912 DEF.
1290 2898 1333 2902 —
1352 2879 1392 2912 14
1404 2880 1434 2914 b.
1454 2877 1474 2911 2
1490 2881 1680 2922 revirgines

62 2964 66 2969 .
123 2926 172 2958 fili
197 2926 299 2958 DEF.
326 2944 370 2948 —
399 2925 437 2958 14
449 2927 481 2965 b,
506 2926 527 2959 3
552 2928 698 2969 virginis
725 2928 818 2958 Deus
843 2926 921 2965 ΕΓ,
948 2926 1126 2958 benedicte
1153 2927 1194 2957 Ι).
