2031 3289
894 174 1203 214 —222—

315 291 350 329 7.
382 289 504 326 Necte
532 289 717 337 timorem,
1100 289 1164 326 10.
1196 288 1257 326 Da
1287 287 1465 324 meditari

383 346 481 391 Quin
511 349 549 382 et
578 355 755 392 amorem,
1196 344 1249 382 Et
1279 343 1479 393 modulari,

383 402 519 448 Posco,
552 411 757 448 perennem
1197 401 1272 438 Ore
1301 398 1461 446 profari,

385 459 458 496 Per
488 458 708 506 genitorem,
1199 457 1325 496 Corde
1356 455 1507 504 operari

383 514 453 561 Qui
483 514 578 560 regit
608 522 757 550 omnem
1198 513 1251 550 Et
1280 512 1351 549 tibi
1379 512 1460 559 regi

384 570 554 607 Fortiter
584 570 727 609 orbem.
1201 569 1262 606 Da
1292 567 1479 606 famulari.

313 663 350 699 8.
384 660 541 706 Semper
570 659 725 706 ubique,
1098 660 1168 697 ,11,
1201 659 1308 696 Haec
1338 669 1406 705 ego
1437 657 1544 695 verbi

386 716 547 757 Christe,
579 720 685 752 tuere
1199 715 1361 752 Munere
1391 715 1527 751 summi

384 773 434 810 Et
461 772 566 820 mihi,
599 772 710 822 celse,
1202 773 1328 818 Atque
1360 771 1507 808 corusci

385 829 442 866 Tu
473 829 654 865 miserere
1204 829 1323 865 Posco
1355 827 1530 874 adipisci,

385 885 517 931 Daque
548 885 682 921 timere
1204 885 1364 922 Pressas
1396 883 1540 921 enormi

386 943 514 988 Atque
544 952 684 987 amare,
1204 940 1309 978 Mole
1339 940 1467 987 piacli.

321 1033 356 1070 9.
389 1032 464 1068 Per
495 1035 570 1079 tua,
604 1034 746 1079 sancte,
1112 1031 1177 1069 12.
1211 1030 1374 1075 Christe,
1408 1030 1537 1067 clienti

388 1088 539 1134 Scripta
569 1098 708 1133 meare,
1208 1086 1372 1124 Consule
1405 1085 1510 1123 flenti

389 1145 515 1182 Corde
546 1145 607 1181 vel
638 1155 703 1181 ore
1207 1143 1271 1190 Et,
1303 1154 1452 1190 precor,
1475 1143 1566 1180 audi

388 1201 490 1238 Hinc
519 1211 737 1250 peragrare,
1206 1200 1305 1237 Vota
1334 1199 1486 1247 miselli,

389 1257 553 1304 Perpete
583 1262 708 1295 mente
1205 1256 1327 1294 Unice
1358 1257 1413 1293 fili

388 1314 490 1351 Hinc
520 1314 694 1352 recitare.
1209 1313 1334 1351 Patris
1365 1312 1531 1351 amandi.

781 1394 846 1433 13.
879 1393 1021 1431 Sedula
1053 1393 1154 1430 dulci

877 1450 979 1487 Laus
1011 1450 1173 1496 genitori

875 1506 928 1544 Et
957 1505 1028 1542 tibi
1059 1506 1159 1552 proli

875 1563 1042 1601 Flamini
1073 1567 1111 1599 et
1140 1562 1227 1612 ipsi,

878 1619 1019 1666 Perpes
1051 1624 1088 1655 et
1117 1620 1183 1655 uni

877 1675 978 1712 Laus
1012 1675 1157 1715 deitati.

370 1777 514 1810 Collect.
542 1787 606 1808 ms.
624 1776 852 1808 Martialense
878 1786 967 1808 saec.
996 1774 1047 1807 10.
1084 1775 1169 1808 Cod.
1186 1775 1338 1807 Parisin.
1359 1773 1457 1807 1154.
1477 1792 1518 1796 —
1538 1772 1568 1813 7,
1593 1772 1614 1807 3
1632 1774 1840 1816 perhennem

279 1833 422 1864 semper.
450 1839 491 1843 —
518 1820 549 1862 7,
575 1820 595 1853 5
620 1825 727 1863 reget.
752 1838 799 1842 —
821 1818 853 1860 8,
879 1819 900 1853 3
916 1822 1036 1863 Teque
1053 1822 1185 1853 timere.
1212 1838 1254 1843 -
1280 1819 1312 1859 9,
1339 1818 1356 1851 1
1383 1831 1444 1862 per
1467 1821 1527 1852 via
1554 1823 1682 1852 sancte.
1703 1838 1747 1843 —
1764 1817 1796 1857 9,
1822 1817 1842 1850 ‘2

279 1873 312 1900 et
346 1870 474 1909 scripta
507 1877 632 1899 meare.
660 1884 701 1889 —
727 1865 760 1905 9,
789 1865 809 1898 5
846 1867 991 1909 perpeti.
1018 1884 1057 1888 —
1086 1864 1138 1905 lO,
1163 1864 1184 1898 3
1220 1866 1377 1908 proferri.
1403 1882 1446 1886 —-
1473 1863 1525 1903 11,
1551 1863 1571 1897 5
1602 1875 1770 1907 pressum.
1799 1881 1841 1885 —

282 1913 332 1951 11,
368 1912 388 1945 6
422 1915 528 1945 &lor-‚e
562 1932 603 1935 —
640 1910 699 1950 12,
729 1911 751 1943 4
784 1913 904 1945 Uitam
935 1912 1074 1944 miselli.
1108 1928 1151 1933 —
1175 1911 1384 1943 Aufschrift:
1422 1911 1571 1953 „Incipit
1602 1908 1761 1942 carmem·
1799 1927 1842 1932 —

282 1959 350 1991 Cfr.
376 1959 476 1990 Anal.
504 1958 598 1996 XIX,
627 1955 688 1998 16,
717 1958 856 1989 Traube
881 1958 904 1989 1.
929 1968 957 1989 e.
984 1955 1049 1989 725
1075 1967 1126 2000 sq.

641 2114 721 2151 lrss.
758 2113 816 2157 (3.)
853 2113 996 2150 Oratio
1024 2113 1075 2148 ad
1101 2112 1306 2149 Christum
1332 2111 1474 2147 tertia.

555 2197 591 2236 1.
625 2198 788 2244 Christe,
820 2207 888 2234 rex
919 2207 1061 2244 regum,
1095 2196 1293 2233 dominans
1323 2195 1362 2232 in
1394 2205 1541 2243 aevum,

622 2254 768 2291 Lumen
799 2258 993 2291 aeternum
1024 2253 1146 2300 patris
1178 2258 1292 2299 atque
1325 2251 1494 2297 verbum,

625 2311 695 2356 Qui
724 2310 824 2357 regis
856 2315 1028 2347 cunctum
1062 2309 1205 2356 pietate
1236 2308 1428 2355 mundum,

771 2366 913 2404 Factor
944 2371 1131 2413 egentum.

553 2458 592 2495 2.
624 2456 812 2494 Flebilem
842 2456 999 2493 multum
1029 2456 1208 2492 miserere
1239 2465 1402 2499 servum,

622 2514 753 2551 Mente
783 2517 1002 2559 corruptum
1034 2522 1210 2549 recreans
1241 2512 1447 2559 alumnum,

623 2570 682 2607 Sis
713 2580 855 2606 memor
887 2569 1028 2606 dudum
1059 2569 1129 2605 tibi
1160 2574 1371 2605 recreatum

771 2627 899 2673 Atque
930 2625 1180 2672 redemptum.

552 2719 591 2756 3.
625 2717 703 2754 Fac
732 2717 825 2754 mihi
855 2717 1016 2764 signum,
1048 2717 1109 2763 pie
1140 2726 1219 2765 rex,
1253 2715 1468 2763 benignum,

623 2774 721 2819 Quin
753 2778 787 2811 et
818 2773 1027 2820 indignum,
1060 2784 1162 2820 rogo,
1195 2773 1314 2810 redde
1346 2773 1511 2820 dignum,

625 2830 677 2868 Ut
708 2841 839 2868 canam
871 2830 1024 2867 laudum
1055 2829 1135 2879 tibi,
1171 2829 1334 2874 Christe,
1367 2834 1526 2865 metrum

775 2886 886 2924 Nunc
918 2890 952 2923 et
984 2887 1022 2923 in
1053 2897 1198 2925 aevum.
