2031 3289
880 201 1184 242 -498—

253 320 287 356 3.
334 316 479 356 Vultus
507 317 640 354 harum
671 316 796 352 lumen
827 326 955 353 carum
1073 318 1107 354 7.
1155 314 1210 354 Ut,
1240 316 1390 353 sodales
1422 316 1626 363 virginales

393 374 547 412 Habent
578 373 705 409 datum
738 372 907 418 caelitus,
1211 373 1351 410 Vivant
1382 373 1464 409 sine
1494 372 1651 411 crimine

338 429 572 477 Reginarum
603 429 670 466 has
702 432 917 466 sanctarum
1156 427 1234 468 Sub
1267 429 1409 466 Messia
1440 440 1522 466 cum
1553 430 1692 477 Maria,

395 486 538 524 Credas
570 496 652 523 esse
682 485 846 532 penitus.
1213 486 1386 533 Virgines
1417 496 1500 522 cum
1531 486 1689 533 virgine.
1758 506 1762 514 ‹

251 591 292 629 4.
339 586 469 627 Genus
499 588 576 625 tale
607 587 784 634 speciale,
1070 590 1105 626 8.
1154 585 1296 626 Coetus
1327 588 1398 624 iste
1426 587 1519 624 nihil
1550 588 1668 634 triste,

395 645 523 682 Genus
555 644 705 681 Christo
736 643 962 691 proximum,
1207 642 1313 681 Nihil
1345 644 1491 680 laevum
1524 644 1663 691 doleat,

339 700 410 738 Est
442 710 636 737 commune
666 700 747 750 tibi)
781 711 867 747 une,
1152 699 1374 749 Rectitudo‚
1407 700 1621 737 sanctitudo

395 758 577 794 Fructum
602 761 758 805 portans
779 757 995 795 maximum.
1211 757 1368 803 Semper
1400 757 1487 793 hinc
1517 757 1702 794 redoleat.

249 862 285 898 5.
333 858 504 897 Naevum
537 859 679 905 nescit,
719 870 805 895 nam
836 859 992 905 ignescit
1065 860 1102 897 9.
1149 856 1252 896 Aula
1283 859 1352 895 Dei
1385 858 1544 905 virginei

391 915 607 953 Caelibatus
637 915 770 963 gloria,
1207 915 1319 952 Chori
1351 920 1438 952 sunt
1469 919 1506 951 et
1536 915 1735 960 thalamus,

331 969 491 1019 Semper
521 975 683 1008 mentem
725 971 990 1018 gemiscentem
1148 970 1281 1009 Dictat
1320 982 1480 1018 namque
1521 971 1575 1008 sic
1609 975 1806 1018 utramque

388 1028 464 1066 Dat
495 1028 624 1075 sponsi
655 1028 847 1065 memoria.
1205 1028 1290 1067 Cito
1320 1028 1489 1065 scribens
1521 1028 1698 1066 calamus,

247 1132 284 1169 6.
329 1129 448 1168 Illum
480 1133 639 1176 spectat,
682 1129 746 1166 vix
778 1132 985 1179 exspectat,
1032 1130 1096 1168 10.
1142 1128 1270 1168 Verus
1299 1139 1458 1175 sponsus
1480 1139 1582 1166 nunc
1603 1128 1808 1166 absconsus

388 1187 440 1224 Ut
470 1190 615 1223 remoto
645 1186 799 1232 speculo
1203 1187 1247 1223 In
1280 1185 1374 1222 caeli
1406 1185 1547 1232 palatio

329 1242 461 1281 Bonae
492 1243 574 1289 spei
606 1241 717 1279 faciei
1144 1240 1294 1291 Servet‚
1328 1246 1446 1289 regat,
1479 1242 1545 1278 has
1576 1245 1751 1288 protegat

387 1299 674 1346 Contempletur
703 1299 824 1338 oculo.
1205 1299 1446 1337 Saeculorum
1479 1299 1615 1345 spatiO.

335 1399 552 1440 Engelhardt
583 1410 615 1440 p.
652 1396 716 1430 128
749 1399 788 1430 Α.
821 1416 865 1420 -
896 1398 1062 1430 Albrecht
1092 1410 1123 1441 p.
1158 1397 1233 1431 285.
1258 1400 1301 1432 B.
1336 1418 1378 1422 —
1403 1397 1434 1437 3,
1461 1397 1482 1430 3
1506 1398 1569 1430 hos
1594 1399 1634 1430 B.
1663 1415 1706 1420 -—
1731 1395 1763 1437 8,
1788 1395 1810 1430 3

243 1448 428 1486 utrumque
464 1445 534 1476 AB.
570 1461 615 1465 —-
651 1442 689 1483 9,
728 1442 748 1475 3
784 1447 880 1486 reget
915 1446 953 1476 B.
990 1461 1033 1465 —
1067 1444 1134 1476 Str.
1167 1443 1186 1475 7
1220 1444 1312 1476 steht
1345 1455 1390 1476 an
1427 1445 1549 1476 letzter
1582 1444 1710 1484 Stelle3
1745 1443 1807 1474 das

244 1490 497 1521 Akrostichon:
537 1488 1029 1532 „Hohenburgensibus
1067 1487 1329 1528 Con1·adus“‚
1371 1491 1470 1522 weist
1508 1490 1563 1521 ihr
1598 1489 1700 1521 indes
1740 1488 1808 1520 den

243 1535 419 1577 richtigen
442 1535 543 1566 Platz
569 1545 613 1566 an
638 1534 753 1566 hinter
778 1535 845 1566 Str.
871 1532 902 1567 6.
949 1535 998 1566 Es
1024 1535 1167 1567 beweist
1192 1534 1300 1574 auch,
1337 1535 1412 1567 dass
1439 1536 1512 1567 dies
1539 1534 1687 1567 Gedieht
1713 1534 1810 1566 nicht

244 1591 348 1620 von,
375 1581 523 1612 sondern
548 1581 620 1612 fiir
648 1581 778 1612 Herrat
801 1580 1028 1622 geschrieben
1044 1581 1100 1612 ist.

491 1735 573 1772 342.
609 1737 667 1779 (5.)
702 1736 803 1771 Item
826 1736 1049 1781 Rhythmus
1074 1737 1122 1771 de
1147 1737 1284 1771 Monte
1311 1737 1571 1772 Hohenburc.

884 1805 1080 1848 (Appendix
1104 1807 1161 1846 II).

243 1899 276 1936 1.
325 1897 441 1935 Hunc
463 1898 512 1934 ad
535 1901 698 1934 montem
721 1897 821 1935 vitae
844 1896 985 1935 fontem
1058 1899 1096 1936 4.
1144 1895 1285 1935 Cantus
1327 1897 1464 1945 suavis,
1504 1901 1631 1945 gestus
1663 1897 1803 1946 gravis,

382 1954 581 1992 Derivavit
611 1954 746 2002 gratia,
1198 1954 1338 1991 Modus
1368 1954 1577 2000 pudicitiae

324 2010 539 2056 Ubertatis‚
573 2010 760 2048 castitatis
1141 2009 1334 2048 Eternalis
1364 2010 1507 2057 absque
1539 2010 1647 2048 malis

383 2069 558 2106 Irrorans
589 2067 742 2107 solacia.
1198 2066 1314 2113 Signa
1344 2071 1431 2104 sunt
1460 2067 1643 2108 laetitiae,

239 2168 277 2209 2.
327 2167 467 2208 Gaude
497 2170 610 2217 laeta,
643 2173 754 2206 canta
784 2173 904 2217 sueta,
1061 2172 1097 2207 5.
1145 2168 1264 2216 Regis
1294 2173 1406 2206 natae
1438 2170 1492 2205 sic
1521 2172 1676 2206 ornatae

383 2225 530 2271 Gaude,
565 2225 699 2263 cohors
729 2225 928 2273 virginum,
1202 2225 1297 2262 Sunt
1326 2225 1373 2262 ab
1404 2226 1505 2262 intus
1536 2226 1719 2272 singulae,

325 2280 432 2320 Ordo
464 2283 569 2320 cuius
599 2286 708 2320 ornat
740 2282 849 2318 huius
1144 2281 1245 2319 Dant
1278 2280 1446 2319 fimbrias
1478 2286 1567 2318 tunc
1597 2293 1731 2319 aureas

383 2338 507 2376 Saecli
544 2338 789 2376 domicilium.
1201 2338 1311 2375 Nunc
1342 2338 1548 2376 absconsae
1579 2340 1802 2386 gemmulae.

240 2442 276 2478 3.
323 2438 445 2477 Sacer
473 2440 608 2489 cultus,
651 2440 812 2487 simplex
846 2440 982 2486 vultus,
1057 2442 1094 2479 6.
1142 2438 1173 2477 0
1205 2450 1291 2486 spes
1323 2444 1438 2484 certa,
1471 2450 1566 2487 quae
1594 2446 1729 2486 operta

380 2496 494 2534 Casta
524 2507 629 2534 mens
661 2501 698 2533 et
728 2497 894 2545 humilis,
1197 2497 1304 2533 Licet
1332 2497 1380 2533 sit
1411 2497 1448 2533 in
1480 2497 1650 2545 speculo,

324 2551 512 2603 Amatori,
547 2553 733 2591 servatori
1140 2551 1328 2600 Sponsum
1350 2553 1482 2598 Deum,
1506 2563 1631 2600 regem
1656 2563 1798 2604 verum,

382 2610 532 2647 Christo
563 2614 619 2646 est
650 2609 838 2647 amabilis.
1197 2609 1384 2646 Videbitis
1412 2610 1534 2647 oculo.

327 2710 546 2751 Engelhardt
574 2722 605 2752 p.
634 2708 708 2741 131.
733 2710 773 2741 A.
800 2727 841 2731 —
867 2709 1033 2741 Albrecht
1057 2720 1088 2751 p.
1115 2707 1181 2741 285
1208 2711 1246 2742 13.
1271 2727 1314 2731 —«
1338 2708 1370 2749 2,
1395 2708 1416 2741 2
1441 2710 1561 2742 Gaude
1589 2709 1675 2742 fehlt
1700 2711 1738 2741 A.
1758 2727 1798 2731 —

237 2753 268 2793 ὅ,
305 2754 317 2786 1
355 2760 437 2787 sunt
471 2759 613 2787 ornatae
646 2757 683 2787 B.
710 2773 753 2776 --
777 2753 808 2793 5,
837 2753 857 2786 2
883 2755 940 2787 Sic
964 2756 1007 2787 ab
1033 2756 1127 2786 intus
1155 2756 1193 2786 13.
1219 2771 1261 2776 -—
1287 2756 1360 2787 Das
1387 2755 1622 2787 Akrostiehon
1650 2756 1799 2797 „Hugo

237 2800 403 2832 Sacerd
418 2800 481 2832 os“
510 2801 663 2840 beweist,
689 2800 766 2832 dass
791 2800 879 2833 auch
904 2800 978 2832 dies
997 2801 1084 2832 Lied
1101 2800 1170 2832 fiir
1188 2801 1318 2833 Herrat
1334 2800 1575 2843 geschrieben‚
1602 2800 1699 2832 nicht
1715 2811 1799 2832 von

237 2845 290 2876 ihr
315 2846 460 2877 versasst
484 2846 612 2878 wurde.
