1914 3223
772 141 1079 180 —245—

195 256 267 293 6a.
316 255 369 294 Ut
401 254 511 292 matri
544 254 763 292 coniunctos
983 291 988 296 ,
1016 255 1092 293 61).
1139 255 1198 307 Ac
1228 254 1334 301 pacis
1365 258 1542 292 aeternae

317 311 526 349 catholicae
915 351 919 357 .
1136 311 1355 348 consocians

316 367 555 414 omnipotens
1134 368 1290 405 visionis

314 422 411 461 filios
443 422 558 460 faeiat
587 423 626 460 in
1135 424 1303 461 coetibus
1334 423 1515 471 angelicis

309 480 547 517 Hierusalem
1137 481 1343 518 coheredes

310 537 410 574 celsa
441 536 624 574 iucundos
1137 548 1218 574 esse
1247 537 1402 576 tribuat.

195 617 264 655 7a.
310 616 433 653 Amen
465 620 502 652 et
532 618 668 664 Amen,
1016 616 1089 654 7b.
1135 616 1223 654 Fiat
1254 621 1291 653 et
1318 616 1395 653 fiat.

194 696 266 735 83.
313 696 343 734 O
375 695 510 740 sancti,
1015 695 1087 734 81).
1135 695 1312 733 Salvator

309 752 403 789 haec
435 752 566 789 domus
1131 752 1202 789 hoc
1233 752 1341 789 nobis

309 820 468 855 quorum
494 814 600 846 artus
632 809 812 858 continet,
1133 809 1309 855 precibus·
1343 808 1479 845 vestris
1511 808 1638 856 donet,

192 890 264 925 93.
310 888 417 934 Quod
448 888 563 925 nullis
598 888 744 925 meritis
1014 889 1089 927 9b.
1136 890 1189 928 Ut
1220 893 1312 935 puta
1343 888 1407 935 qui
1438 892 1539 924 terra

309 945 552 992 cognovimus
1130 956 1257 982 sumus
1288 951 1401 992 atque

307 1012 374 1038 nos
405 1001 543 1038 mereri
574 1002 754 1051 propriis,
1133 1002 1331 1039 tabescens
1364 1001 1470 1041 cinis.

229 1092 332 1132 Trop.
366 1100 426 1121 ms.
454 1091 684 1133 Sangallense
719 1101 808 1123 saec.
837 1089 888 1124 10.
938 1092 1022 1124 Cod.
1050 1092 1250 1135 Sangallen.
1284 1089 1360 1123 381.
1394 1090 1471 1122 add.
1506 1101 1595 1122 saec.
1624 1089 1710 1122 Ulia.

138 1136 179 1168 A.
204 1155 247 1160 —
276 1137 378 1177 Trop.
407 1147 468 1167 ms.
495 1137 725 1178 Sangallense
758 1147 847 1169 saec.
885 1135 936 1169 10.
994 1138 1078 1170 Cod.
1112 1137 1313 1178 Sangallen.
1347 1134 1426 1168 378.
1460 1137 1499 1167 Β.
1531 1154 1572 1157 -—
1605 1137 1711 1178 Trop.

136 1192 199 1213 ms.
227 1182 455 1224 Sangallense
481 1192 571 1213 saec.
599 1180 650 1213 10.
701 1183 784 1215 Cod.
811 1183 1011 1225 Sangallen.
1037 1181 1114 1215 380.
1141 1184 1179 1215 C.
1196 1201 1240 1206 —-
1264 1183 1367 1223 Trop.
1394 1192 1456 1213 ms.
1483 1181 1711 1223 Sangallense

137 1236 226 1259 saec.
255 1225 342 1258 ¹⁰!11.
384 1227 466 1259 Cod.
495 1228 694 1269 Sangallen.
725 1226 802 1260 382.
828 1229 871 1260 D.
906 1246 948 1250 —
982 1229 1087 1270 Trop.
1116 1239 1178 1260 1115.
1206 1228 1435 1270 Sangallense
1461 1238 1549 1259 saec.
1580 1226 1629 1259 11.
1664 1228 1710 1258 111.

139 1272 223 1305 Cod.
250 1273 450 1314 Sangallen.
476 1270 553 1305 376.
579 1273 621 1304 E.
641 1290 686 1295 —
711 1274 790 1316 Seq.
817 1285 878 1305 ms.
898 1273 1126 1316 Sangallense
1152 1275 1235 1305 anni
1264 1271 1360 1305 1507.
1401 1273 1484 1305 Cod.
1510 1273 1710 1315 Sangallen.

135 1318 317 1358 (Bi-ander)
350 1317 426 1349 546.
454 1319 490 1350 F.
530 1336 569 1340 -
607 1319 713 1360 Trop.
746 1330 808 1350 ms.
841 1320 1024 1351 Mindense
1049 1321 1131 1350 anni
1161 1317 1257 1350 1024.
1295 1319 1378 1350 eod.
1406 1319 1604 1350 Beroliuen.
1630 1319 1710 1350 1V.0

138 1362 189 1395 11.
210 1364 251 1396 G.
270 1381 313 1385 —
338 1365 436 1395 Miss.
466 1374 529 1395 me.
555 1365 787 1396 Murbacense
812 1375 902 1396 saec.
933 1362 982 1396 13.
1034 1365 1117 1397 cod.
1143 1364 1352 1396 Colmarien.
1378 1362 1455 1396 444.
1483 1365 1526 1395 H.

229 1407 292 1449 31),
319 1407 340 1441 3
365 1410 450 1440 facit
475 1410 520 1441 H.
549 1427 590 1430 —
616 1408 679 1448 8b‚
706 1408 727 1442 3
751 1411 882 1442 nostris
908 1410 1081 1442 ABCEH.
1107 1427 1150 1431 —
1176 1407 1196 1441 9
1222 1420 1253 1447 3,
1279 1408 1299 1441 3
1325 1421 1398 1451 sqq.
1425 1409 1541 1441 fehlen
1567 1411 1604 1441 B.

457 1554 538 1590 185.
573 1555 631 1596 (2.)
670 1555 819 1591 Versus
845 1555 896 1590 ad
919 1564 1056 1598 regem
1085 1555 1395 1599 suscipiendum.

372 1650 455 1687 Rex
489 1649 701 1699 benedicte,
734 1649 831 1694 veni,
865 1650 991 1686 visens
1022 1649 1241 1687 habitacula
1272 1649 1387 1698 Galli,

429 1706 576 1744 Otmari
604 1707 714 1743 tectis
745 1706 968 1753 accipiende
1000 1707 1132 1744 sacris.

374 1763 483 1800 Istud
515 1767 732 1800 sanctorum
765 1764 959 1800 concludit
990 1763 1094 1800 milia
1124 1762 1320 1811 templum,

427 1820 546 1866 Quam
579 1819 732 1857 subiens
763 1820 897 1857 aedem
927 1819 1138 1868 experiaris
1168 1817 1291 1866 opem'.

318 1879 339 1915 5
373 1876 518 1923 Iugiter
548 1877 622 1913 ista
653 1877 730 1914 suis
762 1881 800 1914 te
831 1881 957 1914 servet
987 1876 1100 1913 turba
1130 1876 1199 1913 sub
1231 1876 1314 1923 alis,

430 1933 544 1971 Cuius
575 1933 754 1981 reliquias
786 1934 879 1971 haec
909 1937 1015 1970 tenet
1045 1934 1132 1970 aula
1163 1933 1258 1980 pias.

375 1988 539 2027 Francia
570 1995 606 2027 te
636 1991 782 2038 suevis,
814 2002 835 2028 o
867 2001 947 2038 rex,
981 1990 1122 2027 direxit
1152 1990 1312 2038 alendis,

428 2047 510 2084 Iam
540 2057 705 2093 pecuare
734 2051 838 2084 tuum
870 2058 985 2094 pasce
1017 2047 1082 2084 diu
1114 2047 1280 2086 viduum.

372 2102 535 2140 Noricus
567 2108 603 2140 et
636 2104 806 2151 Sclavus,
841 2104 1043 2151 Bemanus‚
1077 2104 1189 2150 Saxo,
1221 2103 1408 2150 Toringus

290 2160 341 2198 10
432 2159 556 2197 Corde
587 2166 740 2197 manent
771 2161 889 2198 alacri
920 2166 957 2197 te
990 2160 1207 2197 dominante
1238 2160 1304 2198 tui.

372 2216 563 2254 Occiduae
594 2222 736 2266 gentes,
770 2218 971 2266 Hispania,
1005 2217 1132 2254 Gallia
1162 2217 1303 2263 triplex

430 2272 478 2310 Se
509 2274 687 2311 studeant
718 2285 883 2321 propere
912 2274 981 2311 sub
1013 2279 1078 2311 tua
1108 2278 1260 2319 sceptra
1292 2274 1396 2311 dare.

373 2330 509 2367 Italiae
539 2331 703 2377 populus
735 2331 886 2368 diverso
918 2333 1099 2377 sanguine
1130 2331 1270 2366 mixtus

392 2400 395 2401 ⁷
428 2387 491 2424 Ad
523 2392 560 2425 te
590 2387 792 2434 pigmentis
823 2388 1066 2434 palliolisque
1096 2392 1194 2424 ruat.

290 2443 339 2481 15
373 2442 513 2490 Ebrus,
546 2443 826 2487 Thermoodon,
859 2444 1001 2489 Thrax,
1034 2443 1198 2489 Nuchul,
1232 2441 1428 2485 Bosforus
1464 2440 1584 2480 Ufens

431 2500 589 2537 Sumant
620 2501 786 2537 maxillis
814 2501 887 2538 iam
919 2505 983 2538 tua
1015 2499 1125 2537 frena
1156 2500 1245 2536 suis.

371 2556 454 2593 Hos
484 2557 586 2594 inter
615 2557 777 2604 populos
807 2557 929 2594 nostri
959 2558 1151 2598 miserere,
1186 2555 1422 2603 monarchos,

431 2612 690 2651 Commonitus
721 2612 798 2650 fido
827 2625 850 2651 3
881 2613 1081 2651 Salomone
1112 2620 1187 2649 tuo.

370 2668 460 2706 Fias
492 2669 666 2716 placatus
698 2669 806 2706 nobis
837 2680 1065 2716 maneasque
1097 2670 1285 2712 misertus,

286 2727 339 2764 20
428 2727 527 2772 Quos
556 2726 673 2772 stirps
705 2726 919 2763 Scottorum
953 2727 1071 2763 suasit
1101 2727 1139 2762 in
1171 2725 1268 2763 hanc
1299 2736 1476 2764 eremum.

226 2826 331 2868 Trop.
368 2836 430 2857 ms.
458 2825 688 2866 Sangallense
714 2835 803 2858 saec.
833 2823 883 2858 10.
932 2825 1014 2857 Cod.
1040 2826 1241 2868 Sangallen.
1268 2823 1345 2858 381.
1370 2843 1414 2847 —
1441 2824 1482 2859 10
1506 2826 1706 2858 dominante

137 2871 202 2903 sui.
228 2887 271 2892 —
298 2871 404 2913 „Item
431 2870 717 2903 Waldrammi
743 2871 785 2903 de
811 2882 879 2912 quo
905 2868 1044 2914 supra“.
