1914 3223
754 148 1062 187 —253—

203 258 229 298 1,
255 257 276 291 2
293 260 470 292 Turbatus
490 261 532 292 D.
551 277 595 281 —
617 261 724 301 „Item
745 260 944 292 eiusdem
963 261 1005 293 de
1024 261 1142 293 eadem
1161 259 1386 297 festivitate“.
1407 262 1447 293 Α.
1466 280 1507 283 —
1529 262 1679 301 „Versus

93 305 147 338 ‘in
184 305 373 347 epiphania
405 306 549 337 Domini
586 309 666 337 ante
700 305 942 347 evangeliumf‘
980 308 1028 341 D:
1071 306 1158 338 anch
1194 308 1229 338 in
1261 307 1364 349 Trop.
1398 318 1460 338 ms.
1497 307 1679 338 Mindense

109 361 198 383 saec.
234 350 282 382 11.
316 352 362 382 in.
396 351 478 381 Cod.
509 350 817 391 Guelfenbyteran.
853 350 940 383 1110
965 351 1126 391 (Hulmst.
1157 350 1256 392 1008)
1288 354 1350 384 mit
1382 352 1443 384 der
1469 352 1674 384 Aufscln-ift:

111 397 217 438 „Item
244 406 363 428 versus
389 396 590 427 eiusdem
616 396 707 427 unde
732 394 871 438 supra“.

224 540 302 576 191.
340 541 397 583 (4.)
431 540 533 575 Item
558 540 733 576 eiusdem
759 541 809 576 ad
837 542 1143 577 Processionem
1170 542 1309 578 (liebus
1335 542 1561 579 (lominicis.

315 633 377 672 ΗΟ
409 635 553 671 Humili
586 645 698 681 prece
730 639 767 672 et
799 636 948 673 sincera
980 636 1182 673 devotione

481 692 543 729 Ad
575 697 612 728 te
644 692 852 729 clamantes
884 703 1035 739 semper
1065 693 1203 730 exaudi
1239 704 1319 730 noS.

250 795 284 832 1.
319 795 492 831 Summus
524 796 561 830 et
591 794 830 840 omnipotens
863 794 1024 842 genitor,
1058 795 1122 841 qui
1155 799 1290 832 cuncta
1322 796 1471 843 creasti,

368 851 558 887 Aeternus
591 850 766 887 Christus
798 850 898 887 filius
930 856 1043 897 atque
1073 851 1190 896 Deus,

314 907 394 943 Nec
428 918 501 944 non
533 905 776 944 sanctificans
809 907 1036 952 dominator,
1070 908 1229 954 spiritus
1261 908 1381 945 almus

374 963 493 1001 Unica
524 964 701 1001 maiestas
733 964 909 1011 trinaque
930 965 1011 1001 sola
1044 965 1127 1003 Dei.

246 1067 284 1105 2.
318 1067 406 1112 Ipsa
437 1066 509 1103 Dei
540 1066 725 1113 genetrix,
758 1067 977 1113 reparatrix
1009 1067 1142 1103 inclita
1173 1067 1315 1115 mundi,

369 1124 471 1170 Quae
503 1123 706 1160 Dominum
738 1128 842 1160 casto
874 1134 1033 1170 corpore
1065 1124 1282 1170 concipiens

314 1181 505 1226 Perpetua.
536 1190 686 1228 semper
722 1180 851 1217 radias
884 1192 967 1218 cum
1000 1180 1235 1227 virginitate,

370 1237 552 1292 Indignos
584 1235 759 1283 famulos,
793 1237 898 1284 virgo
930 1237 1067 1281 Maria,
1100 1241 1182 1274 tuos
1214 1259 1270 1262 —

250 1340 286 1377 3.
320 1339 495 1385 Angelici
526 1348 718 1385 procereS,
751 1338 940 1376 caelorum
974 1338 1163 1374 exercitus
1194 1339 1315 1375 omnis

370 1396 538 1432 Aeterno
570 1405 721 1441 semper
752 1395 893 1431 lumine
926 1395 1164 1442 conspicuus,

313 1452 476 1499 Agmine
505 1457 563 1488 ter
594 1453 694 1488 trino
726 1462 864 1498 supero
896 1462 966 1498 per
996 1451 1124 1489 sidera
1155 1461 1271 1498 regno

370 1509 565 1546 Laudibus
595 1513 789 1546 aeternum
824 1508 1094 1545 concelebrans
1126 1508 1341 1556 Dominum,
1374 1530 1428 1534 —

249 1614 285 1649 4.
320 1612 455 1648 Petrus
487 1621 570 1647 cum
602 1610 733 1656 Paulo,
766 1610 932 1648 Thomas
965 1620 1047 1646 cum
1079 1610 1373 1647 Bai-tholomaeo

370 1668 420 1705 Et
452 1667 613 1704 Iacobus
644 1667 786 1703 sanctis
818 1677 886 1703 nos
917 1667 1087 1703 relevent
1118 1667 1310 1713 precibus,

313 1724 502 1772 Andreas,
536 1724 742 1773 Mattheus,
777 1723 973 1761 Barnabas
1004 1728 1117 1770 atque
1149 1724 1347 1773 Iohannes,

371 1781 570 1827 Matthias,
598 1780 734 1827 Lucas,
768 1781 924 1817 Marcus
956 1784 992 1816 et
1024 1781 1220 1818 altisonus.

255 1888 291 1922 5.
327 1883 466 1921 Coetus
498 1883 729 1930 apostolicus
762 1883 938 1920 duodeno
970 1883 1095 1919 sidere
1128 1886 1310 1930 comptus,

370 1940 563 1987 Propitius
596 1945 750 1977 cunctos
781 1944 939 1987 protege
970 1950 1037 1976 nos
1070 1938 1246 1987 famulos,

312 1998 376 2043 Et,
409 2008 501 2043 quos
532 1997 763 2043 multiplices
794 1997 966 2033 lacerant
997 2007 1066 2042 per
1097 1996 1257 2033 crimina
1289 2000 1429 2043 pestes,

372 2055 534 2092 Peccata
564 2053 767 2091 absolvens
799 2052 861 2090 fac
891 2053 990 2090 bona
1022 2056 1158 2089 cuncta
1188 2054 1306 2099 sequi.

252 2158 288 2195 6.
322 2156 434 2193 Nunc
465 2157 693 2202 Stephanus,
725 2156 857 2205 Linus,
892 2155 1067 2193 Clemens
1098 2155 1308 2192 Anaclctus
1339 2161 1376 2191 ct
1407 2156 1528 2192 almus

369 2213 526 2260 Xystus,
559 2213 783 2250 Alexander
815 2213 1089 2258 Corneliusque
1120 2213 1221 2259 pius,

314 2270 561 2318 Hippolytus,
594 2270 718 2316 Vitus,
750 2269 980 2306 Laurentius
1012 2275 1125 2315 atque
1159 2269 1359 2306 Modestus

372 2327 713 2374 chrysogonusque
741 2326 826 2373 pius
858 2337 924 2362 nos
956 2325 1173 2362 miserando
1204 2326 1346 2365 iuvent.

252 2429 286 2466 7.
320 2429 350 2466 Ο
382 2439 447 2465 vos
478 2429 662 2476 martyrio
696 2429 867 2465 decorati
897 2428 935 2464 in
967 2428 1117 2464 nomine
1151 2427 1295 2465 Christi

376 2486 580 2531 conspicui
611 2489 740 2531 testes,
775 2484 958 2532 purpurei
988 2495 1178 2531 proceres,

317 2541 386 2587 Qui
419 2542 518 2578 bello
551 2542 682 2578 invicti
713 2541 923 2587 superastis
955 2541 1148 2578 daemonis
1180 2542 1270 2587 iras,

374 2598 599 2644 Conspirata
631 2609 762 2634 manus
794 2598 945 2634 vincere
977 2602 1097 2634 morte
1129 2598 1262 2634 minas.

254 2699 291 2738 8.
325 2699 520 2747 silvester,
554 2698 754 2742 Damasus,
787 2697 995 2744 Gregorius
1027 2697 1338 2744 Ambrosiusque,

378 2755 558 2800 Hilarius,
592 2755 704 2801 Zeno,
737 2754 928 2791 Maximus
961 2761 1075 2801 atque
1108 2754 1197 2801 Leo,

317 2811 522 2857 Martinus,
557 2810 750 2859 Proculus,
785 2810 986 2848 Caesarius
1018 2811 1278 2858 Eusebiusque

376 2869 491 2905 Orent
524 2879 594 2915 pro
625 2867 764 2904 nostris
796 2867 1016 2905 criminibus
1049 2868 1177 2905 variis.
