2031 3289
39 189 45 200 -
40 0 51 130 22<nw

29 635 42 1030 «ἔπι-«τῄΙτ-*Δ-ῑμμκ
34 559 43 599 ,ἓν
39 516 43 529 ,

27 1131 38 1151 ⁷2-
28 1031 39 1089 ff:-

2022 413 2028 478 1

2022 495 2026 546 l

408 295 472 333 29.
504 294 558 332 Ut
588 294 658 331 tibi
687 298 815 331 tantae
1220 295 1285 333 30.
1317 293 1371 332 Ut
1400 294 1470 331 tibi
1500 297 1635 339 tecum,

504 351 652 398 Virgini
683 356 837 388 sanctae
1320 351 1422 388 Sicut
1454 354 1511 387 est
1541 361 1711 397 aequum,

562 407 885 456 Complaeeamus,
1375 407 1700 455 Congratulemur,

506 463 557 501 Ut
587 464 641 500 tui
672 464 751 500 nati
1320 463 1369 501 Ut
1402 463 1482 500 sine
1512 463 1657 511 nebula„

503 521 634 567 Regna
664 520 765 557 beati
1320 519 1471 557 Christo
1502 530 1570 566 per
1602 518 1753 556 saecula

561 577 841 623 Possideamus,
1380 576 1678 623 Congloriemur.

966 656 1137 704 Explicit
1166 656 1367 694 Introitus.
2020 617 2031 721 {5

474 769 667 816 Incipit
708 769 1072 807 commendatio
1111 772 1157 806 et
1195 768 1653 806 commendationis
1695 768 1872 806 oratio.

597 847 737 894 Incipit
767 858 786 884 e
815 847 932 884 caelis
962 848 1084 885 oratio
1115 847 1224 894 lapsa
1254 846 1390 891 fidelis,

659 905 733 943 Cor
764 904 907 941 faciens
938 904 1077 950 alacre,
1110 904 1191 940 laus
1224 914 1331 940 sacra
1361 904 1517 950 lausque
1547 914 1688 950 sacrae,
2018 904 2031 953 5'.

595 960 695 997 Laus
727 961 972 1007 genetrixque
1003 960 1087 1008 Dei,
1120 971 1228 997 sacra
1256 971 1406 1007 semper
1435 961 1540 1007 virgo
1571 961 1708 1009 Maria,

651 1017 762 1054 Nunc
789 1021 838 1066 et,
873 1018 992 1065 virgo,
1024 1017 1098 1054 mei
1131 1018 1218 1066 dux,
1252 1028 1400 1065 precor,
1432 1021 1511 1054 esto
1542 1017 1618 1064 pia.
2017 1022 2031 1082 5

812 1096 984 1143 Explicit
1013 1096 1360 1134 cowmiewdationis
1388 1096 1524 1135 oratio.

674 1209 871 1256 Incipit
909 1209 1096 1246 titulus
1137 1209 1188 1246 in
1228 1209 1383 1256 primo
1425 1209 1665 1255 capitulo.

594 1290 624 1328 Ο
656 1289 755 1336 regis
783 1289 988 1336 speculum,
1023 1289 1137 1326 decus
1166 1299 1275 1326 omne
1304 1288 1488 1336 iubarque
1519 1299 1645 1335 suave,

652 1347 781 1392 Virgo,
815 1346 892 1392 poli
924 1346 1130 1395 speculum,
1165 1345 1259 1382 lueis
1291 1350 1327 1381 et
1358 1346 1474 1393 orbis,
1506 1357 1587 1387 ave.
1620 1375 1624 1378 .

594 1402 728 1440 Gratia
759 1401 974 1449 glorificans
1006 1406 1184 1449 actorem,
1217 1402 1306 1449 quid
1336 1413 1442 1450 mage
1474 1401 1617 1440 conor?

651 1459 841 1497 Christum
872 1458 1116 1505 magnificans
1145 1459 1277 1505 gloria,
1310 1459 1391 1495 laus
1423 1463 1459 1495 et
1490 1460 1620 1507 honor,
2011 1461 2028 1510 5*

594 1516 696 1564 Vita,
729 1516 832 1552 salus
863 1515 977 1559 orbis,
1009 1514 1194 1552 confectio
1227 1526 1390 1562 congrua
1422 1516 1574 1561 morbis,

653 1573 822 1618 Quantus
855 1572 973 1609 honos
1002 1572 1213 1609 hominum!
1247 1573 1354 1619 virgo
1385 1573 1488 1618 parit
1520 1573 1732 1611 Dominum.
2009 1575 2012 1598 ³

595 1630 649 1666 Te
680 1639 770 1676 rogo
801 1633 925 1665 mente
952 1628 1026 1675 pia,
1061 1629 1150 1665 mihi
1183 1628 1287 1675 virgo
1318 1630 1469 1666 medere
1499 1630 1624 1667 Maria

649 1686 699 1723 Et
729 1686 910 1722 miserere
941 1686 1014 1721 mei
1045 1696 1194 1731 semper
1224 1696 1350 1722 amore
1382 1686 1450 1722 Dei

595 1742 737 1792 Daque,
772 1753 840 1788 per
872 1742 942 1779 hoc
976 1753 1108 1778 munus
1141 1743 1230 1778 1111111
1263 1741 1325 1778 1131
1358 1743 1479 1779 trinus
1511 1747 1547 1778 et
1577 1754 1672 1779 unus

652 1799 704 1835 Et
735 1799 879 1836 caelum
912 1796 1133 1849 1110111051),
1167 1809 1233 1836 rex
1267 1799 1347 1835 sine
1378 1798 1450 1835 fine
1481 1799 1577 1845 pius.

595 1857 624 1894 Ο
655 1856 732 1900 lux,
766 1867 787 1892 0
818 1856 976 1904 species,
1010 1857 1199 1902 specimen
1232 1855 1375 1902 speculi
1407 1856 1584 1902 speciale,

651 1913 747 1959 Lux,
781 1913 841 1949 via
872 1923 1045 1959 spesque,
1081 1913 1172 1962 dies,
1206 1913 1318 1948 stella
1348 1913 1505 1959 marina,
1539 1913 1642 1949 vale!

598 1970 748 2017 Munus,
782 1970 899 2016 virgo,
930 1979 1083 2015 precum
1117 1969 1267 2007 Christo
1298 1969 1406 2005 simul
1439 1968 1553 2005 offero
1584 1973 1720 2016 tecum,

655 2026 878 2073 Contiguum
911 2026 1016 2063 laudi
1048 2031 1088 2063 111
1119 2026 1281 2072 suscipe,
1315 2026 1428 2073 mitis,
1464 2030 1500 2062 et
1531 2026 1632 2064 audi.

1003 2105 1174 2154 Explicit
1203 2105 1348 2143 titulus.

639 2274 721 2309 289.
759 2273 819 2316 (2.)
855 2273 1002 2318 Incipit.
1029 2274 1238 2318 Speculum
1263 2273 1440 2316 Reginae
1467 2273 1691 2309 Caelorum.

411 2370 446 2406 1.
479 2369 508 2406 O
539 2369 676 2417 Maria,
711 2369 817 2416 virgo
847 2369 923 2418 pia,
1224 2371 1259 2406 3.
1294 2370 1336 2406 111
1370 2379 1428 2404 1110
1460 2373 1576 2413 verte,
1609 2369 1646 2405 in
1678 2378 1736 2404 me
1767 2366 1825 2404 fer
1855 2371 1891 2404 te

534 2426 648 2472 Virgo
679 2429 800 2462 mater
830 2425 994 2473 Domini,
1350 2424 1570 2461 Refundens
1602 2424 1852 2472 clementiam,

479 2482 604 2518 Mater
635 2483 709 2527 dia,
743 2482 842 2519 vitae
873 2482 945 2526 via,
1294 2480 1511 2530 inferendo,
1543 2480 1779 2518 infundendo

535 2538 634 2576 Data
665 2537 757 2576 felix
788 2539 944 2582 homini,
1350 2538 1506 2575 Veniam
1538 2542 1575 2574 et
1604 2537 1776 2583 gratiam.
1994 2558 1996 2584 Ι

409 2631 444 2667 2.
480 2630 602 2676 Supra
633 2640 753 2666 rosam
786 2629 995 2676 speciosam
1223 2632 1258 2667 4.
1292 2629 1321 2667 Ο
1353 2628 1528 2677 benigna,
1561 2628 1642 2665 Deo
1674 2628 1799 2675 digna,
1992 2586 1996 2631 Ι

536 2687 669 2723 Vultus
701 2687 754 2723 tui
787 2684 936 2728 faciem,
1350 2686 1476 2732 ansu
1508 2686 1614 2732 lapso
1646 2685 1764 2722 veteri
1992 2683 1994 2695 '

478 2742 704 2791 Gratiosam‚
736 2743 936 2790 glorIOSam
1292 2743 1476 2779 Miserere
1507 2748 1542 2778 et
1575 2742 1724 2778 medere

533 2799 732 2836 Oculorum
765 2800 897 2846 aciem,
1348 2799 1543 2836 Medicina
1575 2798 1700 2836 celeri.

485 2910 510 2951 ¹)
535 2913 627 2952 pilus
654 2913 716 2943 lis.
