1914 3223
730 166 783 170 —
843 144 896 182 :39
955 165 1009 171 —

382 259 417 304 7,
479 257 535 294 Tu
565 257 669 304 mihi,
703 257 867 303 Christe,
900 256 1071 294 columba
1104 262 1251 304 potens,

480 313 666 360 sanguine.
698 318 806 359 pasta
840 313 898 350 cui
930 314 1031 350 cedit
1063 313 1154 363 avis,

476 370 532 406 Tu
563 370 694 406 niveus
726 380 795 416 per
825 370 923 406 ovile
955 376 1056 417 tuum

481 430 611 473 Agnus
644 426 747 463 hiare
780 427 906 472 lupum
939 426 1119 472 prohibes

479 482 556 521 Sub
587 483 674 529 iuga
704 482 855 530 tigridis
886 494 953 519 ora
984 493 1171 528 premens,

383 593 419 630 8.
479 591 551 637 Da,
583 590 752 636 locuples
783 589 896 638 Deus,
930 589 999 625 hoc
1031 587 1180 626 famulis

478 647 566 684 Rite
595 642 853 692 precantibus.
885 651 925 682 ut
958 645 1059 682 tenui

478 702 653 740 Membra
686 702 769 739 cibo
802 707 972 739 recreata
1004 702 1143 748 levent,

480 760 563 796 Neu
593 759 702 806 piger
731 759 944 796 immodicis
977 758 1138 805 dapibus

481 817 637 853 Viscera
670 822 775 853 tensa
807 820 939 863 gravet
971 815 1199 852 stomachus.

384 925 421 964 9.
482 925 649 962 Haustus
680 934 830 961 amarus
862 922 994 960 abesto
1025 923 1168 970 procul,

482 981 539 1018 Ne
569 980 685 1017 libeat
719 981 887 1027 tetigisse
918 990 1030 1017 manu
1196 974 1199 977 ⁴

480 1037 650 1075 Exitiale
681 1037 772 1084 quid
805 1042 869 1074 aut
900 1037 1070 1081 vetitum,

482 1094 623 1132 Gustus
655 1099 691 1130 et
729 1094 810 1140 ipsc
842 1094 993 1130 modum
1025 1097 1164 1137 teneam

483 1151 650 1198 Sospitet
683 1155 721 1187 ut
754 1151 858 1186 iecur
887 1150 1087 1187 incolume.

357 1260 420 1297 10.
483 1258 606 1296 Credo
637 1258 822 1305 equidem,
856 1267 976 1305 neque
1007 1267 1103 1293 vana
1133 1255 1241 1302 fides,

482 1315 651 1363 Corpora
683 1315 811 1351 vivere
842 1324 945 1351 more
975 1314 1144 1359 animae;

482 1371 579 1409 Nam
613 1372 724 1408 modo
755 1381 977 1418 corporeum
1008 1368 1161 1406 memini

484 1428 541 1466 De
574 1429 823 1475 Phlegetonte
853 1427 974 1474 gradu
1008 1425 1113 1463 facili

482 1485 544 1522 Ad
577 1495 734 1532 superos
765 1494 954 1521 remeasse
987 1483 1122 1520 Deum.

188 1593 291 1634 Trop.
319 1603 379 1624 ms.
406 1591 665 1624 Cremifanense
690 1602 779 1624 saec.
808 1588 859 1623 12.
901 1591 982 1623 Cod.
1012 1589 1231 1623 Cremifanen
1256 1584 1332 1619 309.
1357 1603 1401 1607 —-
1425 1586 1456 1627 2,
1485 1587 1500 1620 1
1521 1588 1600 1619 Hie.

99 1636 131 1676 4,
156 1636 176 1669 5
202 1648 360 1679 superna.
386 1655 428 1659 —
454 1635 485 1676 7,
518 1636 538 1667 5
564 1639 647 1679 iuga
670 1637 805 1679 tyridis.
834 1656 877 1660 —
901 1636 933 1675 9,
966 1636 986 1668 5
1013 1638 1106 1668 iecor
1132 1633 1349 1665 incolumem.
1375 1649 1418 1654 —
1446 1632 1498 1674 10,
1532 1631 1553 1664 2
1579 1633 1658 1666 Cor—

100 1693 182 1725 pora
207 1684 347 1715 vincere
371 1687 479 1715 morte
505 1684 650 1715 animas.

417 1817 475 1854 40.
511 1818 618 1859 (150.)
658 1818 805 1853 Versus
831 1816 870 1850 in
898 1816 1054 1851 Pascha
1081 1817 1174 1851 ante
1201 1815 1345 1851 cibum.

561 1886 730 1927 (Cathem.
755 1888 819 1925 ΙΙΙ,
848 1885 975 1926 1—25;
1005 1883 1204 1923 171—180).

388 1982 424 2020 1.
486 1980 516 2018 Ο
548 1978 714 2017 crucifer
744 1979 852 2026 bone,
886 1979 979 2015 lucis
1011 1985 1126 2026 sator,

487 2037 738 2083 Omniparens
769 2036 847 2084 pie,
880 2035 1095 2082 verbigena.

487 2094 604 2131 Edite
636 2103 793 2141 corpore
824 2092 1005 2139 virgineo,

491 2150 566 2188 Sed
598 2151 704 2197 prius
735 2150 773 2186 in
805 2149 974 2196 genitore
1005 2153 1150 2197 potens,

491 2208 620 2256 Astra,
651 2207 784 2252 solum,
818 2216 921 2243 mare
952 2217 1061 2253 quam
1093 2205 1240 2245 fierent.

392 2311 431 2348 2.
491 2309 576 2346 Huc
606 2308 741 2357 nitido,
774 2318 922 2356 precor,
956 2307 1094 2344 intuitu

491 2365 624 2402 Flecte
655 2364 891 2402 salutiferam
922 2363 1070 2412 faciem,

491 2423 636 2460 Fronte
667 2432 823 2458 serenus
855 2426 892 2457 et
922 2420 1078 2468 irradia,

489 2479 663 2516 Nominis
694 2483 735 2515 ut
766 2478 835 2515 sub
867 2477 1008 2515 honore
1039 2478 1092 2514 tui

491 2536 572 2573 Has
602 2535 733 2582 epulas
764 2535 878 2571 liceat
910 2544 1059 2580 capere.

391 2638 430 2676 3.
491 2637 545 2674 Te
575 2637 656 2674 sine
688 2637 799 2674 dulce
831 2636 936 2682 nihil,
970 2635 1143 2682 Domine,

490 2694 573 2731 Nec
602 2694 706 2731 iuvat
737 2703 802 2730 ore
833 2693 924 2740 quid
955 2692 1150 2739 adpetere,

490 2750 630 2788 Pocula
661 2750 697 2786 ni
730 2749 835 2796 prius
865 2755 978 2796 atque
1011 2748 1125 2793 cibos7

494 2807 670 2852 Christe‚.
690 2811 776 2843 tuus
808 2805 916 2843 favor
945 2805 1120 2843 imbuerit

491 2863 624 2901 Omnia
652 2861 912 2900 sanctificante
943 2862 1032 2900 fide.
