2031 3289
955 206 1006 211 -
1067 183 1260 224 224—

355 297 424 334 4a.
457 297 542 333 Non
574 295 628 332 sic
658 293 797 332 fratres
829 296 1025 334 censuistis
1159 298 1230 335 4b.
1264 299 1307 336 In
1337 299 1466 335 eodem
1500 298 1600 335 facto
1631 299 1741 336 nimis

507 351 654 389 Simeon
686 356 723 388 et
751 351 856 396 Levi,
1317 355 1499 392 Crudeles
1531 360 1567 392 et
1598 355 1664 404 pii.

349 445 414 480 5a.
449 442 671 478 Innocentes
704 441 939 487 coaequastis
1157 443 1230 481 5b.
1263 445 1357 489 Quin
1396 450 1430 481 et
1463 450 1607 491 patrem
1641 445 1889 491 perturbastis

502 498 547 535 In
578 508 697 544 poena
729 499 889 546 nocenti,
1314 501 1370 538 Ob
1402 501 1472 537 hoc
1504 502 1742 556 exsecrandi.

344 589 415 626 6a.
448 588 598 625 Amoris
628 587 819 634 impulsio,
1159 589 1233 629 6b.
1265 591 1402 636 Quovis
1431 596 1519 627 sunt
1548 591 1688 628 iudicio

448 645 591 690 Culpae
621 642 832 680 satisfactio
1262 646 1403 692 eulpae
1435 647 1643 684 diminutio.

348 735 419 772 7a.
453 733 564 770 Levis
594 740 698 771 aetas
729 734 903 771 iuvenilis
1161 737 1179 773 7
1197 735 1231 773 b.
1265 737 1326 772 Ira
1358 736 1516 773 fratrum
1547 747 1593 774 ex
1624 738 1764 775 honore

500 790 703 837 Minusque
736 791 901 828 discreta
1317 793 1402 830 Fuit
1437 793 1624 843 lenienda,

443 846 562 883 Ferre
593 847 715 884 minus
746 859 768 884 a
801 848 975 885 discretis
1261 852 1373 895 Quem
1391 849 1448 885 his
1465 848 1554 886 fecit
1571 851 1747 897 princeps
1765 855 1889 889 terrae

500 903 641 940 Debuit
672 904 708 939 in
741 914 874 950 poena.
1314 905 1437 943 Ducta
1469 907 1681 954 peregrina.

346 994 418 1033 Sa.
451 993 528 1030 Vae
555 994 659 1043 mihi,
1157 995 1229 1034 8b.
1263 996 1306 1032 ln
1337 1003 1498 1043 stragem

447 1051 526 1087 Vae
556 1050 638 1094 tibi,
1260 1052 1503 1090 Communem

497 1107 717 1144 Miserande
1316 1108 1448 1146 Gentis
1481 1114 1609 1148 tantae

558 1164 727 1200 Iuvenis!
1372 1166 1561 1204 Concidis.

421 1252 451 1292 1,
475 1252 497 1285 4
522 1257 611 1284 sunt.
640 1272 676 1275 >—
706 1252 766 1292 5a,
793 1252 814 1285 2
839 1259 993 1287 nocente.
1024 1273 1063 1276 —
1089 1253 1151 1294 71),
1176 1254 1198 1287 4
1223 1257 1346 1294 Ducta,
1372 1255 1469 1288 nicht
1493 1260 1594 1288 aucta
1620 1257 1683 1288 Hs.

616 1398 696 1433 245.
734 1398 837 1441 (135)
873 1400 1064 1435 Planctus
1089 1400 1210 1435 Iacob
1233 1410 1353 1444 super
1378 1401 1484 1435 filios
1510 1411 1618 1437 suos.

343 1493 411 1531 la.
446 1492 621 1530 Infelices
653 1493 733 1542 tilii,
825 1520 829 1525 .
1156 1494 1227 1533 lb.
1260 1495 1408 1541 loseph,
1442 1495 1556 1532 decus
1587 1497 1746 1546 generis,

502 1550 614 1587 Patre
644 1550 722 1586 nati
755 1550 904 1593 misero,
1310 1551 1492 1588 Filiorum
1525 1552 1656 1602 gloria,

440 1606 549 1649 Novi,
580 1617 661 1642 meo
692 1606 824 1642 sceleri
1253 1608 1466 1645 Devoratus
1498 1608 1629 1645 bestiis

496 1663 599 1699 Talis
632 1663 744 1700 datur
773 1663 878 1711 ultio,
1310 1665 1435 1701 Morte
1468 1665 1540 1702 ruit
1572 1666 1758 1711 pessima3

440 1720 552 1757 Cuius
585 1723 641 1755 est
672 1719 803 1766 flagitii
1253 1721 1400 1758 Simeon
1433 1722 1469 1758 in
1504 1722 1661 1758 vinculis

495 1776 655 1812 Tantum
698 1776 874 1813 damnum
912 1778 1048 1823 passio,
1309 1779 1397 1815 Mea
1428 1778 1498 1814 luit
1529 1779 1698 1823 crimIna‚

438 1833 517 1878 Quo
549 1837 703 1879 peccato
732 1834 850 1869 merui
1254 1834 1343 1870 Post
1375 1840 1531 1871 matrem
1564 1841 1598 1871 et
1632 1834 1828 1872 Beniamin

493 1890 577 1926 Hoc
608 1888 713 1926 feriri
746 1889 886 1941 gladio.
1308 1891 1418 1928 Nunc
1448 1892 1556 1928 amisi
1588 1891 1739 1938 gaudio.

341 1981 412 2019 2a.
442 1981 591 2028 Ioseph,
625 1979 782 2017 fratrum
815 1981 969 2023 invidia,
1153 1981 1225 2019 211.
1259 1982 1356 2027 Quid
1389 1982 1457 2028 sol,
1490 1982 1580 2028 quid
1612 1983 1712 2029 luna,
1741 1981 1796 2019 fili
1816 1982 1880 2031 mi,

444 2037 582 2074 Divina
613 2037 759 2083 pollens
790 2037 924 2086 gratia,
1255 2038 1352 2084 Quid
1384 2039 1529 2082 stellae,
1562 2039 1653 2085 quid
1685 2039 1880 2088 manipuli,

441 2094 554 2142 Quae,
588 2093 642 2130 fili
674 2094 736 2140 mi,
769 2094 967 2142 praesagia
1256 2100 1357 2141 Quae
1390 2106 1531 2132 mecum
1565 2095 1628 2132 diu
1659 2095 1798 2132 contuli

440 2150 609 2187 Fuerunt
641 2150 708 2187 illa
739 2150 912 2187 somnia?
1254 2151 1446 2189 Gerebant
1476 2153 1514 2188 in
1543 2163 1582 2188 se
1613 2152 1792 2199 mystici?

337 2242 407 2280 3a.
441 2241 633 2278 Posterior
1149 2242 1219 2280 sb.
1254 2242 1456 2279 Blanditiis

489 2302 580 2334 natu
611 2296 806 2347 fratribus,
1304 2299 1378 2335 tuis
1409 2299 1582 2335 miserum

436 2354 510 2391 Sed
541 2365 667 2390 amore
1249 2355 1458 2392 Relevabas

491 2411 594 2457 prior
625 2411 808 2459 omnibus,
1305 2412 1424 2458 patris
1457 2413 1612 2448 scnium.

433 2469 546 2515 Quem
580 2468 741 2504 moriens
1248 2468 1395 2505 Fratris
1426 2468 1518 2505 mihi

490 2530 610 2561 mater
641 2525 861 2572 Bennomin,
1304 2525 1468 2562 reddens
1500 2525 1661 2571 speciem

434 2582 548 2618 Pater
578 2581 745 2627 gaudens
1250 2583 1299 2620 Et
1332 2582 1491 2618 decorae

491 2637 583 2674 dixit
619 2638 824 2687 Beniamin,
1304 2639 1435 2675 matris
1467 2637 1613 2675 faciem.

335 2729 404 2765 4a.
440 2728 608 2765 Pueriles
637 2729 794 2765 naeniae
1145 2728 1218 2768 4b.
1256 2727 1439 2766 Informes
1471 2729 1507 2765 in
1542 2727 1639 2765 facie

490 2784 610 2831 Super
641 2789 771 2821 cantus
803 2795 929 2821 omnes
1303 2786 1438 2822 'l'eneri
1470 2795 1673 2834 sermones,

433 2841 566 2878 Orbati
597 2842 771 2878 miseriae
1248 2842 1402 2879 Omnem
1437 2842 1672 2888 eloquentiae

489 2897 597 2936 Senis
629 2903 736 2935 erant
767 2898 908 2945 dulceS,
1301 2899 1443 2936 Favum
1476 2897 1818 2937 transscendentes,
