2031 3289
955 215 1006 221 —
1068 191 1148 232 110
1205 212 1261 220 -

377 308 414 343 5.
446 306 561 351 Quem
591 305 750 343 vinculis
781 309 819 341 et
849 314 1002 342 carcere
1157 305 1221 344 11.
1254 306 1361 353 Iusti,
1392 306 1601 352 prophetae
1631 309 1668 342 et
1693 310 1880 354 martyres

444 361 568 398 Ferox
599 366 782 408 tyrannus
813 361 975 406 abdidit,
1253 363 1303 399 Et
1324 362 1462 409 quique
1479 362 1669 401 Christum
1691 373 1713 398 a
1730 363 1882 400 saeculo

445 417 519 454 Sed
550 418 653 454 nulla
683 417 839 454 laedunt
870 417 1030 464 vincula,
1255 419 1365 455 Puris
1396 418 1573 455 amabant
1603 418 1794 465 cordibus,

443 474 558 519 Quem
591 473 689 510 dona
712 473 836 510 cordis
859 473 1069 513 sublevant.
1255 474 1332 512 Piis
1364 474 1538 511 colebant
1567 474 1729 524 actibus,

372 587 407 624 6.
442 585 583 623 Christi
615 585 718 622 videt
748 585 811 632 qui
841 585 1011 633 gloriam,
1154 586 1219 625 12.
1252 586 1385 624 Cuncti
1417 585 1595 623 Iohannis
1628 586 1800 623 dulcibus

440 642 507 687 Qui
539 641 695 688 spiritus
728 642 968 687 charismata,
1250 642 1359 679 Laeti
1390 641 1484 679 fiunt
1515 641 1689 679 affatibus

442 698 526 734 Non
556 698 655 734 hunc
684 698 864 735 tenebrae
885 698 1064 743 carceris,
1250 698 1515 745 Christumque
1550 703 1711 745 poscunt
1741 700 1846 736 ocius

441 754 525 791 Non
555 764 677 800 poena
707 758 826 791 terret
857 754 1040 800 corporis.
1249 755 1343 791 Suos
1374 755 1504 791 venire
1534 754 1582 791 ad
1618 755 1800 792 servulos>

375 868 409 904 7.
443 866 565 912 Caput
594 866 717 903 libens
748 867 1025 904 sanctissimum
1155 867 1218 907 13.
1252 868 1483 904 Praecursor
1518 866 1628 915 alme,
1664 867 1793 914 dicito,

440 924 521 960 Iam
553 923 816 960 dissecandum
847 923 1034 971 praebuit,
1252 923 1422 969 Quando,
1458 927 1581 971 putas,
1613 923 1791 960 adveniet

438 979 520 1015 Nec
548 980 719 1025 perdidit
748 980 832 1026 pius
862 985 987 1028 caput,
1251 980 1450 1017 Adventus
1476 980 1554 1026 ille,
1577 980 1640 1026 qui
1662 991 1782 1028 prope
1804 981 1886 1018 est?

442 1037 580 1072 Verum
603 1040 716 1083 caput
732 1037 793 1073 cui
809 1036 981 1074 Christus
998 1038 1066 1074 est.
1251 1036 1463 1082 Descende,
1501 1037 1600 1085 Iesu,
1634 1040 1671 1073 et
1702 1036 1818 1083 eripe.

371 1149 407 1186 8.
440 1148 618 1185 Exsultat
647 1149 736 1186 almi
766 1149 924 1195 spiritus
1152 1149 1215 1188 14.
1248 1149 1417 1185 Tandem
1449 1149 1673 1196 redemptor
1703 1149 1830 1195 paruit

439 1205 642 1242 Praeconis
672 1209 777 1242 artus
809 1205 991 1254 linquere,
1249 1205 1632 1252 Omnesqueinunum
1648 1215 1882 1252 congregans

440 1261 722 1299 Praecursionis
752 1265 794 1298 ut
824 1272 955 1299 sacrae
1249 1261 1353 1298 Tulit
1382 1262 1465 1308 pios
1497 1262 1544 1299 ab
1575 1260 1708 1298 inferis

441 1317 503 1354 Sic
534 1322 666 1365 coepta
699 1318 796 1356 dona
827 1318 1025 1365 compleat.
1253 1317 1407 1365 Polique
1437 1318 1562 1366 reguis
1592 1318 1746 1357 indidit.

367 1431 404 1467 9.
438 1430 534 1466 Nam
556 1441 665 1477 quem
682 1441 836 1467 manens
852 1431 891 1468 in
908 1440 1067 1477 corpore
1152 1430 1216 1468 15.
1250 1430 1313 1467 Sic
1343 1430 1584 1477 praedicator
1615 1431 1778 1477 optimus

439 1487 667 1524 Ostenderat
698 1487 922 1534 viventibus,
1249 1487 1483 1534 Magnusque
1496 1487 1686 1525 Christum
1696 1487 1873 1533 praevius

439 1543 551 1579 Hunc
581 1544 736 1580 mortuis
766 1544 838 1580 iam
870 1547 1038 1581 mortuus
1249 1545 1452 1590 Postquam
1483 1543 1639 1581 retentis
1668 1553 1839 1591 corpore,

440 1599 631 1637 Christum
662 1599 790 1637 venire
820 1600 1030 1646 praedicat.
1251 1601 1453 1647 Postquam
1487 1599 1645 1638 canebat
1676 1600 1843 1645 mortuis,

347 1723 410 1763 10.
443 1723 550 1761 Novo
581 1728 800 1771 stupescunt
830 1722 942 1761 inferi
1170 1724 1235 1762 16.
1267 1724 1438 1761 Ducente
1468 1724 1620 1763 Christo
1649 1724 1688 1761 in
1718 1724 1873 1762 aethera

442 1780 661 1827 Ereptionis
692 1781 837 1829 nuntio,
1266 1781 1402 1819 Omnes
1433 1779 1602 1818 fidelium
1634 1781 1767 1818 choros

444 1836 621 1874 Gaudent
651 1837 756 1874 chori
786 1836 956 1874 fidelium
1264 1837 1355 1874 Cum
1388 1837 1524 1874 ceteris
1555 1837 1737 1884 perennia

445 1894 531 1932 Una
560 1897 710 1940 patrum
743 1904 826 1930 cum
853 1893 1043 1940 plebibus.
1263 1894 1425 1931 Intravit
1455 1894 1537 1940 ipse
1566 1893 1605 1930 in
1635 1893 1785 1942 gaudia.

422 2028 616 2060 Cassander
640 2028 661 2059 l.
688 2039 716 2059 c.
738 2039 770 2069 p.
787 2025 854 2060 290
871 2038 945 2070 sqq.
963 2045 1006 2051 —
1026 2026 1077 2067 13,
1095 2026 1115 2059 2
1133 2028 1346 2067 adveniunt,
1373 2037 1427 2059 am
1450 2027 1586 2059 R-ande:
1612 2027 1701 2059 forte
1718 2027 1888 2059 adveniet.

333 2090 377 2095 —
403 2075 469 2105 Str.
499 2072 514 2105 1
549 2073 618 2104 und
645 2071 663 2104 7
699 2073 787 2105 auch
820 2074 855 2104 in
880 2074 1024 2106 Collect.
1056 2083 1120 2105 ms.
1143 2074 1402 2115 Bambergense
1430 2083 1518 2105 saec.
1545 2070 1631 2105 ¹⁰l11.
1681 2072 1765 2106 Cod.
1788 2073 1888 2104 Bam·

333 2119 471 2161 bergen.
498 2120 525 2150 B
549 2119 585 2150 II
612 2116 652 2150 10
674 2116 725 2158 (in
750 2118 899 2150 Alkuins
924 2119 1073 2151 Traktat
1099 2119 1172 2161 „De
1197 2119 1299 2150 laude
1324 2116 1436 2159 Dei“).

621 2320 680 2356 88.
716 2319 796 2363 (10.)
831 2321 877 2355 111
903 2319 1039 2356 Natali
1065 2321 1231 2357 sanctae
1255 2321 1330 2356 Dei
1356 2319 1598 2358 Genetricis.

383 2437 418 2474 1.
449 2436 609 2481 Adesto,
643 2436 803 2487 Christe,
838 2437 1004 2486 vocibus,
1196 2438 1233 2476 3.
1265 2437 1316 2474 Et
1345 2442 1398 2485 tu,
1431 2436 1542 2473 beata
1570 2445 1662 2483 prae
1691 2433 1859 2472 omnibus

453 2494 580 2530 Inesto
611 2493 749 2530 nostris
780 2493 981 2542 mentibus,
1266 2493 1379 2540 Virgo
1410 2493 1535 2531 Maria
1565 2491 1728 2540 feminis,

455 2549 535 2586 Tua
567 2549 749 2597 benignus
782 2550 939 2587 dextera
1266 2550 1337 2587 Dei
1367 2549 1538 2597 genetrix
1568 2548 1711 2593 inclita,

452 2606 595 2643 Choros
629 2610 825 2644 canentum
857 2611 1025 2654 protege.
1267 2606 1418 2644 Nostris
1450 2604 1576 2643 faveto
1607 2603 1793 2642 laudibus,

386 2732 423 2768 2.
454 2731 523 2777 Qui
555 2735 664 2768 natus
696 2741 735 2767 es
767 2731 814 2769 de
845 2731 990 2778 virgine
1196 2732 1233 2770 4.
1267 2729 1411 2769 Pudica
1441 2729 1545 2766 cuius
1576 2728 1732 2777 viscera,

455 2786 617 2824 Nostrae
647 2787 780 2824 salutis
811 2788 944 2837 gratia,
1265 2787 1403 2824 Sancto
1435 2785 1562 2823 dicata
1593 2784 1741 2831 spiritu,

455 2842 514 2879 Da
545 2854 639 2889 pura
669 2843 777 2880 nobis
808 2848 976 2892 pectora,
1262 2843 1423 2881 Davidis
1454 2846 1575 2879 ortum
1606 2840 1745 2877 semine

456 2899 514 2935 Da
545 2899 713 2937 membra
745 2905 848 2938 casta
879 2899 1060 2946 corporis.
1265 2900 1403 2947 Regem
1436 2896 1608 2935 ferebant
1637 2895 1786 2934 saeculi.

1989 1207 2005 1329 1<

1988 1336 1993 1400 l

1985 1725 2023 1786 l'}

1974 2876 1977 2918 Λ

1966 2984 2031 3289 M
