1914 3223
76 288 148 324 521.
184 285 347 323 Duorum
380 283 520 320 solacia

116 386 119 390 ,
176 341 413 380 l’erditorum
444 337 607 377 maxima

231 396 398 435 Gerebas
428 396 463 432 in
496 402 545 444 te,
579 394 644 440 lili,

178 454 263 492 l‘ari
295 452 574 500 pulchritudine

176 511 474 557 Repraesentans
505 513 682 554 utrosque

234 565 432 604 Reddebas
462 565 515 602 sic
546 575 603 601 me
635 564 736 604 mihi.

532 669 568 706 6.
601 667 714 710 Deus,
748 666 805 702 eui
836 665 973 710 servio,

794 166 874 206 225

884 280 956 319 5b.

990 280 1099 317 Nunc
1130 282 1251 316 tecum
1285 278 1352 316 hos
1385 277 1535 324 perdidi

984 336 1032 374 Et
1066 336 1150 383 plus
1182 336 1279 374 iusto
1311 334 1414 372 tenui

1040 393 1149 430 lianc
1179 392 1354 439 animam,
1387 391 1436 427 mi
1470 390 1534 440 lilil

984 451 1123 487 Aetate
1155 454 1195 486 tu
1225 449 1420 496 parvulus,

987 507 1027 543 ln
1062 506 1191 544 dolore
1223 505 1408 543 maximus

1043 562 1147 601 Sicut
1175 562 1298 611 matri,
1331 562 1386 599 sic
1416 561 1529 608 patri.

598 718 655 760 Tu
686 734 751 760 nos
781 722 891 761 nobis
924 720 1038 759 facito

151 894 211 932 2³1,
236 893 256 925 4
283 895 414 925 sunnia.
442 891 569 934 —44a,
595 890 616 923 2
641 902 758 923 omncs
783 893 916 922 cantus.

656 780 727 818 Vel
757 779 857 826 apud
890 783 926 815 te
958 778 1155 826 coniungi!

939 907 983 911 --
1007 888 1072 927 51),
1095 888 1116 920 3
1141 889 1188 920 lili
1216 891 1273 921 nli.

334 1073 414 1109 24⁴5.
453 1073 556 1114 (136.)
592 1071 783 1106 Planctus
810 1070 1005 1113 virginum
1034 1069 1160 1105 lsrael
1187 1070 1234 1104 «le
1261 1069 1347 1104 lilia

615 1128 780 1173 lephtao
808 1127 1061 1162 Galaaditae.

77 1248 146 1285 Ῑει.
178 1247 238 1284 Ad
275 1245 388 1282 festas

175 1304 340 1341 Clioreas

232 1359 420 1405 Caelibes,·

76 1464 146 1499 221.
179 1461 235 1498 Ex
267 1471 367 1497 inore

173 1517 255 1554 Sint.
284 1517 379 1554 odae

229 1573 394 1610 Flebilcs

74 1678 142 1713 3a.
177 1675 345 1712 Incultae

173 1731 253 1768 Sint
285 1736 449 1768 maestae

232 1787 362 1824 Facies

74 1891 144 1926 4a.
175 1890 341 1926 Auratae

172 1946 254 1983 Sint
285 1946 394 1993 longe

226 2002 424 2049 Cyclades,

75 2107 143 2144 53.
177 2103 376 2141 Galaditae

171 2160 287 2207 Virgo
317 2161 474 2208 Iephtae

165 2263 167 2265 ι
228 2216 338 2263 Filia,

171 2273 392 2310 Miseranda

173 2329 298 2367 Patris
331 2329 430 2367 saeta

230 2386 404 2425 Victima.

170 2489 325 2525 Annuos

230 2545 414 2591 virginum
446 2546 570 2593 elegos

170 2601 218 2638 Et
250 2601 303 2648 pii

230 2658 405 2695 carminis
437 2659 621 2706 modulos,

172 2713 313 2751 Virtuti

231 2771 385 2818 virginis
418 2771 577 2818 debitos,

169 2827 243 2864 Per
271 2838 388 2865 annos

224 2884 338 2930 exigit
372 2884 550 2931 singulos.

124 2952 286 2985 Draus,
320 2954 563 2991 Hymnographi
585 2955 702 2983 Latini.
740 2956 765 2984 1.

888 1243 958 1282 lb.

882 1457 956 1496 2b.

882 1673 958 1712 31).

879 1890 952 1930 4b.

992 1244 1047 1281 Ex
1080 1254 1182 1280 more

987 1300 1133 1349 Venite,

1044 1356 1238 1404 Virgines!

989 1459 1039 1495 Et
1067 1458 1241 1506 planctus

985 1516 1039 1554 Ut.
1069 1519 1201 1551 cantus

1042 1570 1228 1609 CelebreS.

990 1673 1238 1720 Plangentum

985 1730 1033 1767 Et
1064 1728 1217 1766 flentum

1039 1786 1187 1824 Similes
1201 1786 1209 1825 !

986 1890 1034 1927 Et
1067 1890 1189 1926 cultus

983 1946 1065 1984 Sint
1097 1947 1229 1993 procul

1037 2003 1184 2040 Divites
1204 2004 1211 2039 ⁸.

984 2105 1013 2143 Ο
1045 2104 1283 2151 stupendam,

982 2161 1073 2199 Plus
1104 2172 1214 2208 quam
1245 2160 1409 2199 flendam

1038 2218 1253 2265 Virginem!

982 2275 1013 2313 Ο
1044 2285 1154 2321 quam
1186 2285 1312 2312 rarum

983 2331 1046 2369 llli
1077 2331 1197 2368 virum

1041 2387 1231 2427 Similem!

983 2490 1042 2527 Ne
1073 2494 1199 2528 votum

1041 2547 1089 2584 sit
1122 2548 1244 2594 patris
1275 2547 1423 2584 irritum

984 2604 1191 2642 Promisso-

1040 2671 1110 2708 que
1141 2659 1293 2699 fraudet
1324 2660 1538 2712 Dominum,

983 2717 1053 2763 Qui
1085 2728 1154 2764 per
1185 2718 1283 2755 hunc

1040 2774 1204 2811 salvavit
1232 2774 1425 2824 populum,

984 2831 1027 2868 In
1060 2841 1165 2868 suum

1040 2885 1140 2928 hune
1171 2891 1278 2935 urget
1310 2887 1490 2934 iugulum.

1371 2953 1410 2987 15
