2031 3289
911 215 960 219 --
1023 192 1103 232 48⁴3
1162 215 1216 219 —-

399 306 435 343 6.
483 305 534 342 Et
564 304 610 341 de
642 304 757 342 verbo
789 315 856 342 suo
888 316 1039 343 auream
1071 306 1281 353 materiam,
1313 316 1334 342 o
1356 305 1560 343 laudabilis
1582 307 1701 354 virgo,
1734 306 1836 346 fecit.

398 361 434 400 7.
481 361 510 398 Ο
541 371 651 407 quam
684 372 858 410 magnum
891 366 947 398 est
978 363 1016 399 in
1049 362 1193 399 viribus
1224 362 1301 398 suis
1331 362 1430 399 latus
1452 362 1536 408 viri,
1570 363 1616 410 de
1642 374 1714 409 quo
1736 363 1839 401 Deus

275 415 441 454 formam
473 417 642 454 mulieris
673 418 868 465 produxit,
900 429 1010 464 quam
1042 417 1132 455 fecit
1162 419 1355 464 speculum
1387 417 1506 455 omnis
1537 420 1747 457 ornamenti
1781 421 1839 457 sui

276 476 313 509 et
351 473 625 519 amplexionem
657 474 777 510 omnis
810 479 1008 511 creaturae
1038 476 1148 512 suae!
1690 489 1695 494 ’

399 530 435 567 8.
482 529 578 566 Inde
621 530 823 566 concinunt
866 531 1044 568 caelestia
1074 542 1214 578 organa
1241 534 1278 567 et
1308 529 1468 566 miratur
1498 531 1619 566 omnis
1650 534 1774 577 terra,
1816 542 1838 569 o

284 585 490 622 laudabilis
521 586 658 634 Maria,
691 587 778 632 quia
809 587 912 623 Deus
943 592 980 623 te
1011 587 1123 624 valde
1153 587 1306 624 amavit.
1366 586 1483 632 Quam
1515 586 1626 624 valde
1656 587 1836 635 plangen-

283 642 374 691 dum
406 646 441 678 et
472 642 679 690 lugendum
706 647 773 692 est,
807 644 906 689 quod
928 643 1085 681 tristitia
1105 643 1143 680 in
1167 643 1323 680 crimine
1343 652 1412 689 per
1434 642 1627 679 consilium
1651 644 1838 690 serpentis

279 698 317 734 in
350 698 543 735 mulierem
576 697 697 736 fluxit.

392 755 429 794 9.
476 754 574 791 Nam
605 755 689 801 ipsa
718 754 865 803 mulier,
897 766 1007 802 quam
1030 756 1132 792 Deus
1155 760 1312 792 matrem
1336 755 1500 792 omnium
1523 755 1664 802 posuit,
1691 755 1838 793 viscera

277 820 345 847 sua
386 820 468 847 cum
511 810 731 848 mulieribus
762 811 1000 858 ignorantiae
1031 812 1221 858 decerpsit
1254 816 1290 848 et
1321 811 1473 858 plenum
1506 812 1672 849 dolorem
1705 812 1836 859 generi

276 877 344 903 suo
375 867 547 913 protulit.

398 924 460 961 10.
509 923 607 970 Sed,
649 934 669 959 0
712 934 869 971 aurora,
912 924 959 960 de
1000 928 1132 960 ventre
1172 927 1235 960 tuo
1277 934 1393 960 novus
1435 923 1491 960 sol
1522 924 1729 972 processit,
1771 925 1834 971 qui

286 979 410 1016 omnia
457 979 615 1016 crimina
660 979 766 1016 Evae
812 979 992 1017 abstersit
1038 984 1074 1017 et
1118 981 1296 1017 maiorem
1342 979 1639 1017 benedictionem
1687 991 1756 1027 per
1799 986 1837 1018 te

281 1035 453 1083 protulit,
486 1046 595 1082 quam
626 1035 709 1073 Eva
740 1035 953 1073 hominibus
984 1037 1184 1074 nocuisset.

397 1091 462 1130 11.
508 1092 642 1138 Unde,
689 1103 710 1129 o
756 1092 961 1141 salvatrix,
1009 1103 1104 1139 quae
1148 1103 1283 1130 novum
1331 1093 1456 1129 lumen
1502 1092 1664 1129 humano
1709 1093 1838 1140 generi

280 1148 488 1194 protulisti,
522 1148 657 1195 collige
687 1148 856 1186 membra
887 1148 955 1185 filii
983 1150 1037 1186 tui
1069 1150 1117 1187 ad
1150 1149 1350 1186 caelestem
1383 1149 1629 1190 harmoniam,

741 1325 823 1360 327.
862 1326 920 1368 (4.)
956 1326 1014 1361 De
1041 1326 1191 1362 Sancta
1216 1325 1361 1361 Maria.

389 1430 423 1468 1.
471 1429 501 1467 Ο
524 1429 754 1467 viridissima
776 1430 894 1479 virga,
928 1441 1011 1477 ave,
1044 1442 1139 1478 quae
1162 1431 1200 1468 in
1224 1435 1400 1468 ventrose
1420 1429 1541 1468 flabro
1561 1430 1833 1469 sciscitationis

271 1490 486 1523 sanctorum
519 1486 693 1533 prodisti,

392 1543 430 1582 2.
477 1543 569 1580 Cum
611 1543 714 1579 venit
753 1546 923 1590 tempus,
966 1540 1104 1593 quo(d)
1141 1548 1180 1580 tu
1211 1543 1373 1581 floruisti
1403 1544 1441 1580 in
1474 1543 1588 1581 ramis
1622 1543 1718 1593 tuis,
1751 1554 1833 1590 ave,

280 1608 350 1635 ave
382 1598 429 1635 sit
460 1598 542 1645 tibi,
576 1599 664 1644 quia
696 1601 800 1636 calor
830 1600 919 1636 solis
950 1599 988 1636 in
1021 1604 1058 1637 te
1088 1601 1238 1637 sudavit
1270 1600 1367 1637 sicut
1398 1600 1493 1637 odor
1523 1600 1696 1640 balsami.

392 1656 428 1693 3.
475 1654 572 1692 Nam
615 1655 713 1692 vitae
751 1654 878 1692 floruit
919 1656 1077 1702 pulcher
1112 1655 1202 1703 flos,
1246 1657 1308 1704 qui
1339 1656 1492 1693 odorem
1526 1656 1633 1693 dedit
1662 1656 1834 1694 omnibus

279 1711 522 1758 aromatibus,
555 1721 651 1758 quae
682 1712 792 1748 arida
821 1717 941 1752 erant,

391 1770 429 1806 4.
477 1767 528 1804 Et
558 1767 625 1804 illa
654 1773 914 1814 apparuerunt
945 1768 1070 1805 omnia
1100 1769 1138 1805 in
1171 1769 1367 1807 viriditate
1398 1769 1522 1815 plena.

391 1827 428 1862 5.
478 1823 590 1862 Unde
632 1825 727 1861 caeli
769 1825 956 1861 dederunt
997 1835 1119 1862 rorem
1162 1835 1276 1871 super
1317 1836 1471 1872 gramen
1514 1830 1551 1862 et
1581 1825 1702 1861 omnis
1733 1828 1836 1861 terra

279 1881 378 1917 laeta
419 1878 519 1917 facta
561 1884 639 1929 est,
678 1881 853 1927 quoniam
896 1882 1042 1919 viscera
1083 1881 1202 1928 ipsius
1235 1880 1462 1919 frumentum
1494 1881 1756 1929 protulerunt,
1799 1885 1837 1917 et
1884 1896 1895 1908 ›

277 1937 452 1983 quoniam
483 1937 655 1974 volucres
688 1937 782 1974 caeli
813 1937 924 1976 nidos
956 1938 993 1974 in
1025 1938 1109 1985 ipsa
1141 1938 1364 1977 habuerunt.

394 1995 431 2033 6.
479 1993 628 2030 Deinde
688 1992 790 2031 facta
840 1998 897 2030 est
946 2005 1032 2032 esca
1083 1995 1296 2032 hominibus
1354 1999 1390 2032 et
1442 1994 1616 2042 gaudium
1662 2004 1839 2045 magnum

280 2050 539 2098 epulantium,
583 2050 696 2098 unde,
729 2061 749 2087 0
781 2051 907 2088 suavis
940 2052 1058 2100 virgo,
1092 2051 1127 2088 in
1161 2055 1197 2088 te
1228 2062 1301 2088 non
1336 2051 1463 2089 deficit
1492 2051 1610 2088 ullum
1645 2050 1835 2098 gaudium.

393 2107 427 2143 ῖ.
474 2106 580 2144 Haec
611 2106 736 2143 omnia
767 2107 851 2144 Eva
883 2107 1122 2154 contempsit.

391 2163 426 2200 8.
476 2162 587 2199 Nunc
618 2167 742 2200 autem
774 2163 855 2200 laus
888 2164 936 2200 sit
967 2164 1164 2202 altissimo.

653 2339 736 2374 329.
773 2340 831 2381 (5.)
869 2339 1042 2383 Hymnus
1069 2340 1116 2376 de
1142 2340 1293 2377 Sancta
1319 2340 1464 2376 Maria.

396 2443 431 2480 1.
480 2446 574 2490 Ave,
608 2453 801 2490 generosa,
836 2444 1000 2490 gloriosa
1023 2449 1058 2481 et
1077 2445 1220 2482 intacta
1241 2445 1381 2492 puella,
1405 2449 1445 2482 tu
1467 2445 1613 2493 pupilla
1635 2445 1836 2493 castitatis,

278 2503 318 2536 tu
348 2499 510 2536 materia
541 2499 767 2545 sanctitatis,
801 2511 896 2547 quae
927 2500 1008 2537 Deo
1040 2501 1194 2549 placuit.

393 2557 430 2593 2.
479 2556 576 2593 Nam
607 2556 700 2592 haec
731 2567 897 2603 superna
929 2556 1067 2595 infusio
1089 2559 1126 2595 in
1159 2562 1195 2595 te
1217 2557 1299 2607 fuit,
1331 2558 1430 2604 quod
1456 2568 1657 2605 supernum
1683 2557 1837 2594 verbum

278 2611 315 2648 in
348 2616 385 2648 te
417 2622 565 2649 carnem
599 2612 736 2651 induit.

396 2671 433 2706 13.
480 2669 536 2705 Tu
578 2669 779 2707 candidum
827 2669 971 2717 lilium,
1021 2670 1120 2716 quod
1163 2670 1266 2707 Deus
1314 2675 1400 2708 ante
1440 2680 1585 2707 omnem
1627 2674 1836 2707 ereaturam

283 2724 460 2771 inspexit.

397 2785 434 2818 4.
481 2781 510 2819 Ο
561 2781 817 2828 pulcherrima
867 2787 904 2818 et
955 2782 1194 2826 dulcissima,
1245 2793 1354 2829 quam
1406 2783 1516 2820 valde
1563 2783 1663 2820 Deus
1712 2782 1750 2818 in
1800 2785 1837 2818 te

285 2837 559 2884 delectabatur,
591 2849 674 2875 cum
707 2838 980 2884 amplexionem
1014 2839 1150 2876 caloris
1172 2839 1227 2876 sui
1251 2839 1287 2875 in
1311 2843 1347 2876 te
1369 2840 1493 2886 posuit
1513 2839 1579 2887 ita,
1613 2838 1712 2886 quod
1735 2837 1836 2875 filius

285 2893 362 2929 eius
397 2894 442 2929 dc
474 2898 509 2929 tc
541 2894 701 2931 lactatus
733 2900 801 2933 est.
