2031 3289
966 190 1272 233 -314—

841 343 923 380 334.
960 343 1040 387 (36.)
1074 344 1132 379 De
1157 343 1379 380 Patientia.

436 420 748 467 Responsum
791 420 848 457 de
886 419 972 458 Iob
1012 431 1163 469 super
1204 421 1337 458 illud
1366 419 1397 459 0
1425 420 1578 468 lampas
1609 419 1784 458 ecclesiae

807 477 865 513 de
904 483 1082 514 sancta
1121 477 1403 515 Elisabeth.

732 578 779 617 R.
811 577 840 615 O
872 578 1017 624 lampas
1048 577 1243 623 ecclesiae,

875 634 996 671 Verae
1025 634 1120 671 lucis
1153 634 1356 681 vasculum,

809 691 851 727 In
882 701 955 736 quo
985 690 1194 737 patientiae

873 747 1032 784 Sumunt
1061 747 1164 793 aegri
1195 745 1390 790 ferculum,

805 802 990 840 Amorem
1022 801 1170 840 confers
1202 803 1368 852 tumidis,

804 861 994 906 Saporem
1022 860 1144 897 minus
1176 860 1333 907 sapidis,

932 916 1088 963 Tepidis
1118 916 1316 964 fervorem.

737 973 782 1010 V.
814 972 870 1009 Tu
901 972 1125 1010 confirmans
1158 972 1303 1009 debiles

874 1030 1060 1076 Exemplo
1092 1029 1338 1076 constantiae,

808 1086 1022 1123 Consularis
1051 1084 1197 1123 flebiles

876 1142 952 1190 Spe
982 1142 1156 1180 caelestis
1186 1142 1341 1190 gloriae.

834 1297 915 1332 335.
939 1297 1020 1339 (37.)
1053 1297 1112 1331 De
1139 1296 1386 1332 Sobrietate.

806 1390 976 1428 Naturae
1007 1391 1141 1439 exigua

874 1447 925 1484 Et
954 1458 1076 1494 pauca
1105 1446 1309 1493 sufficiunt,
1346 1456 1348 1459 ·

808 1503 1039 1551 Sumptaque
1070 1503 1262 1553 superflua

872 1561 951 1598 Aut
981 1561 1110 1598 tristes
1142 1560 1311 1598 efficiunt

807 1617 1004 1654 Sumentes
1035 1622 1099 1655 aut
1129 1628 1248 1655 nocua

873 1673 1057 1712 Fomenta
1087 1675 1322 1722 parturiunt,

810 1731 985 1781 Provide,

874 1787 926 1826 Ut
957 1788 1091 1825 saltem
1122 1788 1320 1826 iucundius

876 1844 1003 1891 Vivas,
1035 1849 1116 1882 esto
1147 1844 1307 1885 sobrius.

866 2000 947 2036 336.
986 2000 1066 2043 (38.)
1100 2000 1158 2035 De
1184 2001 1359 2037 Pietate.

530 2078 763 2116 Alleluia
803 2079 856 2115 de
898 2078 1050 2115 Beata
1087 2079 1301 2126 Virgine
1341 2089 1494 2127 super
1534 2079 1690 2117 illud:

827 2135 981 2172 Iustum
1012 2135 1167 2173 deduxit
1190 2135 1401 2173 Dominus.

872 2238 967 2283 Ave,
1001 2236 1151 2274 domina
1182 2237 1338 2287 gratiae,

932 2293 1049 2331 Plena
1080 2293 1202 2341 venia,

874 2350 973 2388 Reos
1004 2350 1166 2388 Domino
1196 2350 1342 2398 gloriae

931 2407 1164 2446 Reconcilia.

774 2561 856 2597 337.
892 2561 974 2605 (aa)
1008 2561 1066 2597 ne
1091 2561 1221 2597 Beata
1245 2561 1376 2598 Maria
1401 2562 1448 2599 v.
1491 2552 1495 2557 '

470 2640 630 2687 Super
660 2639 1000 2686 sequentiam,
1033 2650 1157 2686 quae
1186 2640 1378 2687 incipit
1408 2640 1525 2678 Zima
1554 2642 1668 2691 vetus,
1703 2640 1760 2678 de

794 2697 1185 2733 resurrectione
1216 2696 1429 2734 Domini.

335 2799 406 2839 lat.
448 2799 566 2844 Zyma
596 2802 702 2836 vetus
735 2802 977 2845 expurgetur,
1152 2797 1223 2836 lb.
1259 2798 1381 2836 Tanto
1410 2808 1568 2846 namque
1598 2799 1683 2846 plus
1708 2795 1931 2836 accrescit·
1996 2779 2007 2826 ³³

447 2856 527 2900 Quo
558 2855 704 2893 Mariae
735 2855 1018 2891 commendetur
1048 2859 1065 2873 ⁹
1263 2854 1394 2898 Nobis,
1426 2860 1565 2902 quanto
1595 2855 1680 2902 plus
1709 2853 1864 2892 lucescit
1887 2863 1893 2869 ’
1918 2846 1928 2902 Ῐ
1999 2843 2001 2856 ’

504 2912 628 2948 l‘urae
659 2916 789 2948 saneta
821 2911 998 2958 dignitas,
1319 2911 1410 2948 Eius
1442 2911 1557 2959 digna
1587 2911 1780 2952 sanctitas.
