1914 3223
718 192 1022 234 —270—

113 312 159 354 5.
189 316 219 354 Ο
253 314 390 362 regina,
421 312 501 350 laus
533 311 671 358 divina,

248 374 327 411 Lux
358 376 394 407 et
425 370 537 406 decus
567 367 769 409 hominnm,

191 428 380 467 Medicina
409 425 516 463 nobis
546 425 645 461 trina

250 483 420 523 Genuisti
452 481 663 520 Dominum.

127 621 161 656 G.
196 618 402 662 Naturalis,
433 616 627 664 spiritalis,

250 675 362 721 Deus,
395 674 502 710 nomo
534 672 708 716 caelicus,

192 732 336 778 Corpus
365 741 489 777 osque,
522 725 651 766 sens'us
681 738 845 775 quosque

249 788 368 824 Verus
400 786 501 823 fovet
533 785 712 823 medicus.

126 924 162 963 7.
196 922 277 959 Hac
309 921 435 959 divina
466 921 650 958 medicina

249 978 343 1016 Mihi
375 988 488 1024 saepe
518 978 644 1014 saucio

193 1034 365 1073 Misereri
397 1039 431 1070 et
462 1033 603 1070 mederi

249 1091 373 1128 Debes
404 1101 448 1128 ex
480 1089 618 1129 officio.

134 1410 193 1445 ll.
226 1407 282 1444 'l'u
312 1407 359 1443 ad
393 1417 484 1454 opus
515 1411 751 1453 peecatorum

227 1466 347 1510 Super
378 1463 509 1500 choros
538 1464 752 1510 angelorum

283 1520 440 1556 scandis
471 1520 518 1556 ad
552 1520 738 1563 caelestia,

225 1576 282 1612 'l'u
312 1576 349 1612 in
381 1587 492 1613 causa
522 1576 787 1613 salvandorum

229 1633 350 1669 lutras
382 1632 503 1669 caelos
533 1638 567 1668 et
601 1633 786 1669 caelorum

283 1689 421 1727 Volans
452 1689 498 1726 ad
531 1689 715 1727 sublimia.

138 1815 198 1851 12.
232 1812 420 1860 Numquid
452 1812 503 1849 ibi
535 1818 752 1860 peccatores

230 1870 331 1907 Intra
359 1869 455 1916 regis
485 1870 603 1906 nostri
634 1868 733 1906 fores

283 1925 335 1962 Te
367 1925 503 1962 habent
536 1926 573 1962 in
604 1926 752 1973 gloria?

231 1981 361 2019 Nonne
375 1987 529 2028 propter
541 1988 851 2029 transgressores,

232 2038 281 2075 Ut
312 2049 380 2085 pro
411 2039 464 2075 eis
493 2050 641 2085 semper
670 2049 766 2087 ores,

284 2095 326 2132 In
357 2095 448 2131 solis
479 2106 516 2132 es
548 2096 649 2142 regia
662 2098 680 2131 ‘t’

136 2218 199 2256 13.
232 2217 363 2254 Nonne
394 2218 478 2254 tulit
510 2219 590 2265 ipse
621 2219 735 2259 Deus,

234 2274 281 2311 Ut
314 2274 480 2311 salvetur
509 2286 577 2322 per
606 2281 642 2312 te
673 2286 770 2322 reus,

284 2330 384 2367 Tuus
416 2341 495 2367 esse
527 2331 638 2380 filius,

231 2386 349 2423 Nobis
382 2392 501 2436 natus,
536 2388 641 2424 nobis
675 2389 782 2425 datus

229 2443 275 2479 Et
309 2453 378 2489 pro
405 2443 512 2481 nobis
542 2445 770 2489 incarnatus

289 2499 355 2536 Cui
386 2505 498 2547 astas,
531 2501 745 2548 propitius?

138 2626 200 2663 14.
233 2624 421 2670 Numquid
452 2624 533 2670 ipsa
564 2629 720 2672 propter
750 2635 825 2673 eos,

232 2681 311 2727 Ego
343 2679 438 2725 dico,
471 2686 627 2728 propter
657 2692 739 2719 reos

289 2736 338 2773 Et
372 2736 529 2773 salutem
561 2738 724 2783 gentium

233 2793 338 2830 Intra
367 2798 535 2829 sanctum
568 2794 621 2830 tui
653 2795 854 2832 claustrum

234 2849 370 2886 Verum
401 2850 599 2897 suscepisti
633 2852 810 2888 Austrum

290 2905 341 2942 Et
370 2911 534 2943 actorem
564 2907 740 2957 omnium,

955 309 991 348 8.
1025 307 1114 345 Dixi
1146 307 1259 345 debes.
1280 316 1349 343 nec
1378 309 1420 342 ut
1448 303 1564 342 hebes

1079 365 1211 401 Homo·
1230 364 1285 400 sic
1315 362 1562 412 proloquitur,

1025 422 1119 467 Quia
1149 425 1189 458 tu
1219 431 1271 466 es,
1303 430 1372 467 per
1401 429 1511 466 quam
1542 418 1621 455 lues

1080 477 1276 515 Mundana
1306 475 1526 523 detergitur.

956 617 993 653 9.
1026 615 1117 653 Cum
1128 614 1197 651 sim
1209 611 1370 659 foenum,
1380 612 1492 649 immo
1501 620 1655 648 caenum

1084 671 1126 707 In
1157 681 1240 707 mea
1271 669 1435 718 miseria,

1026 727 1113 764 Tibi
1144 730 1297 764 sanctae
1326 726 1459 773 loquar
1489 728 1618 762 tantae

1083 783 1196 821 Salva
1227 783 1280 820 tui
1311 782 1452 830 gratia:

933 920 997 958 10.
1027 919 1204 966 Quamvis
1236 918 1347 955 limus
1376 926 1506 955 omnes
1527 916 1656 962 simus,

1083 975 1155 1013 Tui
1187 980 1312 1013 tamen
1343 974 1442 1019 solii,

1026 1034 1256 1079 Quamquam
1266 1031 1401 1081 fumus,
1412 1040 1525 1068 causa
1531 1039 1658 1067 sumus

1083 1089 1155 1128 Tui
1185 1093 1223 1126 et
1253 1087 1407 1136 fastigii.

936 1408 999 1445 15.
1032 1407 1148 1454 virgo
1180 1406 1299 1443 Deum
1332 1405 1546 1450 concipiens

1030 1463 1079 1500 Et
1112 1463 1216 1508 virgo
1246 1462 1366 1498 Deum
1389 1461 1539 1508 pariens

1088 1519 1150 1557 Ad
1186 1529 1279 1565 opus
1310 1518 1556 1565 peccantium,

1031 1576 1168 1613 Sancta
1200 1575 1318 1622 virgo,
1351 1579 1482 1612 saneta
1508 1584 1658 1621 parens,

1031 1632 1145 1669 Nullo
1173 1642 1327 1678 prorsus
1359 1631 1455 1668 bono
1487 1641 1618 1667 carens

1086 1689 1148 1727 Ad
1180 1689 1297 1725 lucem
1331 1688 1565 1725 errantium?

940 1815 1002 1853 16.
1035 1814 1092 1850 Tu
1123 1824 1162 1850 es
1194 1817 1313 1849 mater
1343 1813 1394 1849 tui
1428 1812 1561 1859 patris,

1035 1872 1122 1917 lpse
1153 1875 1262 1917 pater
1292 1880 1380 1906 suae
1411 1869 1543 1906 matris

1090 1927 1152 1964 Ad
1183 1926 1297 1964 vitam
1330 1926 1558 1973 mortalium,

1035 1983 1137 2020 Tuus
1168 1987 1278 2020 natus
1310 1987 1367 2020 est
1398 1983 1573 2027 Messias,

1036 2041 1088 2079 Ut
1119 2041 1249 2087 regina
1279 2040 1374 2076 caeli
1405 2040 1474 2077 fias

1091 2097 1153 2134 Ad
1185 2107 1316 2143 pacem
1347 2096 1527 2134 fidelium.

942 2223 1003 2259 17.
1037 2220 1077 2258 Si
1107 2231 1180 2258 non
1213 2220 1460 2267 experientia,

1037 2279 1177 2316 Tamen
1212 2278 1309 2314 nosti
1340 2277 1499 2314 scientia

1093 2334 1270 2371 Miserias
1301 2334 1514 2381 hominumg

1037 2391 1139 2438 Ergo
1170 2401 1348 2427 succurre
1381 2387 1542 2438 miseris,

1039 2447 1180 2493 Quibus
1211 2448 1293 2484 iure
1324 2448 1564 2495 compateris,

1096 2504 1270 2542 Piissima
1300 2504 1498 2552 virginum.

943 2630 1006 2667 18.
1038 2628 1134 2665 Nam
1167 2639 1236 2674 pro
1269 2628 1345 2665 vita
1372 2632 1611 2674 peccatorum

1039 2685 1267 2732 Imperatr-ix
1299 2696 1338 2722 es
1369 2690 1587 2722 cunctorum

1094 2741 1157 2779 Ad
1191 2742 1350 2778 salutem
1381 2742 1567 2789 omniu1n3

1039 2798 1140 2845 Ergo
1172 2802 1287 2836 temet
1317 2799 1438 2845 ipsam
1469 2803 1622 2846 prostra

1041 2856 1176 2892 Coram
1206 2855 1286 2892 Deo
1316 2856 1412 2892 sicut
1442 2860 1572 2893 nostra

1099 2912 1173 2949 Pro
1206 2916 1315 2949 coetu
1346 2912 1594 2953 credentium.
