2031 3289
865 174 1174 213 -554—

240 283 292 324 13,
318 283 338 316 2
353 285 408 317 Ex
434 285 554 317 multis
579 286 770 316 virtutibus
788 286 826 317 Β.
852 302 894 308 —-
923 283 973 322 14,
999 283 1019 316 2
1044 285 1171 317 donum
1196 286 1307 317 virtus
1324 285 1394 317 BC.
1419 302 1463 306 —
1490 283 1542 324 14,
1566 283 1588 316 4
1611 286 1802 327 vniumque

237 331 274 362 B.
301 347 344 351 —
372 329 430 369 14,
465 328 484 361 5
510 331 681 371 disposito
708 331 751 367 C,
786 330 920 362 Habita
947 330 1131 372 dispositio
1156 331 1196 361 B.
1223 347 1261 351 —-
1291 328 1350 368 14,
1381 327 1401 361 6
1427 331 1478 361 sic
1502 340 1538 362 se
1565 331 1600 363 C.
1627 346 1668 352 —
1698 329 1757 369 14,
1782 329 1801 362 7

237 376 357 407 Virtus
378 377 415 407 B.
441 392 483 396 —
512 373 562 414 15,
593 373 607 406 1
634 376 822 407 suscitatur
839 376 876 408 C.
902 393 945 398 —
974 374 1024 413 15,
1050 373 1071 406 2
1096 377 1220 407 crescit
1244 375 1403 407 rediviva
1420 375 1488 407 BC.
1506 392 1551 397 —
1578 373 1628 413 15,
1653 373 1801 407 4virtus

235 425 274 451 ut
299 422 401 452 oviva
427 421 473 452 B:
513 421 634 452 matris
660 424 698 451 ut
724 420 818 451 oliva
844 421 880 452 C.
906 438 949 442 —
977 419 1035 458 15,
1060 418 1081 452 8
1106 420 1264 452 rediviva
1286 421 1324 451 A.
1355 438 1388 441 ν-
1422 418 1480 459 16,
1505 418 1527 451 3
1551 420 1737 452 consiliens
1765 421 1801 452 13.

236 482 279 487 —-
308 463 364 503 16,
399 465 419 497 6
451 465 592 506 plantae
626 469 809 497 venustate
834 466 872 497 C.
897 483 941 487 ——-
974 464 1033 503 16,
1067 464 1087 497 7
1113 465 1230 497 radice
1254 466 1294 497 A.
1320 483 1363 488 —-
1390 463 1448 502 17,
1484 463 1504 496 2
1529 465 1648 496 Virtus
1679 466 1802 498 florum

240 511 277 542 C.
302 529 347 533 —
375 509 433 548 17,
467 508 486 541 7
512 511 559 542 Et
582 510 653 542 AB.
680 528 723 532 —
750 508 809 549 18,
845 509 860 542 1
888 511 975 543 ferat
1001 510 1044 549 Ο,
1076 511 1262 542 Platonica
1286 511 1325 542 Β,
1350 528 1392 532 -
1421 507 1479 547 18,
1513 508 1535 541 4
1558 510 1803 542 discretionem

238 556 274 586 B.
303 573 346 576 —
374 553 425 591 19,
456 553 476 586 5
502 566 551 597 sq.
578 555 648 587 und
674 555 693 587 6
719 567 768 597 sq.
795 556 994 598 umgestellt
1017 557 1055 587 B.
1082 573 1125 578 -—
1152 554 1203 593 19,
1231 554 1250 587 7
1276 555 1394 587 adulto
1419 556 1460 588 A.
1486 572 1529 577 —-
1557 553 1608 594 19,
1633 553 1654 587 5
1678 555 1803 587 flamen

236 601 274 631 B.
300 617 342 621 —
370 598 428 637 19,
457 599 476 633 6
501 611 607 642 parvo
634 603 805 633 enutritur
831 602 867 633 C.
892 619 937 622 —
961 598 1021 639 20,
1045 599 1067 632 4
1091 602 1216 633 crescit
1241 602 1278 632 B.
1305 618 1346 623 —
1373 598 1425 637 20,
1452 599 1472 632 5
1493 601 1591 632 Haec
1616 601 1652 631 in
1678 601 1802 633 mentis

236 645 283 684 Eg
310 646 378 676 Hie
405 649 442 676 ut
467 646 504 678 C.
530 663 572 667 -
598 643 651 683 20,
677 644 697 677 6
723 646 818 688 pullo
844 646 882 677 fit
906 647 1033 678 matrix
1057 647 1097 678 B.
1123 663 1166 669 ——
1191 643 1247 684 20,
1273 645 1291 677 7
1316 645 1397 676 hinc
1422 647 1467 686 133
1493 646 1551 677 hic
1568 646 1604 678 C.
1633 663 1676 667 —
1701 643 1756 684 21,
1785 644 1800 677 1

236 690 361 731 logicis
390 691 460 721 AB.
486 707 528 712 —
554 688 610 729 21,
634 689 654 722 2
679 693 753 722 veri
779 692 816 723 C.
842 709 885 713 —
910 689 964 731 21,
990 689 1011 722 4
1036 701 1150 723 rerum
1175 691 1362 723 deductiva
1383 691 1420 723 C.
1446 709 1488 713 -—
1514 689 1569 730 22,
1594 688 1615 722 2
1640 691 1801 732 speculae

237 737 273 766 B.
298 752 343 756 —
372 733 424 773 22,
451 733 471 767 6
497 746 595 767 meae
620 737 789 767 novitatis
806 738 878 768 AB.
904 753 947 758 --
973 734 1026 774 22,
1054 735 1073 768 7
1090 737 1138 768 Et
1161 737 1219 768 vel
1243 738 1333 767 imus
1358 740 1478 777 pateat
1496 737 1534 767 B.
1553 753 1590 759 —
1615 736 1802 778 „Sequitur

235 781 367 822 primus
392 780 574 822 rhythmus
606 782 822 813 Iohannis
843 782 1027 823 Anglici
1054 783 1090 813 in
1114 785 1265 813 tractatu
1290 781 1331 812 de
1357 781 1528 822 rhythmis
1552 792 1614 823 pro
1640 781 1800 822 exemplo

235 825 425 857 domestico
451 826 493 858 de
518 828 689 868 principio
710 827 938 868 magistrali.·‘
988 828 1026 858 B.
1053 844 1096 848 —
1123 827 1198 870 Vgl.
1225 826 1381 858 Zarncke
1406 837 1437 858 a.
1464 837 1493 858 a.
1520 827 1560 859 O.
1587 827 1620 860 S.
1648 824 1691 858 62
1716 826 1748 857 ff.

406 948 484 982 378.
520 949 577 991 (7.)
601 949 659 983 De
686 948 870 984 Licentia
894 949 1118 984 Puerorum
1145 948 1256 983 circa
1280 948 1426 983 Natale
1451 948 1632 984 Domini.

1059 1034 1095 1070 5.
1143 1031 1313 1068 Naturae
1345 1031 1534 1068 ditaverat

1199 1087 1355 1135 largitas
1388 1087 1594 1136 doctorem,

1142 1144 1247 1181 Dans
1277 1144 1334 1180 illi
1367 1143 1580 1181 dulcedinis

1199 1199 1355 1237 melicae
1388 1210 1576 1249 canorem,

236 1031 272 1069 1.
319 1029 428 1067 Ludo
458 1035 612 1077 praeter
643 1031 792 1068 solitum

377 1090 413 1122 et
444 1087 611 1124 ludendo
643 1088 753 1135 salto,

320 1142 497 1192 Applico‚
531 1143 595 1190 qui
626 1142 770 1180 fueram

374 1197 559 1236 fluctuans
590 1200 628 1237 in
660 1200 749 1248 alto,

317 1255 431 1302 Regis
462 1256 636 1294 natalitia

374 1312 549 1349 caelestis
582 1312 720 1362 exalto,

317 1367 398 1405 Iam
431 1379 528 1406 nova
559 1369 760 1415 progenies

376 1425 480 1462 caelo
513 1425 726 1462 demittitur
754 1426 844 1465 alto,

262 1543 269 1551 .
320 1514 492 1551 Carceris
524 1515 674 1552 excutio

377 1576 528 1608 catenas
560 1582 606 1608 ex
639 1572 748 1619 collo,

320 1627 410 1665 Cum
443 1627 578 1674 plausu
610 1628 836 1676 repatrians,

374 1685 474 1730 quod
506 1689 563 1720 est
593 1695 727 1734 meum,
760 1686 864 1732 tollo,

318 1741 393 1777 Per
423 1751 533 1786 quem
564 1741 689 1786 iugum
722 1742 881 1791 tollitur,

377 1796 577 1833 Dominum
610 1798 762 1847 extollo,

319 1854 444 1900 Casta,
477 1852 574 1902 fave,
609 1854 764 1901 Lucina,
797 1859 882 1891 tuus

374 1909 448 1946 iam
480 1915 613 1957 regnat
643 1911 797 1957 Apollo,

240 2002 270 2037 ³.
319 1999 522 2037 Doctorem
553 2000 794 2038 laudabimus

373 2066 456 2093 eum
491 2057 762 2105 describentes,

319 2118 437 2159 Quem
470 2113 670 2160 benignum
703 2114 887 2151 sensimus

375 2180 489 2216 saepe
523 2170 797 2216 delinquentes,

319 2226 443 2272 Saepe
475 2237 542 2263 nos
573 2227 789 2264 adduxerat

373 2293 497 2320 secum
531 2283 779 2331 colludentes,

318 2339 440 2386 Saepe
473 2338 592 2376 refert
622 2340 769 2377 animus

369 2396 471 2433 lusus
503 2396 689 2444 gravitate
721 2402 911 2434 carentes.

259 2515 267 2525 .
315 2485 390 2522 Sua
423 2486 704 2532 pulchritudine

370 2549 526 2588 superat
558 2542 702 2591 affines,

313 2598 532 2636 Gallicanos
564 2599 730 2645 undique

371 2656 621 2701 perscruteris
653 2655 759 2702 fines,

313 2712 409 2748 Eum
443 2710 544 2749 ferre
576 2712 756 2757 lauream,

370 2768 462 2805 velis
494 2769 552 2805 vel
585 2780 669 2817 non,
704 2769 804 2805 sines

312 2823 368 2861 Ob
404 2825 540 2871 digitos
572 2825 721 2862 Baccho

370 2881 498 2927 dignos
545 2887 577 2917 et
615 2881 795 2928 Apolline
839 2881 974 2918 crines.

1143 1256 1380 1303 singularem
1412 1256 1571 1294 contulit

1198 1311 1367 1351 florentis
1398 1313 1577 1351 honorem

1141 1369 1226 1408 Oris
1257 1374 1294 1406 et
1324 1369 1363 1406 in
1392 1370 1504 1406 niveo

1197 1426 1356 1462 mixtum
1387 1426 1552 1463 candore
1582 1425 1770 1465 ruborem.

1084 1545 1092 1554 .
1140 1515 1250 1562 Sapit
1279 1516 1445 1563 linguam
1477 1516 1593 1552 Tullii

1195 1583 1268 1609 vox
1298 1573 1373 1609 oris
1406 1571 1572 1619 facundi,

1140 1630 1301 1667 Fontem
1333 1629 1623 1676 pigmentarium

1196 1685 1360 1731 pectoris
1392 1684 1587 1731 profundi,

1137 1741 1361 1778 Doctrinale
1391 1741 1599 1778 balsamum

1197 1799 1380 1834 sermonis
1411 1798 1566 1835 iucundi

1140 1854 1326 1901 Dictaque
1356 1855 1559 1891 mirantum

1194 1911 1321 1958 magni
1351 1911 1560 1959 primordia
1592 1911 1736 1950 mundi.

1084 2034 1091 2041 .
1140 2001 1301 2038 Ratione
1333 2001 1455 2049 logica

1197 2058 1358 2094 destruit
1389 2069 1549 2105 erroreS,

1140 2114 1182 2151 In
1215 2119 1296 2151 arte
1327 2119 1531 2163 syntaxeos

1198 2176 1353 2217 superat
1383 2171 1555 2217 maiores,

1139 2226 1280 2274 Dirigit
1311 2228 1507 2272 erraticos,

1196 2283 1349 2320 instruit
1380 2284 1555 2330 minores,

1138 2340 1211 2377 Hic
1243 2340 1343 2377 canit
1375 2345 1564 2377 errantem

1195 2397 1319 2434 lunam
1352 2397 1516 2443 solisque
1546 2396 1708 2435 labores,

1053 2487 1090 2525 S.
1136 2488 1282 2535 Cui-ego
1315 2487 1563 2533 nequissimus

1195 2544 1332 2580 Verres
1364 2547 1471 2589 paret
1504 2544 1615 2592 verri,

1140 2600 1253 2646 optet
1284 2604 1323 2635 ut
1354 2599 1393 2636 in
1425 2601 1619 2637 Socratem

1193 2658 1341 2702 Anytos
1374 2655 1516 2693 deferri

1136 2713 1213 2749 Aut
1243 2717 1284 2749 ut
1314 2713 1420 2749 Nero
1453 2714 1634 2751 Senecam

1192 2767 1306 2806 faciat
1338 2768 1489 2812 offerri;

1132 2826 1221 2872 Quis
1254 2823 1372 2871 furor,
1404 2836 1425 2862 0
1455 2826 1568 2865 cives,

1189 2892 1285 2928 quae
1316 2886 1421 2919 tanta
1451 2882 1604 2919 licentia
1633 2879 1754 2918 ferri?
