1914 3223
862 148 938 189 201
1005 170 1054 176 ——

605 407 685 442 20⁸.
722 406 804 446 (98.)
841 406 884 440 Iu
910 407 946 441 2⁸.
976 407 1196 442 Nocturni».

145 561 178 598 1.
211 560 469 606 Exquiruntur
496 559 619 596 omnia

210 617 495 653 'roi-mentorum
527 626 676 661 genera,

212 673 264 712 Ut
294 673 474 720 probetur
503 673 663 709 maxima

213 730 421 776 Martyrum
454 729 676 767 constantia.

212 888 360 925 Fornax
391 899 520 925 aurum
552 889 724 935 excoquit

210 945 343 991 Sicque
374 956 506 991 puruin
538 943 666 985 efficit,

169 1042 171 1044 ,
210 1002 292 1038 Vini
326 1001 467 1047 sinapis
496 1001 646 1048 accipit,

211 1057 306 1095 Duni
339 1058 419 1104 quis
451 1068 529 1094 eain
559 1058 702 1096 atterit.

207 1216 443 1253 Exercentur

264 1271 504 1311 ferramenta.

209 1329 354 1366 Damno
385 1340 450 1365 suo

266 1391 398 1432 parant
429 1391 574 1423 cuncta.

955 567 990 597 ·.
1027 558 1180 602 Probra,
1214 568 1355 601 career,
1388 558 1549 604 vincula,

1024 614 1206 660 Flagella,
1238 615 1467 663 spectacula,

1023 671 1198 717 Nudstas,
1230 672 1357 709 inedia

1022 729 1170 767 Poenae
1201 733 1285 765 sunt
1319 728 1527 775 praeludia.

1021 887 1214 937 Flammis,
1246 887 1364 934 aquis,
1397 887 1536 934 gladio,

1020 945 1190 991 Ungulis,
1221 944 1349 981 eculeo

1020 1001 1202 1048 Omnique
1234 1001 1404 1048 patibulo

1023 1059 1213 1105 Pugnatur
1242 1058 1278 1094 in
1311 1058 1454 1097 ultimo,

1018 1216 1092 1253 Sed
1123 1221 1163 1253 ut
1195 1227 1315 1263 poena

1074 1273 1338 1319 protendatur,

1020 1331 1166 1367 Poenae
1197 1328 1292 1379 finis,

1074 1397 1173 1423 mors
1206 1385 1389 1436 differtur,

317 1444 604 1486 Cousuinuntur‚
1132 1444 1274 1491 Optant
1304 1444 1397 1480 mori

323 1498 416 1535 Dum
449 1499 657 1535 tunduntur
1131 1499 1204 1536 Diu
1235 1501 1325 1536 torti

382 1555 558 1601 Lapides,
1186 1556 1393 1604 Martyres,

322 1611 569 1655 Hebetantur,
1129 1612 1216 1660 Sed,
1250 1614 1310 1660 qui
1343 1618 1490 1660 necant,

323 1668 416 1705 Dum
443 1668 626 1705 dolantur
1128 1669 1229 1706 Mori
1262 1674 1389 1708 vetant

375 1724 553 1766 Arbores,
1191 1727 1383 1774 Principes
1397 1740 1406 1777 3

320 1781 398 1818 Illis
430 1782 557 1824 malos,
1130 1783 1328 1821 Delicatae

323 1838 408 1874 Istis
441 1838 556 1875 bonos
1128 1840 1230 1877 Viris
1262 1841 1402 1878 mixtae

374 1894 589 1942 Compares‚
1186 1897 1372 1947 Virgines,

316 1951 406 1988 Cum
438 1950 555 1998 affligi
1130 1953 1180 1991 Ut
1210 1953 1249 1990 in
1280 1965 1402 2001 poena

321 2007 436 2044 Vides
467 2008 607 2046 Christi
1131 2010 1225 2047 Sunt
1255 2011 1292 2047 in
1323 2011 1450 2058 palma

373 2064 529 2102 Milites.
1186 2067 1362 2105 Comites.

610 2226 646 2263 3.
679 2225 802 2262 Multa
832 2230 930 2272 sunt,

734 2293 867 2329 magna
897 2288 983 2319 sunt

790 2339 833 2377 In
866 2340 1006 2376 sanctis
1038 2340 1195 2389 proelia,

683 2395 805 2433 Pauca
838 2396 895 2432 vel

735 2463 853 2499 parva
883 2458 982 2496 sunt,

792 2510 978 2555 Quantum
1009 2510 1057 2547 ad
1090 2511 1280 2561 praemia3

680 2564 793 2602 Cuius
827 2565 918 2603 haec

736 2621 833 2659 dona
864 2626 963 2672 sunt,

794 2680 890 2726 Regi
920 2679 969 2716 sit
999 2680 1129 2728 gloria.

214 2833 239 2863 B
264 2832 320 2864 fol.
347 2831 432 2865 941».
466 2852 495 2855 --
527 2835 552 2866 (J
579 2835 635 2866 soli
664 2833 769 2868 1841).
803 2853 846 2858 -—
882 2835 917 2875 1,
951 2835 971 2869 7
997 2839 1138 2879 Sinapis
1165 2839 1234 2869 vini
1261 2839 1298 2870 Β.
1325 2856 1368 2860 -·
1398 2838 1423 2877 l,
1449 2836 1470 2872 8
1495 2841 1574 2882 quis
1593 2850 1676 2873 eans

125 2877 159 2908 Β.
185 2894 227 2899 —
256 2877 283 2917 l,
311 2877 349 2911 14
377 2883 556 2911 toutuntur
579 2881 617 2911 B.
644 2899 686 2902 —
714 2880 742 2919 l,
768 2880 811 2913 23
834 2882 955 2915 videns
981 2884 1019 2915 B.
1045 2900 1087 2904 —
1113 2882 1144 2922 2,
1171 2882 1190 2915 5
1216 2884 1384 2916 Flaminis
1409 2884 1446 2916 C.
