2031 3289
890 185 1197 226 —284—

266 303 323 334 fiir
348 302 500 339 Fulbert,
527 300 602 332 dass
626 300 682 332 die
707 299 903 340 Doxologie
927 297 987 329 des
1005 298 1167 337 Hymnus
1191 296 1344 328 dieselbe
1368 297 1415 327 ist
1437 296 1504 327 wie
1520 295 1577 327 die
1593 295 1653 327 des
1670 296 1831 336 Hymnus

268 348 332 379 auf
361 347 427 379 den
459 347 505 378 hl.
532 346 630 378 Geist
661 344 734 384 (Nr.
760 342 803 380 6).
852 345 898 374 So
933 342 1021 374 muss
1054 353 1090 374 es
1121 342 1178 374 bei
1210 341 1287 373 dem
1311 340 1506 372 Verdachte
1537 341 1613 372 sein
1637 339 1832 372 Bewenden

268 392 396 425 haben.
435 391 556 423 Sicher
572 392 617 422 ist
637 390 698 421 der
715 390 877 430 Hymnus
895 387 1154 420 franzosischen
1171 387 1383 428 Ursprungs,
1405 386 1449 417 da
1466 396 1504 417 er
1521 387 1556 416 in
1572 384 1831 417 franzosischen

269 436 543 469 Handschriften
567 435 694 477 haufig,
720 433 920 466 ausserhalb
946 431 1162 464 Frankreich
1186 432 1338 463 ausserst
1362 431 1474 463 selten
1501 430 1575 462 sich
1600 429 1717 472 findet.

747 566 829 602 214.
868 566 924 608 (4).
960 567 1019 601 De
1045 566 1188 601 sancta
1214 564 1356 601 eruce.

475 662 664 700 Vexillum
692 661 792 708 regis
823 659 1042 696 venerabile
1073 662 1209 695 cuncta
1240 657 1420 705 regentis,

468 720 498 757 O
531 729 622 755 crux
653 722 796 763 sancta,
828 717 971 752 micans
1003 726 1119 761 super
1149 715 1274 752 omnia
1305 714 1433 751 sidera
1464 713 1574 760 caeli,

469 773 672 812 Mortifero
702 773 822 820 lapsis
852 776 962 819 gustu
994 782 1089 818 quae
1123 771 1204 808 sola
1235 775 1408 817 reportas
1523 801 1536 818 ‚

470 831 695 869 Antidotum
728 830 841 877 vitae,
878 828 1044 865 fructum
1076 837 1259 874 suspensa
1290 837 1508 874 perennem,

403 891 424 926 5
471 888 525 924 Te
557 887 651 936 colo,
684 893 722 922 te
753 884 880 922 fateor
910 895 1109 928 venerans,
1141 889 1178 919 te
1208 894 1351 929 pronus
1382 883 1513 920 adoro.

473 944 645 981 Christus
676 942 920 989 principium,
953 941 1051 987 finis,
1083 940 1279 989 surrectio,
1314 939 1403 988 vita,

469 1000 634 1045 Merces,
666 1000 742 1048 lux,
775 999 937 1046 requies,
973 1001 1187 1034 sanctorum
1221 996 1335 1040 doxa,
1368 1006 1520 1041 corona,

473 1058 548 1095 Pro
579 1056 700 1092 servis
731 1055 916 1092 Dominus
948 1053 1182 1090 redimendis
1212 1052 1337 1090 hostia
1367 1051 1503 1099 factus,

475 1114 517 1150 In
551 1116 590 1149 te
620 1112 858 1159 suspendens
890 1121 958 1158 per
987 1110 1127 1156 lignum
1158 1109 1285 1146 toxica
1312 1109 1408 1155 ligni

378 1172 429 1209 10
478 1168 663 1217 Purgavit
694 1169 844 1205 clausae
876 1167 1082 1204 reserando
1112 1166 1243 1202 limina
1275 1165 1389 1202 vitae.

479 1226 625 1262 Tantae
656 1236 746 1272 pars
777 1235 846 1271 ego
877 1235 957 1260 sum
988 1222 1191 1271 libertatis,
1225 1221 1321 1258 bone
1350 1226 1494 1268 pastor,

479 1283 555 1320 Sed
586 1282 686 1319 mala
717 1291 868 1328 semper
897 1290 1012 1324 agens
1043 1289 1233 1325 nunquam
1264 1278 1334 1314 tibi
1366 1278 1479 1324 digna
1509 1275 1682 1323 rependi.

480 1339 575 1386 Heu,
606 1339 700 1375 mihi
730 1339 803 1375 iam
835 1336 988 1373 bibulae
1019 1346 1212 1372 numerum
1245 1334 1505 1371 transscendit
1535 1342 1672 1370 arenae

480 1395 637 1432 Sarcina
666 1395 882 1438 multorum,
914 1393 1007 1430 mihi
1037 1402 1133 1438 quae
1165 1402 1330 1439 crevere,
1362 1390 1568 1428 malorum!

382 1454 431 1491 15
480 1452 555 1489 Sed
586 1452 673 1498 quia
704 1450 898 1497 peccantis
929 1449 1054 1496 potius
1084 1448 1181 1485 bona
1213 1459 1323 1494 quam
1354 1447 1455 1484 mala
1485 1446 1648 1492 quaeris,

482 1509 648 1554 Plusque
677 1507 748 1544 tibi
774 1512 919 1555 peccat,
954 1516 1058 1552 spem
1091 1505 1153 1551 qui
1185 1504 1377 1551 peccando
1407 1502 1598 1551 relinquit,

479 1565 542 1603 Ad
574 1571 612 1601 te
643 1563 830 1612 confugio,
862 1563 932 1599 tibi
963 1561 1136 1608 supplico
1166 1560 1432 1607 confiteorque.

490 1622 623 1670 Parce,
656 1631 805 1668 precor,
836 1620 1015 1656 miserere
1045 1618 1130 1668 mei,
1163 1618 1342 1654 miserere
1372 1627 1552 1664 meorum,

484 1675 665 1716 Defuncti
694 1677 756 1724 qui
789 1680 876 1713 sunt
906 1680 943 1712 et
972 1675 1011 1711 in
1042 1674 1113 1711 hac
1143 1674 1206 1720 qui
1236 1674 1331 1719 luce,
1364 1677 1574 1720 parentum.

387 1736 440 1773 20
487 1735 558 1780 Qui
589 1734 687 1771 bona
718 1732 887 1770 fecerunt
918 1732 1011 1768 mihi
1040 1742 1110 1779 pro
1141 1735 1188 1780 te,
1223 1730 1400 1776 centupla
1429 1729 1560 1778 redde,

482 1791 552 1838 Qui
583 1791 696 1836 mala,
729 1795 952 1827 convertens
983 1787 1202 1834 peccamina
1232 1791 1365 1823 cuncta
1396 1787 1559 1834 remitte,

482 1848 620 1885 Omnes
650 1847 721 1884 hoc
752 1847 858 1893 signo
889 1845 952 1892 qui
983 1851 1019 1880 te
1051 1848 1279 1880 venerantur
1310 1848 1347 1879 et
1377 1848 1498 1888 orant,

480 1904 626 1951 Dirige,
659 1907 840 1949 sustenta,
873 1901 1035 1947 custodi,
1067 1906 1236 1948 protege,
1269 1900 1387 1937 salva.

480 1961 550 2009 Da,
584 1960 716 2007 procul
748 1971 770 1997 a
799 1959 909 1996 nobis
940 1958 1054 1994 elatio
1084 1957 1195 1993 sistat
1224 1962 1265 1993 ut
1295 1956 1429 2001 omnis,

382 2020 433 2057 25
481 2018 561 2063 Quo
591 2016 662 2053 tibi
694 2016 878 2053 submisso
910 2015 1126 2061 placeamus
1157 2019 1313 2060 pectore
1341 2022 1503 2058 semper.

478 2075 641 2120 Protege
673 2084 740 2110 nos
771 2072 909 2118 iugiter
940 2076 1117 2107 ventosae
1148 2070 1272 2106 laudis
1304 2069 1351 2106 ab
1383 2078 1476 2105 aura

478 2131 530 2168 Et
560 2129 668 2167 nobis
701 2130 833 2176 dignas
866 2126 996 2165 confer
1025 2127 1095 2163 tibi
1125 2127 1273 2163 solvere
1304 2130 1440 2174 grates,

478 2186 652 2224 Invidiae
682 2186 866 2222 maculam
901 2185 946 2222 de
977 2182 1164 2220 mentibus
1196 2182 1307 2219 ablue
1338 2181 1477 2218 nostris

481 2242 691 2281 Infundens
720 2242 828 2279 nobis
858 2242 982 2288 ignem
1014 2239 1188 2276 caelestis
1220 2239 1370 2282 amoris,

383 2303 434 2339 30
482 2301 567 2338 Irae
599 2309 840 2345 compescens
872 2297 1044 2334 stimulos
1074 2294 1135 2332 fac
1165 2306 1232 2332 nos
1263 2295 1451 2342 patientes

483 2357 768 2402 Tristitiamque
796 2353 930 2401 fugans
961 2354 998 2390 in
1032 2352 1180 2389 damnis
1210 2362 1315 2398 spem
1347 2351 1565 2387 retinentes.

485 2413 641 2450 Crimen
674 2412 859 2449 avaritiae
889 2410 998 2448 nobis
1031 2410 1129 2446 dona
1157 2407 1356 2455 fugiamus,

482 2470 533 2508 Ut
567 2469 721 2517 pietatis
753 2479 846 2515 opus
877 2467 1018 2514 placite
1048 2466 1119 2502 tibi
1149 2464 1250 2501 ferre
1281 2474 1472 2511 queamus,

480 2526 687 2573 Ingluviem
719 2525 863 2561 ventris
894 2534 961 2560 nos
995 2523 1147 2559 vincere
1177 2521 1382 2558 sobrietate

382 2585 433 2622 35
480 2583 744 2629 Luxuriaeque
774 2581 873 2618 luem
905 2584 1008 2616 casto
1041 2578 1205 2615 concede
1237 2577 1396 2624 pudore,

480 2640 531 2677 Ut
561 2650 630 2686 per
660 2644 698 2675 te
728 2637 872 2685 mundi,
905 2647 974 2683 per
1004 2640 1040 2672 te
1069 2646 1215 2682 quoque
1246 2634 1390 2670 viribus
1422 2632 1521 2669 aucti

482 2697 710 2733 Constanter
742 2696 857 2731 vitani
890 2693 1107 2729 studeamus
1139 2691 1246 2728 adire
1277 2700 1493 2736 supernam.

373 2776 486 2815 Opem
520 2785 580 2805 ins.
607 2773 761 2805 Fulbcrti
789 2782 877 2803 saec.
903 2768 972 2813 [1⁸2.
1002 2769 1052 2802 11.
1079 2768 1125 2800 in.
1151 2766 1199 2809 et]
1227 2766 1276 2799 17.
1326 2767 1409 2799 Cod.
1436 2767 1585 2798 Parisin.
1610 2761 1708 2797 2872.
1735 2764 1773 2794 A.
1800 2779 1841 2784 —

284 2822 334 2851 D(-
360 2820 502 2850 villu—11<
527 2819 584 2850 fol.
615 2816 722 2850 1771).
743 2818 779 2848 B.
808 2833 848 2838 —
874 2814 917 2848 “20
942 2817 1095 2847 fecerunt
1121 2815 1175 2845 bis
1201 2824 1261 2855 per
1278 2818 1310 2844 te
1336 2812 1499 2853 centupla
1518 2812 1555 2843 B.
1573 2827 1617 2832 —
1634 2807 1673 2841 21
1696 2809 1841 2840 remittis

281 2866 320 2896 B.
345 2883 387 2886 —
413 2864 455 2895 25)
490 2865 653 2895 submissi
688 2863 886 2904 placeamus
920 2865 1055 2903 pectore
1086 2870 1170 2901 puro
1199 2861 1235 2890 11.
1261 2876 1303 2879 -
1329 2856 1372 2889 26
1397 2862 1543 2888 ventosa
1568 2857 1605 2887 B.
1632 2871 1675 2876 —-
1699 2851 1744 2886 33
1770 2854 1841 2895 pla-

279 2910 355 2941 cide
381 2910 419 2940 A.
448 2926 486 2930 ’-
