<?xml version="1.0" encoding="UTF-8"?>
<!DOCTYPE html PUBLIC "-//W3C//DTD XHTML 1.0 Transitional//EN"
    "http://www.w3.org/TR/xhtml1/DTD/xhtml1-transitional.dtd">
<html xmlns="http://www.w3.org/1999/xhtml" xml:lang="en" lang="en">
 <head>
  <title>
</title>
<meta http-equiv="Content-Type" content="text/html;charset=utf-8" />
  <meta name='ocr-system' content='tesseract 3.04.00' />
  <meta name='ocr-capabilities' content='ocr_page ocr_carea ocr_par ocr_line ocrx_word'/>
</head>
<body>
  <div class='ocr_page' id='page_1' title='image "./hymnographilatin01drevuoft_0282.png"; bbox 0 0 2031 3289; ppageno 0'>
   <div class='ocr_carea' id='block_1_1' title="bbox 1006 225 1311 266">
    <p class='ocr_par' dir='ltr' id='par_1_1' title="bbox 1006 225 1311 266">
     <span class='ocr_line' id='line_1_1' title="bbox 1006 225 1311 266; baseline -0.003 0"><span class='ocrx_word' id='word_1_1' title='bbox 1006 225 1311 266; x_wconf 77' lang='lat'>—276—</span> 
     </span>
    </p>
   </div>
   <div class='ocr_carea' id='block_1_2' title="bbox 866 335 1466 380">
    <p class='ocr_par' dir='ltr' id='par_1_2' title="bbox 866 335 1466 380">
     <span class='ocr_line' id='line_1_2' title="bbox 866 335 1466 380; baseline 0 -9"><span class='ocrx_word' id='word_1_2' title='bbox 866 338 949 371; x_wconf 49' lang='lat'>⁶2⁸3.</span> <span class='ocrx_word' id='word_1_3' title='bbox 985 337 1043 378; x_wconf 91' lang='lat'>(1.)</span> <span class='ocrx_word' id='word_1_4' title='bbox 1077 336 1226 380; x_wconf 77' lang='lat' dir='ltr'>Incipit</span> <span class='ocrx_word' id='word_1_5' title='bbox 1251 335 1466 371; x_wconf 77' lang='lat' dir='ltr'>Introitus.</span> 
     </span>
    </p>
   </div>
   <div class='ocr_carea' id='block_1_3' title="bbox 424 431 884 705">
    <p class='ocr_par' dir='ltr' id='par_1_3' title="bbox 424 431 884 705">
     <span class='ocr_line' id='line_1_3' title="bbox 424 431 732 479; baseline -0.006 -9"><span class='ocrx_word' id='word_1_6' title='bbox 424 463 432 470; x_wconf 88' lang='lat'><em>.</em></span> <span class='ocrx_word' id='word_1_7' title='bbox 465 433 560 477; x_wconf 86' lang='lat' dir='ltr'>Ave,</span> <span class='ocrx_word' id='word_1_8' title='bbox 592 431 732 479; x_wconf 85' lang='lat' dir='ltr'>Maria,</span> 
     </span>
     <span class='ocr_line' id='line_1_4' title="bbox 468 488 759 535; baseline -0.007 -9"><span class='ocrx_word' id='word_1_9' title='bbox 468 488 604 526; x_wconf 82' lang='lat' dir='ltr'>Gratia</span> <span class='ocrx_word' id='word_1_10' title='bbox 634 488 759 535; x_wconf 86' lang='lat' dir='ltr'>plena,</span> 
     </span>
     <span class='ocr_line' id='line_1_5' title="bbox 525 545 884 582; baseline -0.008 0"><span class='ocrx_word' id='word_1_11' title='bbox 525 545 709 582; x_wconf 83' lang='lat' dir='ltr'>Dominus</span> <span class='ocrx_word' id='word_1_12' title='bbox 740 545 884 580; x_wconf 82' lang='lat' dir='ltr'>tecum!</span> 
     </span>
     <span class='ocr_line' id='line_1_6' title="bbox 465 601 753 648; baseline -0.003 -10"><span class='ocrx_word' id='word_1_13' title='bbox 465 601 577 639; x_wconf 84' lang='lat' dir='ltr'>Felix</span> <span class='ocrx_word' id='word_1_14' title='bbox 610 606 646 638; x_wconf 88' lang='lat' dir='ltr'>et</span> <span class='ocrx_word' id='word_1_15' title='bbox 677 601 753 648; x_wconf 88' lang='lat' dir='ltr'>pia,</span> 
     </span>
     <span class='ocr_line' id='line_1_7' title="bbox 467 657 762 705; baseline -0.01 -9"><span class='ocrx_word' id='word_1_16' title='bbox 467 657 584 705; x_wconf 86' lang='lat' dir='ltr'>Virgo</span> <span class='ocrx_word' id='word_1_17' title='bbox 617 667 762 703; x_wconf 87' lang='lat' dir='ltr'>serena,</span> 
     </span>
    </p>
   </div>
   <div class='ocr_carea' id='block_1_4' title="bbox 525 714 1006 760">
    <p class='ocr_par' dir='ltr' id='par_1_4' title="bbox 525 714 1006 760">
     <span class='ocr_line' id='line_1_8' title="bbox 525 714 1006 760; baseline -0.004 -9"><span class='ocrx_word' id='word_1_18' title='bbox 525 714 717 760; x_wconf 83' lang='lat' dir='ltr'>Quidquid</span> <span class='ocrx_word' id='word_1_19' title='bbox 749 717 805 750; x_wconf 88' lang='lat' dir='ltr'>est</span> <span class='ocrx_word' id='word_1_20' title='bbox 836 723 1006 760; x_wconf 86' lang='lat' dir='ltr'>aequum,</span> 
     </span>
    </p>
   </div>
   <div class='ocr_carea' id='block_1_5' title="bbox 429 803 960 854">
    <p class='ocr_par' dir='ltr' id='par_1_5' title="bbox 429 803 960 854">
     <span class='ocr_line' id='line_1_9' title="bbox 429 803 960 854; baseline -0.008 -11"><span class='ocrx_word' id='word_1_21' title='bbox 429 836 437 843; x_wconf 95' lang='lat'><strong>.</strong></span> <span class='ocrx_word' id='word_1_22' title='bbox 471 803 663 851; x_wconf 83' lang='lat' dir='ltr'>Quidquid</span> <span class='ocrx_word' id='word_1_23' title='bbox 692 807 748 840; x_wconf 84' lang='lat' dir='ltr'>est</span> <span class='ocrx_word' id='word_1_24' title='bbox 779 807 911 854; x_wconf 86' lang='lat' dir='ltr'>tutum,</span> <span class='ocrx_word' id='word_1_25' title='bbox 958 851 960 853; x_wconf 21' lang='grc' dir='ltr'>Ι</span> 
     </span>
    </p>
   </div>
   <div class='ocr_carea' id='block_1_6' title="bbox 472 860 872 961">
    <p class='ocr_par' dir='ltr' id='par_1_6' title="bbox 472 860 872 961">
     <span class='ocr_line' id='line_1_10' title="bbox 472 860 872 907; baseline -0.005 -10"><span class='ocrx_word' id='word_1_26' title='bbox 472 860 662 907; x_wconf 80' lang='lat' dir='ltr'>Quidquid</span> <span class='ocrx_word' id='word_1_27' title='bbox 692 860 872 897; x_wconf 87' lang='lat' dir='ltr'>virtutum</span> 
     </span>
     <span class='ocr_line' id='line_1_11' title="bbox 525 917 828 961; baseline -0.007 -7"><span class='ocrx_word' id='word_1_28' title='bbox 525 917 578 954; x_wconf 86' lang='lat' dir='ltr'>Et</span> <span class='ocrx_word' id='word_1_29' title='bbox 607 917 828 961; x_wconf 81' lang='lat' dir='ltr'>honestatis,</span> 
     </span>
    </p>
   </div>
   <div class='ocr_carea' id='block_1_7' title="bbox 473 972 972 1020">
    <p class='ocr_par' dir='ltr' id='par_1_7' title="bbox 473 972 972 1020">
     <span class='ocr_line' id='line_1_12' title="bbox 473 972 972 1020; baseline -0.004 -10"><span class='ocrx_word' id='word_1_30' title='bbox 473 973 664 1020; x_wconf 87' lang='lat' dir='ltr'>Quidquid</span> <span class='ocrx_word' id='word_1_31' title='bbox 698 978 754 1009; x_wconf 86' lang='lat' dir='ltr'>est</span> <span class='ocrx_word' id='word_1_32' title='bbox 783 972 972 1020; x_wconf 83' lang='lat' dir='ltr'>floridum,</span> 
     </span>
    </p>
   </div>
   <div class='ocr_carea' id='block_1_8' title="bbox 473 1030 823 1135">
    <p class='ocr_par' dir='ltr' id='par_1_8' title="bbox 473 1030 823 1135">
     <span class='ocr_line' id='line_1_13' title="bbox 473 1030 823 1079; baseline -0.006 -12"><span class='ocrx_word' id='word_1_33' title='bbox 473 1030 622 1079; x_wconf 85' lang='lat' dir='ltr'>Nobile,</span> <span class='ocrx_word' id='word_1_34' title='bbox 656 1030 823 1067; x_wconf 84' lang='lat' dir='ltr'>lucidum</span> 
     </span>
     <span class='ocr_line' id='line_1_14' title="bbox 531 1086 795 1135; baseline -0.004 -11"><span class='ocrx_word' id='word_1_35' title='bbox 531 1086 795 1135; x_wconf 83' lang='lat' dir='ltr'>Amoenitatis,</span> 
     </span>
    </p>
   </div>
   <div class='ocr_carea' id='block_1_9' title="bbox 430 1178 876 1499">
    <p class='ocr_par' dir='ltr' id='par_1_9' title="bbox 430 1178 876 1499">
     <span class='ocr_line' id='line_1_15' title="bbox 430 1178 803 1227; baseline -0.011 -9"><span class='ocrx_word' id='word_1_36' title='bbox 430 1209 439 1218; x_wconf 90' lang='lat'>.</span> <span class='ocrx_word' id='word_1_37' title='bbox 471 1181 545 1218; x_wconf 89' lang='lat' dir='ltr'>Per</span> <span class='ocrx_word' id='word_1_38' title='bbox 574 1182 678 1215; x_wconf 88' lang='lat' dir='ltr'>tuum</span> <span class='ocrx_word' id='word_1_39' title='bbox 708 1178 803 1227; x_wconf 89' lang='lat' dir='ltr'>Ave,</span> 
     </span>
     <span class='ocr_line' id='line_1_16' title="bbox 471 1235 774 1282; baseline -0.013 -8"><span class='ocrx_word' id='word_1_40' title='bbox 471 1235 618 1274; x_wconf 88' lang='lat' dir='ltr'>Mundo</span> <span class='ocrx_word' id='word_1_41' title='bbox 649 1245 774 1282; x_wconf 84' lang='lat' dir='ltr'>suave,</span> 
     </span>
     <span class='ocr_line' id='line_1_17' title="bbox 529 1291 816 1336; baseline -0.007 -7"><span class='ocrx_word' id='word_1_42' title='bbox 529 1291 649 1329; x_wconf 89' lang='lat' dir='ltr'>Nobis</span> <span class='ocrx_word' id='word_1_43' title='bbox 676 1291 816 1336; x_wconf 77' lang='lat' dir='ltr'>illuxit,</span> 
     </span>
     <span class='ocr_line' id='line_1_18' title="bbox 475 1348 821 1387; baseline -0.009 0"><span class='ocrx_word' id='word_1_44' title='bbox 475 1350 593 1387; x_wconf 83' lang='lat' dir='ltr'>Omne</span> <span class='ocrx_word' id='word_1_45' title='bbox 623 1348 821 1385; x_wconf 89' lang='lat' dir='ltr'>molestum</span> 
     </span>
     <span class='ocr_line' id='line_1_19' title="bbox 473 1405 810 1443; baseline -0.006 0"><span class='ocrx_word' id='word_1_46' title='bbox 473 1407 542 1443; x_wconf 88' lang='lat' dir='ltr'>Vel</span> <span class='ocrx_word' id='word_1_47' title='bbox 573 1405 810 1442; x_wconf 87' lang='lat' dir='ltr'>inhonestum</span> 
     </span>
     <span class='ocr_line' id='line_1_20' title="bbox 531 1461 876 1499; baseline 0 -1"><span class='ocrx_word' id='word_1_48' title='bbox 531 1462 666 1498; x_wconf 85' lang='lat' dir='ltr'>Procul</span> <span class='ocrx_word' id='word_1_49' title='bbox 697 1461 876 1499; x_wconf 82' lang='lat' dir='ltr'>excussit.</span> 
     </span>
    </p>
   </div>
   <div class='ocr_carea' id='block_1_10' title="bbox 435 1552 857 1883">
    <p class='ocr_par' dir='ltr' id='par_1_10' title="bbox 435 1552 857 1883">
     <span class='ocr_line' id='line_1_21' title="bbox 435 1552 768 1598; baseline -0.012 -6"><span class='ocrx_word' id='word_1_50' title='bbox 435 1585 443 1592; x_wconf 93' lang='lat'>.</span> <span class='ocrx_word' id='word_1_51' title='bbox 477 1552 686 1590; x_wconf 83' lang='lat' dir='ltr'>Benedicta</span> <span class='ocrx_word' id='word_1_52' title='bbox 715 1556 768 1598; x_wconf 87' lang='lat' dir='ltr'>tu,</span> 
     </span>
     <span class='ocr_line' id='line_1_22' title="bbox 477 1608 764 1647; baseline -0.007 0"><span class='ocrx_word' id='word_1_53' title='bbox 477 1610 600 1647; x_wconf 90' lang='lat' dir='ltr'>Deum</span> <span class='ocrx_word' id='word_1_54' title='bbox 630 1608 764 1646; x_wconf 84' lang='lat' dir='ltr'>adfatu</span> 
     </span>
     <span class='ocr_line' id='line_1_23' title="bbox 532 1665 857 1712; baseline -0.006 -9"><span class='ocrx_word' id='word_1_55' title='bbox 532 1668 635 1712; x_wconf 86' lang='lat' dir='ltr'>Quae</span> <span class='ocrx_word' id='word_1_56' title='bbox 667 1665 857 1703; x_wconf 84' lang='lat' dir='ltr'>Gabrielis</span> 
     </span>
     <span class='ocr_line' id='line_1_24' title="bbox 478 1722 722 1770; baseline -0.008 -10"><span class='ocrx_word' id='word_1_57' title='bbox 478 1724 529 1760; x_wconf 88' lang='lat' dir='ltr'>Et</span> <span class='ocrx_word' id='word_1_58' title='bbox 560 1722 722 1770; x_wconf 78' lang='lat' dir='ltr'>genuisti</span> 
     </span>
     <span class='ocr_line' id='line_1_25' title="bbox 476 1779 697 1826; baseline -0.009 -9"><span class='ocrx_word' id='word_1_59' title='bbox 476 1780 526 1817; x_wconf 84' lang='lat' dir='ltr'>Et</span> <span class='ocrx_word' id='word_1_60' title='bbox 556 1779 697 1826; x_wconf 85' lang='lat' dir='ltr'>aluisti,</span> 
     </span>
     <span class='ocr_line' id='line_1_26' title="bbox 535 1835 819 1883; baseline -0.004 -11"><span class='ocrx_word' id='word_1_61' title='bbox 535 1837 650 1883; x_wconf 88' lang='lat' dir='ltr'>Virgo</span> <span class='ocrx_word' id='word_1_62' title='bbox 681 1835 819 1882; x_wconf 88' lang='lat' dir='ltr'>fidelis,</span> 
     </span>
    </p>
   </div>
   <div class='ocr_carea' id='block_1_11' title="bbox 442 1927 821 2191">
    <p class='ocr_par' dir='ltr' id='par_1_11' title="bbox 442 1927 763 2021">
     <span class='ocr_line' id='line_1_27' title="bbox 442 1927 722 1974; baseline -0.011 -9"><span class='ocrx_word' id='word_1_63' title='bbox 442 1959 450 1965; x_wconf 94' lang='lat'>.</span> <span class='ocrx_word' id='word_1_64' title='bbox 483 1928 525 1964; x_wconf 93' lang='lat' dir='ltr'>In</span> <span class='ocrx_word' id='word_1_65' title='bbox 557 1927 722 1974; x_wconf 89' lang='lat' dir='ltr'>generali</span> 
     </span>
     <span class='ocr_line' id='line_1_28' title="bbox 482 1983 763 2021; baseline -0.007 0"><span class='ocrx_word' id='word_1_66' title='bbox 482 1984 582 2021; x_wconf 85' lang='lat' dir='ltr'>Sexu</span> <span class='ocrx_word' id='word_1_67' title='bbox 612 1983 763 2020; x_wconf 82' lang='lat' dir='ltr'>mortali</span> 
     </span>
    </p>

    <p class='ocr_par' dir='ltr' id='par_1_12' title="bbox 479 2040 821 2191">
     <span class='ocr_line' id='line_1_29' title="bbox 536 2040 821 2077; baseline 0.004 -1"><span class='ocrx_word' id='word_1_68' title='bbox 536 2040 685 2077; x_wconf 86' lang='lat' dir='ltr'>Veteris</span> <span class='ocrx_word' id='word_1_69' title='bbox 715 2040 821 2077; x_wconf 85' lang='lat' dir='ltr'>Evae</span> 
     </span>
     <span class='ocr_line' id='line_1_30' title="bbox 479 2097 797 2144; baseline -0.003 -11"><span class='ocrx_word' id='word_1_70' title='bbox 479 2100 583 2144; x_wconf 80' lang='lat' dir='ltr'>Quae</span> <span class='ocrx_word' id='word_1_71' title='bbox 617 2097 797 2143; x_wconf 83' lang='lat' dir='ltr'>depulisti</span> 
     </span>
     <span class='ocr_line' id='line_1_31' title="bbox 480 2154 703 2191; baseline -0.009 0"><span class='ocrx_word' id='word_1_72' title='bbox 480 2155 529 2191; x_wconf 87' lang='lat' dir='ltr'>Et</span> <span class='ocrx_word' id='word_1_73' title='bbox 560 2154 703 2191; x_wconf 85' lang='lat' dir='ltr'>diluisti</span> 
     </span>
    </p>
   </div>
   <div class='ocr_carea' id='block_1_12' title="bbox 535 2210 970 2248">
    <p class='ocr_par' dir='ltr' id='par_1_13' title="bbox 535 2210 970 2248">
     <span class='ocr_line' id='line_1_32' title="bbox 535 2210 970 2248; baseline 0 0"><span class='ocrx_word' id='word_1_74' title='bbox 535 2210 733 2248; x_wconf 89' lang='lat' dir='ltr'>Geminum</span> <span class='ocrx_word' id='word_1_75' title='bbox 765 2210 845 2247; x_wconf 88' lang='lat' dir='ltr'>Vae</span> <span class='ocrx_word' id='word_1_76' title='bbox 876 2211 970 2248; x_wconf 86' lang='lat' dir='ltr'>Vae.</span> 
     </span>
    </p>
   </div>
   <div class='ocr_carea' id='block_1_13' title="bbox 437 2302 869 2986">
    <p class='ocr_par' dir='ltr' id='par_1_14' title="bbox 437 2302 869 2986">
     <span class='ocr_line' id='line_1_33' title="bbox 437 2302 785 2348; baseline -0.011 -7"><span class='ocrx_word' id='word_1_77' title='bbox 437 2332 446 2341; x_wconf 90' lang='lat'><strong>.</strong></span> <span class='ocrx_word' id='word_1_78' title='bbox 482 2302 595 2348; x_wconf 86' lang='lat' dir='ltr'>Virgo</span> <span class='ocrx_word' id='word_1_79' title='bbox 626 2304 785 2345; x_wconf 85' lang='lat' dir='ltr'>sacrata,</span> 
     </span>
     <span class='ocr_line' id='line_1_34' title="bbox 481 2358 741 2395; baseline -0.004 0"><span class='ocrx_word' id='word_1_80' title='bbox 481 2358 599 2395; x_wconf 84' lang='lat' dir='ltr'>Partu</span> <span class='ocrx_word' id='word_1_81' title='bbox 631 2358 741 2394; x_wconf 81' lang='lat' dir='ltr'>beata</span> 
     </span>
     <span class='ocr_line' id='line_1_35' title="bbox 539 2414 788 2463; baseline -0.004 -13"><span class='ocrx_word' id='word_1_82' title='bbox 539 2414 788 2463; x_wconf 84' lang='lat' dir='ltr'>Virginitatis,</span> 
     </span>
     <span class='ocr_line' id='line_1_36' title="bbox 480 2471 778 2508; baseline -0.007 1"><span class='ocrx_word' id='word_1_83' title='bbox 480 2471 606 2508; x_wconf 85' lang='lat' dir='ltr'>Mater</span> <span class='ocrx_word' id='word_1_84' title='bbox 636 2471 778 2507; x_wconf 80' lang='lat' dir='ltr'>intacta</span> 
     </span>
     <span class='ocr_line' id='line_1_37' title="bbox 481 2528 762 2566; baseline -0.011 0"><span class='ocrx_word' id='word_1_85' title='bbox 481 2528 620 2566; x_wconf 86' lang='lat' dir='ltr'>Filium</span> <span class='ocrx_word' id='word_1_86' title='bbox 651 2532 762 2564; x_wconf 87' lang='lat' dir='ltr'>nacta</span> 
     </span>
     <span class='ocr_line' id='line_1_38' title="bbox 537 2584 771 2622; baseline -0.004 -1"><span class='ocrx_word' id='word_1_87' title='bbox 537 2584 771 2622; x_wconf 84' lang='lat' dir='ltr'>Divinitatis.</span> 
     </span>
     <span class='ocr_line' id='line_1_39' title="bbox 440 2663 794 2709; baseline -0.008 -7"><span class='ocrx_word' id='word_1_88' title='bbox 440 2694 448 2702; x_wconf 95' lang='lat'><strong>.</strong></span> <span class='ocrx_word' id='word_1_89' title='bbox 479 2664 529 2701; x_wconf 84' lang='lat' dir='ltr'>Et</span> <span class='ocrx_word' id='word_1_90' title='bbox 560 2663 794 2709; x_wconf 85' lang='lat' dir='ltr'>benedictus,</span> 
     </span>
     <span class='ocr_line' id='line_1_40' title="bbox 482 2720 810 2757; baseline -0.006 0"><span class='ocrx_word' id='word_1_91' title='bbox 482 2720 601 2757; x_wconf 88' lang='lat' dir='ltr'>Nobis</span> <span class='ocrx_word' id='word_1_92' title='bbox 633 2721 810 2757; x_wconf 85' lang='lat' dir='ltr'>astrictus</span> 
     </span>
     <span class='ocr_line' id='line_1_41' title="bbox 540 2778 795 2825; baseline -0.004 -11"><span class='ocrx_word' id='word_1_93' title='bbox 540 2778 795 2825; x_wconf 88' lang='lat' dir='ltr'>Humanitate,</span> 
     </span>
     <span class='ocr_line' id='line_1_42' title="bbox 482 2833 675 2872; baseline -0.016 0"><span class='ocrx_word' id='word_1_94' title='bbox 482 2833 590 2872; x_wconf 90' lang='lat' dir='ltr'>Uteri</span> <span class='ocrx_word' id='word_1_95' title='bbox 620 2833 675 2869; x_wconf 87' lang='lat' dir='ltr'>tui</span> 
     </span>
     <span class='ocr_line' id='line_1_43' title="bbox 484 2889 869 2938; baseline -0.005 -10"><span class='ocrx_word' id='word_1_96' title='bbox 484 2892 659 2937; x_wconf 80' lang='lat' dir='ltr'>Fructus,</span> <span class='ocrx_word' id='word_1_97' title='bbox 692 2901 763 2938; x_wconf 89' lang='lat' dir='ltr'>quo</span> <span class='ocrx_word' id='word_1_98' title='bbox 795 2889 869 2927; x_wconf 89' lang='lat' dir='ltr'>frui</span> 
     </span>
     <span class='ocr_line' id='line_1_44' title="bbox 540 2947 836 2986; baseline 0 -1"><span class='ocrx_word' id='word_1_99' title='bbox 540 2949 631 2985; x_wconf 79' lang='lat' dir='ltr'>Cum</span> <span class='ocrx_word' id='word_1_100' title='bbox 664 2947 836 2986; x_wconf 81' lang='lat' dir='ltr'>ubertate</span> 
     </span>
    </p>
   </div>
   <div class='ocr_carea' id='block_1_14' title="bbox 1243 430 1686 750">
    <p class='ocr_par' dir='ltr' id='par_1_15' title="bbox 1243 430 1686 750">
     <span class='ocr_line' id='line_1_45' title="bbox 1243 430 1661 468; baseline 0 -1"><span class='ocrx_word' id='word_1_101' title='bbox 1243 431 1279 468; x_wconf 87' lang='grc'>8.</span> <span class='ocrx_word' id='word_1_102' title='bbox 1312 430 1442 467; x_wconf 83' lang='lat' dir='ltr'>Sancti</span> <span class='ocrx_word' id='word_1_103' title='bbox 1472 430 1661 467; x_wconf 85' lang='lat' dir='ltr'>laetantur</span> 
     </span>
     <span class='ocr_line' id='line_1_46' title="bbox 1311 486 1604 533; baseline 0.003 -11"><span class='ocrx_word' id='word_1_104' title='bbox 1311 486 1361 523; x_wconf 89' lang='lat' dir='ltr'>Et</span> <span class='ocrx_word' id='word_1_105' title='bbox 1393 486 1604 533; x_wconf 83' lang='lat' dir='ltr'>gloriantur</span> 
     </span>
     <span class='ocr_line' id='line_1_47' title="bbox 1369 543 1652 592; baseline -0.007 -11"><span class='ocrx_word' id='word_1_106' title='bbox 1369 543 1531 581; x_wconf 88' lang='lat' dir='ltr'>Ordines</span> <span class='ocrx_word' id='word_1_107' title='bbox 1561 544 1652 592; x_wconf 78' lang='lat' dir='ltr'>poli,</span> 
     </span>
     <span class='ocr_line' id='line_1_48' title="bbox 1312 597 1616 647; baseline -0.003 -10"><span class='ocrx_word' id='word_1_108' title='bbox 1312 599 1423 637; x_wconf 91' lang='lat' dir='ltr'>Unde</span> <span class='ocrx_word' id='word_1_109' title='bbox 1455 597 1616 647; x_wconf 79' lang='lat' dir='ltr'>fovetur,</span> 
     </span>
     <span class='ocr_line' id='line_1_49' title="bbox 1314 655 1686 702; baseline 0.003 -10"><span class='ocrx_word' id='word_1_110' title='bbox 1314 655 1506 702; x_wconf 85' lang='lat' dir='ltr'>Quidquid</span> <span class='ocrx_word' id='word_1_111' title='bbox 1537 660 1686 693; x_wconf 86' lang='lat' dir='ltr'>tenetur</span> 
     </span>
     <span class='ocr_line' id='line_1_50' title="bbox 1370 712 1639 750; baseline 0.004 -1"><span class='ocrx_word' id='word_1_112' title='bbox 1370 712 1527 749; x_wconf 92' lang='lat' dir='ltr'>Ambitu</span> <span class='ocrx_word' id='word_1_113' title='bbox 1557 713 1639 750; x_wconf 87' lang='lat' dir='ltr'>soli.</span> 
     </span>
    </p>
   </div>
   <div class='ocr_carea' id='block_1_15' title="bbox 1248 803 1724 1136">
    <p class='ocr_par' dir='ltr' id='par_1_16' title="bbox 1248 803 1724 1136">
     <span class='ocr_line' id='line_1_51' title="bbox 1248 803 1676 851; baseline -0.005 -10"><span class='ocrx_word' id='word_1_114' title='bbox 1248 805 1284 842; x_wconf 89' lang='lat'>9.</span> <span class='ocrx_word' id='word_1_115' title='bbox 1318 803 1481 849; x_wconf 86' lang='lat' dir='ltr'>Spiritus</span> <span class='ocrx_word' id='word_1_116' title='bbox 1513 807 1676 851; x_wconf 84' lang='lat' dir='ltr'>sanctus,</span> 
     </span>
     <span class='ocr_line' id='line_1_52' title="bbox 1315 859 1655 906; baseline 0.003 -11"><span class='ocrx_word' id='word_1_117' title='bbox 1315 859 1417 896; x_wconf 89' lang='lat' dir='ltr'>Talis</span> <span class='ocrx_word' id='word_1_118' title='bbox 1449 863 1486 896; x_wconf 92' lang='lat' dir='ltr'>et</span> <span class='ocrx_word' id='word_1_119' title='bbox 1517 864 1655 906; x_wconf 84' lang='lat' dir='ltr'>tantus,</span> 
     </span>
     <span class='ocr_line' id='line_1_53' title="bbox 1374 916 1711 953; baseline 0 -1"><span class='ocrx_word' id='word_1_120' title='bbox 1374 917 1416 953; x_wconf 91' lang='lat' dir='ltr'>In</span> <span class='ocrx_word' id='word_1_121' title='bbox 1447 920 1484 952; x_wconf 88' lang='lat' dir='ltr'>te</span> <span class='ocrx_word' id='word_1_122' title='bbox 1516 916 1711 953; x_wconf 86' lang='lat' dir='ltr'>descendit</span> 
     </span>
     <span class='ocr_line' id='line_1_54' title="bbox 1317 972 1634 1020; baseline 0 -11"><span class='ocrx_word' id='word_1_123' title='bbox 1317 973 1445 1019; x_wconf 89' lang='lat' dir='ltr'>Teque</span> <span class='ocrx_word' id='word_1_124' title='bbox 1475 972 1634 1020; x_wconf 91' lang='lat' dir='ltr'>benigne</span> 
     </span>
     <span class='ocr_line' id='line_1_55' title="bbox 1319 1029 1593 1076; baseline -0.004 -10"><span class='ocrx_word' id='word_1_125' title='bbox 1319 1029 1393 1066; x_wconf 87' lang='lat' dir='ltr'>Suo</span> <span class='ocrx_word' id='word_1_126' title='bbox 1424 1029 1478 1066; x_wconf 87' lang='lat' dir='ltr'>sic</span> <span class='ocrx_word' id='word_1_127' title='bbox 1507 1029 1593 1076; x_wconf 85' lang='lat' dir='ltr'>igne</span> 
     </span>
     <span class='ocr_line' id='line_1_56' title="bbox 1373 1086 1724 1136; baseline -0.003 -13"><span class='ocrx_word' id='word_1_128' title='bbox 1373 1086 1507 1123; x_wconf 86' lang='lat' dir='ltr'>Totam</span> <span class='ocrx_word' id='word_1_129' title='bbox 1537 1086 1724 1136; x_wconf 84' lang='lat' dir='ltr'>accendit,</span> 
     </span>
    </p>
   </div>
   <div class='ocr_carea' id='block_1_16' title="bbox 1224 1176 1729 1506">
    <p class='ocr_par' dir='ltr' id='par_1_17' title="bbox 1224 1176 1729 1506">
     <span class='ocr_line' id='line_1_57' title="bbox 1224 1176 1631 1224; baseline -0.005 -10"><span class='ocrx_word' id='word_1_130' title='bbox 1224 1178 1288 1217; x_wconf 88' lang='grc'>10.</span> <span class='ocrx_word' id='word_1_131' title='bbox 1320 1176 1373 1215; x_wconf 79' lang='lat' dir='ltr'>Ut</span> <span class='ocrx_word' id='word_1_132' title='bbox 1403 1177 1504 1213; x_wconf 89' lang='lat' dir='ltr'>velut</span> <span class='ocrx_word' id='word_1_133' title='bbox 1534 1177 1631 1224; x_wconf 90' lang='lat' dir='ltr'>ignis</span> 
     </span>
     <span class='ocr_line' id='line_1_58' title="bbox 1318 1233 1660 1280; baseline -0.003 -9"><span class='ocrx_word' id='word_1_134' title='bbox 1318 1233 1446 1271; x_wconf 87' lang='lat' dir='ltr'>Rebus</span> <span class='ocrx_word' id='word_1_135' title='bbox 1478 1238 1515 1270; x_wconf 89' lang='lat' dir='ltr'>et</span> <span class='ocrx_word' id='word_1_136' title='bbox 1544 1234 1660 1280; x_wconf 84' lang='lat' dir='ltr'>signis</span> 
     </span>
     <span class='ocr_line' id='line_1_59' title="bbox 1373 1289 1631 1335; baseline -0.004 -8"><span class='ocrx_word' id='word_1_137' title='bbox 1373 1289 1520 1327; x_wconf 86' lang='lat' dir='ltr'>Lucida</span> <span class='ocrx_word' id='word_1_138' title='bbox 1549 1289 1631 1335; x_wconf 88' lang='lat' dir='ltr'>fias,</span> 
     </span>
     <span class='ocr_line' id='line_1_60' title="bbox 1314 1347 1673 1389; baseline -0.006 -5"><span class='ocrx_word' id='word_1_139' title='bbox 1314 1347 1395 1384; x_wconf 85' lang='lat' dir='ltr'>Tua</span> <span class='ocrx_word' id='word_1_140' title='bbox 1425 1347 1673 1389; x_wconf 78' lang='lat' dir='ltr'>resplendens</span> 
     </span>
     <span class='ocr_line' id='line_1_61' title="bbox 1317 1404 1729 1441; baseline -0.002 0"><span class='ocrx_word' id='word_1_141' title='bbox 1317 1404 1466 1441; x_wconf 87' lang='lat' dir='ltr'>Mentes</span> <span class='ocrx_word' id='word_1_142' title='bbox 1497 1404 1729 1440; x_wconf 83' lang='lat' dir='ltr'>succendens</span> 
     </span>
     <span class='ocr_line' id='line_1_62' title="bbox 1376 1459 1635 1506; baseline 0 -9"><span class='ocrx_word' id='word_1_143' title='bbox 1376 1459 1509 1497; x_wconf 84' lang='lat' dir='ltr'>Gratia</span> <span class='ocrx_word' id='word_1_144' title='bbox 1541 1460 1635 1506; x_wconf 73' lang='lat' dir='ltr'>piaS.</span> 
     </span>
    </p>
   </div>
   <div class='ocr_carea' id='block_1_17' title="bbox 1223 1550 1669 1596">
    <p class='ocr_par' dir='ltr' id='par_1_18' title="bbox 1223 1550 1669 1596">
     <span class='ocr_line' id='line_1_63' title="bbox 1223 1550 1669 1596; baseline -0.007 -7"><span class='ocrx_word' id='word_1_145' title='bbox 1223 1553 1287 1589; x_wconf 89' lang='lat'>11.</span> <span class='ocrx_word' id='word_1_146' title='bbox 1323 1551 1450 1588; x_wconf 88' lang='lat' dir='ltr'>Virtus</span> <span class='ocrx_word' id='word_1_147' title='bbox 1482 1554 1519 1587; x_wconf 90' lang='lat' dir='ltr'>et</span> <span class='ocrx_word' id='word_1_148' title='bbox 1549 1550 1669 1596; x_wconf 86' lang='lat' dir='ltr'>patris</span> 
     </span>
    </p>
   </div>
   <div class='ocr_carea' id='block_1_18' title="bbox 1322 1607 1664 1766">
    <p class='ocr_par' dir='ltr' id='par_1_19' title="bbox 1322 1607 1664 1766">
     <span class='ocr_line' id='line_1_64' title="bbox 1322 1607 1633 1645; baseline -0.006 0"><span class='ocrx_word' id='word_1_149' title='bbox 1322 1607 1472 1645; x_wconf 83' lang='lat' dir='ltr'>Gaudia</span> <span class='ocrx_word' id='word_1_150' title='bbox 1501 1607 1633 1644; x_wconf 87' lang='lat' dir='ltr'>matris</span> 
     </span>
     <span class='ocr_line' id='line_1_65' title="bbox 1378 1664 1664 1709; baseline 0 -9"><span class='ocrx_word' id='word_1_151' title='bbox 1378 1664 1464 1701; x_wconf 91' lang='lat' dir='ltr'>Tibi</span> <span class='ocrx_word' id='word_1_152' title='bbox 1497 1664 1664 1709; x_wconf 80' lang='lat' dir='ltr'>donavit,</span> 
     </span>
     <span class='ocr_line' id='line_1_66' title="bbox 1324 1721 1621 1766; baseline 0 -9"><span class='ocrx_word' id='word_1_153' title='bbox 1324 1723 1366 1758; x_wconf 90' lang='lat' dir='ltr'>In</span> <span class='ocrx_word' id='word_1_154' title='bbox 1398 1725 1435 1757; x_wconf 91' lang='lat' dir='ltr'>te</span> <span class='ocrx_word' id='word_1_155' title='bbox 1466 1721 1621 1766; x_wconf 85' lang='lat' dir='ltr'>resedit,</span> 
     </span>
    </p>
   </div>
   <div class='ocr_carea' id='block_1_19' title="bbox 1325 1777 1711 1871">
    <p class='ocr_par' dir='ltr' id='par_1_20' title="bbox 1325 1777 1711 1871">
     <span class='ocr_line' id='line_1_67' title="bbox 1325 1777 1619 1815; baseline -0.003 -1"><span class='ocrx_word' id='word_1_156' title='bbox 1325 1777 1411 1815; x_wconf 89' lang='lat' dir='ltr'>Tibi</span> <span class='ocrx_word' id='word_1_157' title='bbox 1441 1788 1481 1814; x_wconf 88' lang='lat' dir='ltr'>se</span> <span class='ocrx_word' id='word_1_158' title='bbox 1513 1777 1619 1814; x_wconf 84' lang='lat' dir='ltr'>dedit</span> 
     </span>
     <span class='ocr_line' id='line_1_68' title="bbox 1376 1834 1711 1871; baseline 0 0"><span class='ocrx_word' id='word_1_159' title='bbox 1376 1834 1427 1871; x_wconf 91' lang='lat' dir='ltr'>Et</span> <span class='ocrx_word' id='word_1_160' title='bbox 1459 1834 1711 1871; x_wconf 85' lang='lat' dir='ltr'>obumbravit.</span> 
     </span>
    </p>
   </div>
   <div class='ocr_carea' id='block_1_20' title="bbox 1233 1925 1745 2247">
    <p class='ocr_par' dir='ltr' id='par_1_21' title="bbox 1233 1925 1745 2247">
     <span class='ocr_line' id='line_1_69' title="bbox 1233 1925 1745 1973; baseline -0.002 -10"><span class='ocrx_word' id='word_1_161' title='bbox 1233 1927 1295 1963; x_wconf 87' lang='lat'>12.</span> <span class='ocrx_word' id='word_1_162' title='bbox 1330 1925 1452 1973; x_wconf 87' lang='lat' dir='ltr'>Unde,</span> <span class='ocrx_word' id='word_1_163' title='bbox 1486 1925 1585 1972; x_wconf 90' lang='lat' dir='ltr'>quod</span> <span class='ocrx_word' id='word_1_164' title='bbox 1616 1930 1745 1962; x_wconf 85' lang='lat' dir='ltr'>natum</span> 
     </span>
     <span class='ocr_line' id='line_1_70' title="bbox 1327 1982 1645 2030; baseline -0.003 -11"><span class='ocrx_word' id='word_1_165' title='bbox 1327 1982 1384 2019; x_wconf 81' lang='lat' dir='ltr'>Ex</span> <span class='ocrx_word' id='word_1_166' title='bbox 1416 1987 1453 2019; x_wconf 91' lang='lat' dir='ltr'>te</span> <span class='ocrx_word' id='word_1_167' title='bbox 1486 1982 1645 2030; x_wconf 86' lang='lat' dir='ltr'>beatum,</span> 
     </span>
     <span class='ocr_line' id='line_1_71' title="bbox 1381 2039 1691 2088; baseline -0.003 -13"><span class='ocrx_word' id='word_1_168' title='bbox 1381 2039 1451 2076; x_wconf 88' lang='lat' dir='ltr'>Est</span> <span class='ocrx_word' id='word_1_169' title='bbox 1482 2049 1593 2076; x_wconf 84' lang='lat' dir='ltr'>eausa</span> <span class='ocrx_word' id='word_1_170' title='bbox 1624 2039 1691 2088; x_wconf 86' lang='lat' dir='ltr'>rei,</span> 
     </span>
     <span class='ocr_line' id='line_1_72' title="bbox 1326 2096 1599 2132; baseline 0 0"><span class='ocrx_word' id='word_1_171' title='bbox 1326 2096 1412 2132; x_wconf 87' lang='lat' dir='ltr'>Iure</span> <span class='ocrx_word' id='word_1_172' title='bbox 1443 2101 1599 2132; x_wconf 84' lang='lat' dir='ltr'>vocatur</span> 
     </span>
     <span class='ocr_line' id='line_1_73' title="bbox 1323 2152 1586 2190; baseline 0 -1"><span class='ocrx_word' id='word_1_173' title='bbox 1323 2152 1375 2189; x_wconf 89' lang='lat' dir='ltr'>Et</span> <span class='ocrx_word' id='word_1_174' title='bbox 1405 2152 1586 2190; x_wconf 83' lang='lat' dir='ltr'>adoratur</span> 
     </span>
     <span class='ocr_line' id='line_1_74' title="bbox 1380 2209 1617 2247; baseline -0.008 0"><span class='ocrx_word' id='word_1_175' title='bbox 1380 2209 1502 2247; x_wconf 86' lang='lat' dir='ltr'>Filius</span> <span class='ocrx_word' id='word_1_176' title='bbox 1536 2209 1617 2246; x_wconf 92' lang='lat' dir='ltr'>Dei.</span> 
     </span>
    </p>
   </div>
   <div class='ocr_carea' id='block_1_21' title="bbox 1229 2298 1692 2629">
    <p class='ocr_par' dir='ltr' id='par_1_22' title="bbox 1229 2298 1668 2346">
     <span class='ocr_line' id='line_1_75' title="bbox 1229 2298 1668 2346; baseline -0.002 -9"><span class='ocrx_word' id='word_1_177' title='bbox 1229 2301 1292 2337; x_wconf 83' lang='lat'>13.</span> <span class='ocrx_word' id='word_1_178' title='bbox 1324 2300 1496 2346; x_wconf 88' lang='lat' dir='ltr'>Dumque</span> <span class='ocrx_word' id='word_1_179' title='bbox 1527 2298 1668 2343; x_wconf 79' lang='lat' dir='ltr'>favisti,</span> 
     </span>
    </p>

    <p class='ocr_par' dir='ltr' id='par_1_23' title="bbox 1323 2356 1681 2460">
     <span class='ocr_line' id='line_1_76' title="bbox 1323 2356 1612 2405; baseline -0.007 -11"><span class='ocrx_word' id='word_1_180' title='bbox 1323 2357 1419 2394; x_wconf 86' lang='lat' dir='ltr'>Dum</span> <span class='ocrx_word' id='word_1_181' title='bbox 1452 2356 1612 2405; x_wconf 86' lang='lat' dir='ltr'>paruisti</span> 
     </span>
     <span class='ocr_line' id='line_1_77' title="bbox 1382 2413 1681 2460; baseline -0.003 -11"><span class='ocrx_word' id='word_1_182' title='bbox 1382 2413 1474 2460; x_wconf 83' lang='lat' dir='ltr'>Regi</span> <span class='ocrx_word' id='word_1_183' title='bbox 1505 2423 1681 2460; x_wconf 88' lang='lat' dir='ltr'>superno,</span> 
     </span>
    </p>

    <p class='ocr_par' dir='ltr' id='par_1_24' title="bbox 1325 2470 1589 2516">
     <span class='ocr_line' id='line_1_78' title="bbox 1325 2470 1589 2516; baseline -0.004 -9"><span class='ocrx_word' id='word_1_184' title='bbox 1325 2470 1387 2507; x_wconf 85' lang='lat' dir='ltr'>Sic</span> <span class='ocrx_word' id='word_1_185' title='bbox 1417 2471 1589 2516; x_wconf 87' lang='lat' dir='ltr'>genuisti,</span> 
     </span>
    </p>

    <p class='ocr_par' dir='ltr' id='par_1_25' title="bbox 1327 2526 1692 2629">
     <span class='ocr_line' id='line_1_79' title="bbox 1327 2526 1587 2564; baseline -0.004 0"><span class='ocrx_word' id='word_1_186' title='bbox 1327 2526 1389 2564; x_wconf 83' lang='lat' dir='ltr'>Sic</span> <span class='ocrx_word' id='word_1_187' title='bbox 1419 2527 1587 2563; x_wconf 85' lang='lat' dir='ltr'>meruisti</span> 
     </span>
     <span class='ocr_line' id='line_1_80' title="bbox 1383 2583 1692 2629; baseline -0.003 -8"><span class='ocrx_word' id='word_1_188' title='bbox 1383 2583 1542 2621; x_wconf 91' lang='lat' dir='ltr'>Lumine</span> <span class='ocrx_word' id='word_1_189' title='bbox 1572 2588 1692 2629; x_wconf 91' lang='lat' dir='ltr'>terno,</span> 
     </span>
    </p>
   </div>
   <div class='ocr_carea' id='block_1_22' title="bbox 1230 2663 1644 2984">
    <p class='ocr_par' dir='ltr' id='par_1_26' title="bbox 1230 2663 1644 2984">
     <span class='ocr_line' id='line_1_81' title="bbox 1230 2663 1593 2701; baseline -0.006 0"><span class='ocrx_word' id='word_1_190' title='bbox 1230 2664 1291 2701; x_wconf 80' lang='lat'>14.</span> <span class='ocrx_word' id='word_1_191' title='bbox 1325 2663 1484 2700; x_wconf 88' lang='lat' dir='ltr'>Lumine</span> <span class='ocrx_word' id='word_1_192' title='bbox 1514 2663 1593 2699; x_wconf 91' lang='lat' dir='ltr'>veri</span> 
     </span>
     <span class='ocr_line' id='line_1_82' title="bbox 1324 2719 1617 2766; baseline -0.007 -9"><span class='ocrx_word' id='word_1_193' title='bbox 1324 2720 1437 2766; x_wconf 83' lang='lat' dir='ltr'>Regis</span> <span class='ocrx_word' id='word_1_194' title='bbox 1467 2719 1617 2766; x_wconf 85' lang='lat' dir='ltr'>impleri</span> 
     </span>
     <span class='ocr_line' id='line_1_83' title="bbox 1381 2775 1616 2813; baseline -0.004 0"><span class='ocrx_word' id='word_1_195' title='bbox 1381 2775 1515 2813; x_wconf 83' lang='lat' dir='ltr'>Gratia</span> <span class='ocrx_word' id='word_1_196' title='bbox 1546 2775 1616 2812; x_wconf 87' lang='lat' dir='ltr'>Dei</span> 
     </span>
     <span class='ocr_line' id='line_1_84' title="bbox 1325 2833 1644 2870; baseline -0.003 0"><span class='ocrx_word' id='word_1_197' title='bbox 1325 2834 1426 2870; x_wconf 84' lang='lat' dir='ltr'>Voce</span> <span class='ocrx_word' id='word_1_198' title='bbox 1458 2833 1526 2870; x_wconf 89' lang='lat' dir='ltr'>sub</span> <span class='ocrx_word' id='word_1_199' title='bbox 1557 2833 1644 2869; x_wconf 87' lang='lat' dir='ltr'>illa:</span> 
     </span>
     <span class='ocr_line' id='line_1_85' title="bbox 1326 2889 1614 2935; baseline -0.007 -8"><span class='ocrx_word' id='word_1_200' title='bbox 1326 2890 1437 2935; x_wconf 85' lang='lat' dir='ltr'>Eece,</span> <span class='ocrx_word' id='word_1_201' title='bbox 1474 2889 1614 2926; x_wconf 85' lang='lat' dir='ltr'>ancilla</span> 
     </span>
     <span class='ocr_line' id='line_1_86' title="bbox 1380 2945 1643 2984; baseline -0.011 0"><span class='ocrx_word' id='word_1_202' title='bbox 1380 2946 1531 2984; x_wconf 89' lang='lat' dir='ltr'>Domini</span> <span class='ocrx_word' id='word_1_203' title='bbox 1561 2945 1643 2981; x_wconf 85' lang='lat' dir='ltr'>mei.</span> 
     </span>
    </p>
   </div>
   <div class='ocr_carea' id='block_1_23' title="bbox 1952 0 2031 817">
    <p class='ocr_par' dir='ltr' id='par_1_27' title="bbox 1952 0 2031 817">
     <span class='ocr_line' id='line_1_87' title="bbox 1952 0 2031 817; baseline 0 0"><span class='ocrx_word' id='word_1_204' title='bbox 1952 0 2031 817; x_wconf 95' lang='lat' dir='ltr'> </span> 
     </span>
    </p>
   </div>
  </div>
 </body>
</html>
