1914 3223
754 174 947 215 -347

140 288 204 327 16.
240 283 455 326 Secundum
488 291 591 324 tuum
622 288 795 325 invamen

168 865 204 903 1.

163 1567 186 1604 N>

239 343 344 381 Fieri
376 345 467 381 mihi
498 345 666 382 levamen

297 400 423 437 Credo
455 402 635 448 propulso
667 401 794 446 dubio,

240 457 346 502 Quod
381 457 501 494 liabeo
531 468 599 504 per
629 457 837 504 probamen

239 513 462 558 Multorum,
494 514 557 560 qui
589 515 822 551 medicamen

297 570 449 606 Habent.
480 575 543 607 tuo
573 570 764 618 subsidi03

1011 196 1057 203 —

1057 289 1108 326 Et
1139 289 1225 326 ideo
1257 290 1372 326 eorde
1403 290 1466 336 pio

1056 346 1152 382 Mihi
1186 347 1276 383 dato
1308 347 1441 383 exsilio

1115 403 1206 439 l'eto
1237 402 1318 439 fieri
1353 403 1531 450 solamen,

1054 459 1265 504 Aggregari
1298 460 1486 496 consortio

1059 514 1140 551 Tuo
1172 515 1265 552 caeli
1298 515 1449 561 fastigio

1117 571 1211 607 Fine
1242 572 1470 617 perenniter.
1533 574 1668 612 Amen.

214 647 358 679 Collect.
385 659 446 678 ms.
473 648 754 680 Ularaevallense
778 656 868 680 saec.
898 645 947 681 15.
997 648 1079 681 Cod.
1105 650 1246 680 Trecen.
1277 648 1372 681 1612.

497 781 578 817 35⁴3.
619 783 698 825 (11.)
734 783 789 817 Ad
816 782 997 818 sanetum
1023 783 1298 817 Benedictuui.

235 859 370 912 Gregis
401 867 533 910 pastor
562 866 841 915 monachorum,

237 919 374 957 Sancte
406 925 536 968 pater,
571 919 692 958 forma
722 932 867 959 morum

291 978 416 1023 Atque
448 978 642 1024 regulator
672 978 786 1026 vitae,

235 1033 455 1078 Benedicte,
488 1045 631 1080 ponens
661 1035 782 1071 lorum

234 1090 441 1128 Erroribus
476 1091 674 1138 viatorum,

290 1147 360 1194 Qui
393 1147 587 1193 elegerunt
617 1147 722 1195 sequi
752 1152 802 1194 te,

232 1203 296 1241 Ad
328 1209 366 1240 te
397 1204 580 1240 accedere
611 1205 682 1241 rite

232 1259 285 1298 Et
318 1261 457 1296 reverti
489 1271 562 1297 non
594 1261 723 1306 invite,

291 1316 444 1354 Debent
461 1327 562 1363 oves,
581 1328 675 1364 quae
691 1318 866 1364 luporum

232 1373 385 1410 Timent
416 1372 556 1422 fauces,
591 1374 825 1423 dispertitae,

234 1423 503 1477 Vagabundae,
535 1441 576 1466 se
606 1430 747 1468 oblitae

291 1487 334 1523 In
366 1487 511 1524 abrutis
544 1489 830 1532 mundanorum,

191 1596 200 1604 .
232 1562 497 1613 Uagabundus
526 1577 606 1602 sum
639 1570 677 1602 et
707 1565 762 1603 fui

234 1622 288 1660 Te
319 1629 509 1669 pastorem
540 1623 730 1670 neglectui

289 1679 444 1717 Habens
477 1684 514 1716 et
543 1683 609 1717 tua
638 1691 794 1727 pascua,

233 1735 377 1773 Errare
407 1747 481 1773 non
513 1736 645 1773 erubui

231 1792 336 1829 Inter
366 1803 514 1840 vepres,
547 1804 620 1840 quo
654 1794 739 1830 exui

290 1849 418 1886 Velius
450 1855 489 1886 ut
521 1850 602 1887 ovis
635 1849 762 1899 fatua,

230 1905 360 1953 Lupus
392 1907 513 1953 adest,
547 1907 691 1952 praeda
721 1918 789 1944 sua

231 1962 316 2000 Cito
347 1962 445 2011 fiam,
478 1963 551 2000 nisi
581 1968 658 2011 tua,

288 2020 330 2056 In
353 2030 426 2066 qua
457 2030 574 2057 meam
607 2030 712 2067 spem
743 2021 865 2067 posui,

231 2076 338 2113 Assit
367 2076 491 2123 gratia
521 2075 650 2124 afflua,

230 2133 464 2179 Pietatisque
493 2133 606 2170 ianua

288 2189 385 2226 Mihi
416 2194 608 2227 reseretur
638 2190 704 2228 tui.

191 2297 200 2305 .
234 2264 395 2315 Iamque
428 2274 512 2305 tuus
544 2269 732 2316 appellari

233 2325 319 2362 Non
356 2336 436 2362 sum
470 2325 604 2373 dignus
635 2327 694 2363 vel
725 2326 866 2375 vocari,

287 2382 353 2419 Ad
384 2387 421 2418 te
452 2387 624 2420 revertor
653 2382 765 2426 filius,

234 2437 272 2475 Si
307 2438 354 2475 de
382 2439 541 2486 siliquis,
574 2451 669 2486 quae
701 2439 784 2476 dari

235 2493 363 2531 Solent
389 2496 532 2542 porcis,
565 2496 729 2533 saturari

292 2551 427 2598 Cupivi
458 2552 568 2589 nimis
600 2553 746 2597 anxius,

234 2607 291 2644 De
321 2608 439 2657 micis,
472 2619 567 2655 quae
597 2608 756 2646 inferius

236 2664 382 2701 Cadere
412 2665 534 2701 solent
564 2666 715 2711 saepius

288 2721 414 2768 Atque
446 2721 593 2758 catellis
623 2722 768 2770 donari,

234 2777 313 2814 Iam
345 2788 436 2825 rogo
466 2777 555 2814 mihi
588 2779 771 2829 conscius,

234 2832 287 2870 Ut
316 2834 421 2880 quasi
453 2835 708 2871 mercenarius

292 2890 366 2927 Per
396 2895 433 2927 te
458 2901 591 2937 queam
623 2891 800 2930 recreari.

981 867 1019 905 4.
1051 861 1281 903 Liberalium
1314 866 1450 902 artium

1052 922 1122 967 Qui
1154 921 1338 968 reliquisti
1370 923 1536 959 studium

1112 978 1265 1015 Placere
1297 978 1377 1015 Deo
1409 980 1563 1026 cupiens

1053 1035 1104 1072 Et
1135 1035 1248 1071 eremi
1281 1034 1465 1082 refugium

1054 1092 1231 1138 Elegisti‚
1264 1090 1499 1139 naufragium

1110 1148 1304 1185 Proeellae
1335 1149 1465 1185 mundi
1495 1148 1654 1197 fugiens,

1052 1203 1145 1250 Fac,
1179 1211 1299 1251 pater,
1329 1210 1381 1249 ut,
1416 1206 1477 1252 qui
1510 1205 1641 1243 abiens

1050 1259 1123 1297 Fui
1157 1273 1253 1298 vana
1284 1266 1322 1298 et
1353 1263 1504 1308 sapiens

1109 1318 1149 1354 In
1182 1319 1328 1355 animae
1362 1319 1615 1367 dispendium,

1051 1373 1113 1411 Sic
1144 1375 1247 1421 sequi
1280 1379 1317 1411 te
1347 1376 1417 1412 sim
1449 1376 1593 1423 sitiens,

1051 1430 1104 1469 Ut
1135 1436 1349 1478 correptum
1381 1432 1619 1478 prospiciens

1104 1488 1337 1534 Quandoque
1368 1499 1479 1525 voces
1512 1489 1641 1528 filium.

1010 1596 1018 1605 .
1051 1564 1154 1606 Leva
1184 1567 1345 1614 lapsum,
1377 1568 1440 1614 qui
1473 1569 1626 1615 corruit,
1664 1552 1667 1559 Ι

1050 1623 1261 1673 Reparans,
1295 1629 1335 1660 ut
1364 1635 1452 1670 spes
1482 1625 1620 1672 arguit,

1106 1681 1171 1717 Me
1202 1678 1363 1717 fractum
1396 1681 1661 1729 capisterium3

1047 1738 1207 1775 Factum
1239 1738 1432 1784 antiquum
1467 1739 1608 1787 docuit,

1047 1794 1154 1841 Quod
1186 1798 1251 1830 tua
1281 1795 1402 1831 virtus
1436 1795 1547 1831 diluit

1104 1849 1376 1888 Fracturarum
1409 1852 1628 1902 vestigiumt,

1049 1906 1150 1944 Illud
1185 1908 1347 1959 cumqsit
1378 1909 1578 1955 notorium,

1051 1963 1216 2000 Tuarum
1247 1974 1397 2011 gregem
1429 1965 1554 2001 ovium

1108 2021 1174 2058 Pie
1206 2026 1332 2057 monet
1363 2024 1399 2057 et
1430 2021 1596 2071 instruit,

1051 2076 1104 2115 Ut
1135 2081 1172 2113 te
1203 2080 1384 2124 quaerant
1416 2076 1603 2125 refugium

1051 2134 1194 2171 Contra
1225 2133 1475 2181 quodeunque
1507 2135 1672 2182 noxium,

1107 2190 1265 2236 Quando
1298 2191 1405 2228 decet
1439 2196 1475 2227 et
1497 2192 1680 2239 congruit.

1011 2300 1020 2309 .
1054 2266 1220 2309 Exutum
1253 2273 1289 2306 et
1322 2269 1555 2306 denudatum

1051 2328 1110 2364 Ac
1139 2327 1178 2362 in
1210 2326 1329 2374 spinis
1362 2327 1569 2363 cruciatum

1108 2382 1238 2420 Debeo
1270 2388 1307 2419 te
1337 2383 1517 2430 recolere,

1050 2440 1149 2477 Dum
1181 2440 1302 2476 sentio
1333 2450 1391 2476 me
1421 2444 1646 2486 temptatum

1048 2497 1112 2534 Ad
1142 2496 1223 2533 avis
1255 2496 1387 2543 nigrae
1418 2496 1596 2543 volatum,

1107 2553 1321 2599 Satagentis
1353 2553 1543 2599 decipere,

1047 2610 1109 2658 Et,
1143 2610 1174 2645 si
1206 2609 1399 2655 contingat
1431 2609 1580 2658 degere,

1051 2667 1115 2704 Me
1147 2665 1266 2703 debeo
1297 2666 1469 2711 aspicere

1106 2723 1160 2759 Te
1193 2721 1230 2758 in
1263 2732 1377 2768 specu
1408 2726 1651 2770 maceratum,

1049 2779 1134 2816 Non
1166 2778 1380 2823 habentem,
1413 2789 1485 2825 quo
1517 2778 1656 2827 vivere,

1049 2836 1131 2872 Nisi
1165 2845 1312 2882 panem,
1344 2846 1456 2881 quam
1486 2835 1606 2872 libere

1103 2892 1177 2929 Dat
1197 2891 1386 2928 Romanus
1401 2892 1680 2933 inchordatum.
