2031 3289
942 168 1219 208 -43—

301 289 321 322 2
338 292 398 323 Nr.
424 287 491 323 928
505 289 554 329 (S.
579 289 643 323 341
670 302 702 322 u.
730 291 764 325 f.)
788 291 861 322 sich
887 291 1001 328 findet,
1027 292 1162 322 worauf
1178 292 1277 323 Hartl
1303 292 1399 322 nicht
1423 291 1655 323 aufmerksam
1672 291 1855 333 geworden

302 347 344 368 zu
370 337 444 368 sein
470 336 614 374 scheint,
640 336 701 367 hat
726 340 839 367 zuerst
865 339 997 377 caspar
1020 336 1139 374 Barth,
1164 337 1307 368 Advers.
1333 337 1521 368 Comment.
1547 336 1569 367 l.
1595 336 1757 374 XXXIV,
1781 347 1810 368 c.
1837 335 1853 368 1

302 381 596 423 herausgegeben.
645 381 790 412 Seltsam
823 381 938 422 klingt
968 381 1028 412 der
1059 381 1307 413 Fundbericht:
1345 383 1456 422 „Dum
1485 383 1752 423 Argentoratum
1780 403 1788 411 .
1814 405 1822 412 .
1848 406 1856 413 .

300 427 494 468 spatiantes
527 430 645 457 vetera
680 426 805 457 rudera
829 426 1035 457 Carthusiae
1060 426 1331 467 perlustramus,
1362 437 1440 458 ecce
1465 427 1530 459 tibi
1558 426 1729 458 hominem
1754 426 1857 458 bene-

304 471 422 503 volum
458 474 586 507 nostri,
627 471 716 510 qui‚¹
741 471 821 501 dum
858 471 899 501 de
935 471 1155 503 bibliothecis
1192 473 1315 513 priscis
1351 473 1582 513 inquirentem
1614 471 1726 509 audit,
1764 471 1859 503 ultra

304 517 406 549 nobis
432 519 631 547 muneratur
655 515 807 547 codicem
833 516 1144 555 membranaceum,
1169 518 1204 548 in
1221 527 1289 558 quo
1311 517 1399 548 liber
1417 517 1602 558 Augustini
1620 516 1661 547 de
1678 515 1858 547 duodecim

304 562 477 598 abusivis,
512 562 628 591 nescio
662 571 707 591 an
740 560 869 598 editus,
896 571 940 591 an
972 563 1075 592 etiam
1108 561 1305 602 legitimus,
1339 585 1346 592 .
1383 586 1390 593 .
1423 585 1431 592 .
1458 586 1465 593 .
1499 566 1572 593 tum
1604 568 1686 592 vero
1724 563 1759 592 in
1791 559 1858 592 fine

303 607 522 648 reperiuntur
558 605 727 636 nonnulla
758 607 913 637 carmina
938 607 1132 644 variorum,
1165 610 1204 637 ut
1227 607 1379 647 videtur,
1414 611 1605 638 auctorum.
1651 607 1746 637 Inter
1770 615 1859 647 quae

304 651 458 683 iambum
493 650 583 681 hunc
613 650 738 681 offendi
762 651 946 688 Latinum,
980 651 1135 688 doctum,
1166 651 1352 690 disertum,
1387 662 1487 693 quem
1513 653 1542 683 si
1569 652 1635 682 mei
1658 651 1778 682 iudicii
1803 661 1858 682 res

303 698 358 734 sit,
383 695 533 727 Paulino
559 696 732 727 ascribere
758 706 829 726 non
845 696 1032 727 dubitem.“
1074 697 1244 728 Niemand
1272 698 1355 728 wird
1380 697 1477 728 indes
1495 697 1569 728 dies
1596 696 1806 738 „egregium,
1829 696 1861 727 si

302 751 372 773 non
398 741 500 782 plane
525 740 683 771 divinum
707 739 987 772 monumentum“
1015 741 1119 779 lesen,
1147 741 1233 773 ohne
1261 743 1355 774 seine
1373 740 1673 773 Verwandtschast
1697 742 1759 772 mit
1782 741 1860 772 dem

304 785 771 827 pseudobernhardinischen
798 781 934 817 Iubilus
959 786 1001 817 de
1018 787 1165 817 Nomine
1190 788 1269 818 Iesu
1294 798 1333 818 zu
1361 787 1546 819 erkennen.
1588 785 1775 817 Entweder
1799 786 1859 818 der

302 831 483 863 Verfasser
508 831 567 862 des
591 831 691 862 Iesu
716 830 869 862 dulcis
895 833 1132 863 memoriae
1158 832 1288 864 kannte
1312 833 1408 864 diese
1424 833 1507 871 Ode,
1533 831 1615 864 oder
1640 831 1700 862 der
1715 831 1862 862 Dichter

303 877 418 908 dieser
452 876 583 907 kannte
610 876 675 907 den
701 876 847 907 Iubilus.
889 877 943 907 Da
969 875 1161 908 ausser-dem
1195 877 1250 908 die
1275 888 1383 919 ganze
1410 878 1567 919 Haltung
1591 876 1650 907 des
1676 875 1861 908 Gedichtes

305 923 383 953 eine
417 921 533 952 solehe
568 922 631 959 ist,
664 921 720 952 die
754 920 835 952 eher
859 921 925 952 den
952 922 1186 954 Humanisten
1211 922 1301 953 denn
1326 923 1391 953 den
1417 921 1693 954 altchristlichen
1717 920 1862 953 Dichter

304 977 348 998 zu
381 969 541 998 verraten
575 966 725 1005 scheint,
760 966 895 997 machte
921 966 974 997 ich
1009 966 1179 1007 glauben,
1212 967 1288 999 dass
1321 969 1382 998 wir
1414 977 1450 1000 es
1476 969 1538 998 mit
1563 967 1658 999 einer
1682 966 1741 998 der
1765 965 1865 998 nicht

306 1012 461 1044 seltenen
486 1011 729 1052 Falsehungen
750 1012 850 1052 jener
875 1012 950 1042 Zeit
975 1011 1035 1042 der
1059 1013 1327 1054 XViedergeburt
1351 1023 1393 1044 zu
1418 1017 1478 1044 tun
1503 1013 1626 1045 haben.

914 1347 971 1384 48.
1009 1349 1070 1392 (1.)
1095 1348 1253 1384 Oratio.

992 1430 1103 1461 Carm.
1132 1430 1188 1460 IV.

531 1543 778 1589 anipotens
808 1543 968 1592 genitor,
1000 1554 1122 1580 rerum
1157 1543 1215 1580 cui
1246 1553 1389 1580 summa
1419 1546 1600 1589 potestas,

531 1599 695 1648 Exaudi,
728 1599 759 1636 si
789 1600 888 1636 iusta
919 1610 1075 1647 prec0r3
1107 1611 1154 1637 ne
1186 1600 1235 1636 sit
1265 1600 1355 1636 mihi
1386 1599 1506 1636 tristis

531 1656 623 1694 Ulla
654 1656 747 1700 dies,
779 1656 967 1703 placidam
1000 1666 1073 1693 nox
1105 1660 1256 1703 rumpat
1285 1656 1389 1693 nulla
1419 1657 1595 1705 quietem,

533 1712 613 1749 Nec
643 1713 821 1759 placeant
851 1713 975 1750 aliena
1005 1713 1108 1762 milii,
1139 1713 1227 1760 quin
1259 1719 1296 1749 et
1326 1723 1409 1749 mea
1438 1712 1586 1758 prosint-

476 1770 497 1806 5
531 1768 788 1815 Supplicibus‚
821 1769 1021 1816 nullusque
1052 1770 1191 1806 habeat
1220 1769 1311 1806 mihi
1343 1774 1430 1806 vota
1460 1769 1620 1806 nocendi

531 1827 608 1862 Aut
641 1825 778 1862 habeat
808 1826 981 1863 nocitura
1011 1826 1115 1872 mihi,
1149 1826 1246 1863 male
1277 1826 1374 1863 velle
1405 1824 1567 1862 facultas
2007 1826 2011 1860 ὲ

532 1882 649 1919 Nulla
677 1883 727 1918 sit
755 1893 800 1918 ac
830 1882 925 1919 bene
957 1894 1067 1929 posse
1097 1883 1190 1920 assit
1221 1882 1426 1929 tranquilla
1455 1887 1636 1928 potestaS.
2008 1879 2010 1897 ²

530 1939 640 1975 Mens
672 1942 848 1976 contenta
878 1950 944 1976 suo
975 1950 1044 1975 nec
1075 1940 1176 1986 turpi
1208 1939 1338 1976 dedita
1368 1939 1474 1975 lucro

531 1995 668 2032 Vincat
699 2006 901 2042 corporeas
934 2001 1037 2032 casto
1069 1995 1163 2032 bene
1195 1996 1346 2033 conscia
1375 1995 1473 2032 lecto

450 2052 501 2090 10
534 2051 750 2102 lllecebras,
783 2056 988 2098 turpesque
1018 2053 1120 2089 iocos
1150 2052 1387 2098 obscenaque
1418 2051 1520 2089 dicta

531 2108 664 2146 Oderit
694 2109 761 2145 illa
791 2119 928 2146 nocens
961 2113 996 2144 et
1028 2109 1185 2146 multum
1216 2113 1325 2155 grata
1355 2108 1528 2155 malignis

530 2164 697 2202 Auribus
729 2164 844 2201 effuso
874 2176 1024 2212 semper
1054 2177 1118 2203 rea
1148 2166 1274 2213 lingua
1304 2175 1461 2202 veneno.
2009 2192 2011 2198 ι

531 2221 616 2258 Non
647 2221 752 2258 obitu
783 2221 944 2269 adfligar
973 2223 1190 2268 cuiusquam
1221 2226 1283 2259 aut
1316 2220 1446 2258 funere
1468 2230 1647 2267 crescam,
2008 2231 2011 2271 f

530 2278 725 2315 lux-ideam
755 2290 943 2326 nunquam
976 2279 1147 2325 cuiquam
1179 2289 1249 2315 nec
1275 2278 1436 2315 mentiar
1467 2288 1641 2324 unquam.

451 2335 501 2373 15
533 2335 638 2372 Assit
670 2335 770 2371 laeta
801 2335 932 2372 domus
964 2335 1160 2382 epulisque
1190 2335 1336 2372 alludat
1364 2334 1540 2380 inemptis

531 2392 657 2428 Verna
687 2394 792 2428 satur
823 2391 994 2438 fidusque
1028 2402 1150 2428 comes
1182 2392 1397 2438 nitidusque
1427 2391 1598 2427 minister

530 2448 721 2495 Morigera
753 2452 790 2484 et
821 2449 981 2486 coniunx
1015 2459 1176 2495 caraque
1207 2458 1252 2484 ex
1282 2447 1438 2493 coniuge
1468 2447 1559 2485 nati.

530 2504 702 2542 Moribus
733 2504 826 2541 haec
857 2505 970 2542 castis
1001 2504 1135 2541 tribuit
1165 2505 1280 2549 Deus,
1313 2504 1350 2540 hi
1381 2503 1453 2540 sibi
1483 2513 1606 2540 mores

531 2561 757 2607 Perpetuam
788 2562 978 2608 spondent
1010 2566 1169 2599 ventura
1198 2562 1235 2598 in
1268 2561 1418 2598 saecula
1449 2560 1576 2597 vitam.

400 2719 483 2751 cod.
509 2720 661 2760 Leydcu.
687 2720 848 2751 Vossian.
886 2717 958 2750 111.
992 2730 1080 2750 sace.
1107 2716 1136 2749 9.
1166 2719 1204 2749 Α.
1231 2736 1272 2740 ——
1298 2717 1380 2749 Cod.
1407 2717 1554 2748 Parisin.
1582 2712 1680 2747 7558.
1714 2724 1802 2746 saec.
1827 2711 1858 2745 9.

310 2765 346 2795 B.
380 2781 421 2786 —
455 2763 475 2795 5
505 2765 609 2796 habet
634 2765 762 2805 korrig.
790 2766 824 2795 in
850 2764 977 2795 habeat
1009 2765 1048 2795 A.
1074 2781 1117 2784 —
1143 2762 1162 2794 6
1188 2764 1346 2794 nocitura
1371 2762 1459 2793 nihil
1484 2763 1523 2793 Β.
1548 2779 1591 2782 -
1616 2759 1635 2792 ’7
1661 2761 1706 2792 sit
1730 2759 1795 2791 hac
1818 2758 1858 2790 A.

309 2825 350 2830 —
376 2809 396 2840 ὃ
422 2814 594 2841 contemta
611 2812 658 2848 A?
684 2805 821 2841 dedicta
838 2810 878 2840 A.
904 2827 946 2831 —
971 2807 991 2839 9
1017 2811 1155 2840 vincent
1172 2809 1210 2839 A.
1230 2826 1271 2829 --
1293 2805 1333 2839 10
1349 2809 1528 2849 turpisque
1548 2807 1585 2838 B.
1606 2823 1645 2828 —
1666 2803 1706 2837 13
1723 2805 1854 2838 obitum

313 2855 347 2885 13.
381 2871 422 2876 —
459 2853 498 2885 15
524 2866 589 2896 que
623 2855 707 2887 fehlt
733 2856 805 2886 AB.
837 2872 879 2877 --
915 2853 953 2886 17
984 2856 1131 2895 coniuge
1157 2855 1196 2884 A.
1233 2871 1273 2875 —-
1310 2852 1348 2884 18
1380 2853 1433 2884 his
1468 2853 1514 2883 ibi
1541 2852 1610 2883 AB.
1643 2867 1685 2872 —
1713 2850 1860 2892 „Incipit

309 2900 420 2930 oratio
446 2903 556 2931 sam-ti
585 2899 742 2932 l‘auliui“
769 2900 839 2931 AB.
865 2918 908 2921 —
934 2900 1033 2931 Hartl
1061 2910 1091 2940 p.
1118 2897 1148 2930 ξ’».
