2031 3289
618 253 654 289 3.

602 2134 668 2175 10.

608 2406 672 2444 11.

606 2676 671 2714 12.

922 139 1232 179 ——174—

688 251 841 289 Gratias
871 263 1014 289 summo
1045 251 1202 289 ferimus
1233 252 1397 299 parenti,

687 308 756 353 Qui
789 308 886 345 diem
918 308 1015 345 tanti
1045 308 1165 345 voluit
1195 307 1344 355 tropaei

690 363 803 410 Regis
833 365 872 401 in
902 364 1022 401 nostri
1052 364 1232 401 redimire
1263 374 1398 411 magno

847 421 1006 457 Lumine
1035 425 1174 461 votum.

650 538 659 548 .
693 509 906 557 Concrepat
930 511 1043 547 tellus
1075 511 1224 548 Latium
1256 521 1326 557 per
1355 520 1478 559 omne,

691 565 787 603 Tota
818 567 978 604 miratur
1006 567 1068 604 via
1099 567 1366 615 Transpadani

692 622 865 669 Liminis,
898 623 1077 670 quidnam
1109 634 1206 660 nova
1237 623 1458 671 gaudiorum

848 680 993 716 Nuntia
1024 679 1185 727 signent.

651 809 659 817 .
691 780 784 817 Alta
814 781 1006 818 Penninus
1036 781 1123 828 iuga
1152 779 1283 826 flectit,
1317 780 1454 817 horror

694 835 816 873 Solvit
847 842 882 873 et
915 841 1056 887 cautes,
1089 837 1253 874 retrahit
1281 835 1434 883 fluenta,

695 893 937 930 Murmurant
967 894 1098 939 silvae,
1131 893 1257 930 silices
1289 891 1479 940 feraeque,

850 950 971 987 Terra
1001 950 1197 996 stupescit.

657 1082 664 1090 .
698 1052 793 1089 Inde
824 1051 946 1088 Ticini
977 1055 1180 1097 superatur
1211 1050 1344 1098 amnis,

691 1107 868 1155 Mysticis
900 1107 1068 1155 gaudens
1097 1107 1243 1154 pariter
1274 1107 1437 1144 camenis

692 1164 792 1201 Vera
824 1164 1031 1210 respondet
1061 1164 1309 1210 stupidasque
1340 1168 1485 1200 mentes

851 1220 979 1267 Erigit
1009 1221 1120 1259 orsis.

657 1351 666 1360 .
699 1321 805 1360 Urbe
837 1322 885 1359 de
915 1333 1051 1368 magna
1081 1321 1228 1358 numeri
1258 1322 1436 1367 perennis

694 1378 801 1416 Unus
834 1379 1000 1427 advenit,
1034 1378 1138 1415 iuvet
1167 1383 1208 1414 ut
1238 1377 1391 1414 beatum

697 1435 876 1472 Caesaris
908 1435 1029 1472 nostri
1059 1434 1264 1481 populique
1296 1434 1435 1480 proni'

855 1491 1014 1538 Semper
1044 1491 1235 1529 honorem.

700 1593 802 1630 Hinc
834 1593 918 1641 viri,
950 1596 1103 1636 matres,
1134 1592 1288 1629 iuvenes
1319 1602 1514 1640 senesque,

697 1649 859 1698 Divites‚
893 1650 988 1694 sani,
1020 1655 1152 1686 tenues
1184 1652 1220 1685 et
1251 1648 1367 1696 aegri,

699 1706 856 1754 Quique,
879 1706 980 1752 quod
1002 1710 1172 1754 possunt,
1196 1715 1312 1751 genus
1333 1704 1603 1742 administrant

856 1762 999 1799 Laudis
1030 1762 1223 1799 honestae.

659 1894 666 1902 .
697 1864 785 1911 Ipse
815 1873 1005 1910 pugnaces
1038 1863 1149 1899 docet
1180 1866 1217 1899 et
1246 1863 1454 1910 phalanges

698 1920 825 1958 Instar
857 1931 1037 1967 agnorum
1070 1919 1229 1956 reboare
1258 1919 1392 1956 laudes

700 1977 824 2026 Pacis,
857 1977 995 2013 oblitas
1026 1976 1104 2014 odii
1136 1977 1307 2013 nocentis

857 2034 1125 2079 lnduperator.

696 2136 923 2182 Purpuram,
955 2138 1158 2183 sceptrum,
1193 2133 1381 2181 diadema,
1415 2131 1537 2171 fasces

699 2192 866 2229 Militum
898 2196 1053 2238 turmas,
1088 2191 1203 2227 decus
1234 2194 1272 2227 et
1302 2195 1501 2237 paternum

701 2248 865 2295 Temnit,
897 2251 939 2284 ut
971 2247 1112 2284 Christi
1143 2247 1276 2283 melius
1308 2247 1487 2284 honorem

859 2303 1088 2350 Comprobet
1119 2304 1156 2340 in
1187 2314 1240 2342 se.

703 2405 801 2442 Nam
833 2405 952 2452 pedes
980 2405 1108 2442 multis
1139 2404 1284 2440 medius
1316 2403 1478 2441 catervis

705 2462 820 2500 Vadit
850 2465 887 2498 et
917 2472 1024 2498 sacro
1056 2461 1232 2507 scapulas
1264 2459 1408 2498 feretro

702 2518 796 2557 Ossa
827 2522 1002 2566 gesturus
1033 2517 1202 2564 pretiosa
1228 2517 1358 2554 subdit

859 2575 1043 2621 Martyris
1075 2574 1175 2612 almi.

705 2674 839 2713 Clerus
869 2675 1019 2712 orditur
1050 2675 1294 2722 sequiturque
1326 2675 1463 2722 clerus,

703 2732 818 2769 Gesta
850 2732 1046 2769 mirandae
1076 2743 1185 2769 sacra
1219 2732 1418 2779 passionis,

703 2788 840 2826 Militis
873 2789 1016 2826 Christi
1047 2787 1216 2825 referens
1253 2789 1483 2835 triumphum

863 2845 1028 2882 Vocibus
1060 2845 1162 2884 istis:

1956 0 1982 84 ι’»,

1999 2755 2013 2862 'm-.
