1914 3223
159 279 224 318 35.

155 1058 218 1095 36.

155 1817 221 1855 38.

164 2598 229 2636 39.

766 161 1074 202 -403-

254 276 330 314 Ubi
360 275 514 312 humani
544 275 692 322 generis

256 332 505 379 Compatieris
537 332 698 375 miseris,

311 388 375 426 Ibi
407 388 474 426 {vibi
504 388 601 426 dabo
634 392 741 435 grata

255 443 382 484 Ubera
412 456 510 491 mea,
543 445 670 492 pueris

254 502 384 539 Novae
414 502 508 550 legis
540 505 578 538 et
608 501 746 537 veteris

306 558 436 605 Qualia
470 568 542 594 non
573 562 661 594 sunt
693 558 854 608 donata3

252 615 285 652 A
317 619 354 651 te
385 619 469 651 sunt
501 613 736 651 sanctificata

250 673 376 718 Atque
406 671 647 718 privilegiata

309 727 499 766 Uberibus
530 738 623 774 prae
654 727 803 773 ceteris,

254 784 371 821 Plena
403 784 525 831 gratia
556 788 684 820 rorata

255 841 420 880 Caelitus
452 844 489 877 et
522 841 716 877 destillata

308 897 519 935 Emanante
555 909 577 934 a
608 897 769 944 superis,

250 1056 312 1094 Ad
344 1056 504 1102 primum
537 1055 631 1092 lucis
663 1055 811 1092 radium

250 1112 301 1150 In
326 1113 451 1159 portis
481 1112 624 1150 nostris
655 1115 730 1149 tam
762 1111 864 1158 pium

307 1169 458 1207 Scilicet
490 1169 544 1206 tui
575 1168 767 1206 nascentis

254 1227 506 1273 Sanctamque
538 1226 781 1272 puerperium

249 1283 376 1322 Meum
408 1283 616 1329 propinans
647 1282 825 1329 gaudium

308 1340 422 1380 Caelo
452 1344 564 1386 atque
597 1339 792 1376 elementis

782 1576 917 1615 Caput
940 1574 1056 1607 VIII.

970 717 1035 755 37.

1067 275 1362 322 Mandraqorac
1393 275 1551 312 orientis

1068 331 1243 378 Mysticis
1276 342 1295 367 e
1329 332 1564 368 documentis

1126 388 1332 424 Numerum
1364 399 1515 424 suorum
1549 387 1662 424 trium

1067 444 1129 480 Ad
1161 437 1340 481 olfactum
1382 445 1502 481 omnis
1531 445 1653 491 gentis

1067 501 1269 537 heder-met
1299 501 1435 538 affectu
1466 501 1602 537 mentis

1124 556 1282 595 Odorem
1318 558 1442 594 laudis
1473 557 1685 604 proprium.

1069 716 1131 753 Ad
1165 720 1251 752 tuae
1282 716 1406 752 laudis
1440 716 1608 762 propria,

1066 772 1216 809 Dilecto
1246 772 1311 821 wi,
1347 774 1549 818 praeconia

1123 829 1211 866 Tibi
1243 830 1366 864 omnia
1397 829 1546 865 servae-i

1067 887 1209 922 Vetera
1240 886 1455 921 testimonia

1067 943 1117 979 Et,
1148 954 1245 979 nova
1276 942 1485 988 evangelia,

1122 1000 1246 1036 Pomm
1277 999 1395 1035 odore
1426 999 1531 1035 suavi

1066 1055 1299 1105 Fraglantia,
1335 1066 1418 1091 nam
1451 1055 1607 1101 pensavi

1067 1113 1111 1150 In
1144 1123 1201 1148 me
1234 1117 1270 1148 et
1302 1112 1556 1155 consideravi,

1121 1169 1227 1215 Quod
1262 1173 1341 1205 tota
1373 1168 1581 1217 diligentia,

1067 1226 1265 1264 Facundia
1296 1230 1333 1261 et
1365 1236 1446 1262 mea
1479 1225 1512 1260 vi

1068 1281 1112 1318 In
1144 1282 1297 1329 publico
1329 1287 1363 1318 et
1397 1282 1567 1318 conclavi

1125 1339 1178 1376 Te
1210 1339 1392 1376 laudandi
1424 1350 1504 1376 sum
1537 1339 1678 1377 nescia.

602 1678 843 1716 Christus
882 1678 942 1717 ad
978 1678 1237 1718 hominem.

251 1816 343 1864 Quis
372 1815 469 1852 mihi
493 1816 552 1853 det
573 1816 735 1863 fratrem
755 1826 883 1853 meum

250 1873 315 1920 Te,
347 1872 532 1909 hominem
565 1878 786 1909 extraneum

308 1929 464 1967 Factum
496 1930 587 1966 mihi
609 1940 678 1977 per
699 1928 885 1976 peccata?

253 1986 292 2024 Si
323 1997 382 2024 me
413 1986 604 2023 offendisti
637 1987 756 2023 Deum

254 2043 305 2080 Et
335 2048 372 2080 te
403 2048 628 2091 supportare
661 2054 765 2079 reum

312 2100 435 2136 Velim
472 2101 594 2147 gratia
623 2104 770 2149 parata,

256 2155 375 2193 Decet
406 2157 596 2203 sponsalia
628 2161 735 2204 grata

255 2212 359 2250 Fieri
389 2214 570 2250 inusitata
646 2250 649 2253 Δ

311 2271 417 2307 Inter
446 2281 503 2306 me
536 2275 573 2307 et
604 2275 641 2306 te
672 2275 837 2306 terreum

255 2326 325 2375 Ita,
358 2328 458 2373 quod
490 2327 565 2364 sint
595 2326 816 2364 confirmata

256 2385 288 2420 A
319 2388 428 2430 patre
459 2395 541 2422 meo
574 2387 609 2420 et
641 2389 725 2421 rata

309 2440 371 2477 Ad
403 2440 680 2487 pacificandum
712 2450 807 2480 eum.
859 2477 863 2479 ,

260 2599 363 2635 Tunc
395 2598 530 2636 faciam
561 2604 598 2636 te
629 2600 667 2636 in
699 2603 848 2646 gentem

256 2655 444 2706 Magnam,
477 2656 624 2692 scilicet
653 2657 847 2703 suqewtem

316 2712 441 2750 Ubera
470 2713 608 2750 matris
639 2713 796 2760 virginis

256 2767 379 2816 Meae,
399 2780 507 2816 quam
521 2770 636 2806 habes
650 2770 884 2819 clementem,

259 2823 391 2861 Mitem
423 2830 458 2862 et
490 2827 780 2872 compatientem

316 2881 415 2929 Tibi,
447 2894 468 2919 o
498 2882 553 2920 fili
585 2883 769 2932 hominis3

971 2260 1038 2296 40.

1071 1815 1181 1852 Hanc
1212 1814 1356 1851 honora
1385 1814 1598 1851 dulcedinis

1069 1872 1196 1918 Atque
1226 1871 1526 1908 mansuetudinis

1128 1927 1214 1965 Tibi
1235 1928 1295 1965 lac
1316 1939 1421 1964 suum
1440 1928 1704 1975 praebentem,

1072 1986 1115 2022 In
1147 1995 1236 2022 casu
1267 1985 1523 2033 desolaminis,

1070 2042 1251 2080 Miseriae
1283 2046 1318 2078 et
1351 2041 1512 2078 turbinis

1128 2098 1287 2146 Semper
1318 2099 1371 2135 tui
1404 2099 1661 2138 miserentem.

1075 2259 1124 2297 Ut
1153 2261 1188 2296 te
1217 2258 1314 2305 foris
1344 2258 1539 2294 iwvewiam

1070 2316 1146 2352 Per
1178 2315 1329 2362 dignam
1359 2315 1644 2364 paenitentiam,

1125 2373 1252 2409 Meum
1286 2376 1342 2408 est
1375 2372 1627 2420 desiderium3

1072 2428 1220 2466 Celanti
1251 2429 1518 2465 conscientiam

1072 2486 1176 2523 Patri
1208 2496 1275 2521 suo
1306 2496 1492 2531 nunquam
1526 2484 1611 2522 fiam

1128 2543 1332 2588 Promptus
1373 2542 1411 2578 in
1450 2541 1699 2586 adiutorium3

1071 2599 1155 2635 Non
1189 2604 1243 2635 est
1277 2599 1441 2635 dandum
1477 2598 1684 2635 remedium

1072 2655 1250 2701 Fugienti
1287 2655 1496 2702 consilium,

1129 2712 1160 2747 V
1165 2712 1279 2749 elanti
1312 2716 1473 2748 mentem
1506 2712 1693 2760 sauciam3

1072 2769 1247 2805 Monstra
1278 2769 1413 2804 vulnus
1446 2773 1481 2804 et
1514 2768 1646 2804 vitium

1072 2825 1213 2861 Exicns
1245 2825 1300 2861 sic
1331 2825 1367 2860 in
1400 2824 1578 2869 medium,

1130 2882 1180 2918 Et
1211 2887 1299 2918 tunc
1328 2881 1397 2917 tibi
1429 2881 1661 2921 subveniam.

1427 2946 1497 2978 ‘26²³‘
