1914 3223
727 155 1034 197 —181—

525 268 595 305 172.
631 268 711 309 (62.)
747 266 785 302 ln
812 264 1032 302 Ascensiono
1061 263 1212 301 Domini.

719 333 757 365 lu
787 330 813 365 l.
840 333 1028 364 Not-turno.

113 422 147 458 1.
181 420 222 456 In
254 416 440 455 montibus
472 415 532 451 hic
562 414 699 451 saliens
919 415 957 451 3.
989 412 1119 449 Omnis
1150 411 1260 448 turba
1293 418 1330 447 te
1362 412 1512 458 rivium,

180 474 290 512 Venit.
321 473 434 510 colles
465 470 714 518 transsiliens,
987 469 1040 505 Te
1072 479 1225 516 regnum
1258 474 1381 505 manet
1411 469 1590 514 patrium,

232 532 412 577 Sponsam
446 533 553 565 vocat.
1044 525 1147 562 Tuae
1178 530 1256 562 tota

290 587 336 623 de
366 585 501 622 montis
533 585 692 621 vertice:
1103 592 1184 618 cum
1213 587 1321 628 patre
1353 582 1456 619 curia,

235 643 362 690 Surge,
395 651 511 687 soror,
1047 638 1288 675 Praesentiae

289 703 325 736 et
354 709 413 735 me
443 699 515 735 iam
547 706 714 744 sequere.
1104 695 1263 741 requirit
1294 695 1445 742 gaudia.

110 786 147 824 2.
182 784 239 822 Ad
271 788 466 830 paternum
499 782 692 829 palatium.
918 782 957 819 4.
989 780 1092 826 Quae
1124 779 1222 826 regis
1253 790 1414 826 sponsae
1443 785 1663 827 congruant,

179 840 240 878 Ad
272 840 390 887 patris
422 838 607 876 scandens
637 838 785 886 solium,
993 839 1096 882 Quae
1128 837 1279 883 reginae
1311 837 1547 884 nonveniant,

237 896 405 944 Sponsae
436 895 593 932 clamat:
1046 893 1119 930 Hic
1150 893 1314 930 intextas

295 953 444 996 dilecta,
475 961 650 999 propera,
1103 960 1148 986 ex
1182 960 1273 986 auro
1305 949 1481 997 cyclades

237 1010 333 1047 Sede
363 1020 503 1045 meeum
1048 1006 1140 1044 Cum
1173 1007 1352 1053 purpuris

291 1066 327 1102 in
360 1066 478 1112 patris
511 1065 678 1101 dextera.
1104 1063 1299 1109 gemmatis
1331 1063 1478 1100 indues.

535 1153 570 1189 5.
605 1149 661 1186 Sit
693 1149 842 1186 Christo
872 1158 1015 1185 summo
1047 1147 1179 1195 gloria2

606 1206 676 1251 Qui
707 1205 893 1243 scandens
923 1215 1036 1252 super
1066 1204 1193 1242 sidera

661 1263 751 1300 Cum
784 1262 932 1309 spiritu,

720 1329 802 1355 cum
834 1323 944 1367 patre
974 1328 1110 1365 supera

662 1375 763 1412 Deus
793 1386 888 1412 unus

719 1432 814 1478 regit
845 1436 881 1468 et
910 1430 1045 1471 infera.

206 1518 230 1548 B
256 1517 311 1548 fol.
337 1515 418 1547 0591).
449 1534 487 1538 »-
513 1518 539 1549 C
565 1516 622 1548 fol.
649 1514 733 1548 951).
761 1533 802 1537 —
831 1515 866 1551 1,
896 1514 918 1547 4
942 1516 1116 1548 montibus
1146 1517 1179 1547 iz.
1208 1535 1246 1538 -—
1273 1514 1303 1553 3,
1334 1515 1347 1547 1
1376 1521 1408 1548 te
1434 1517 1536 1548 turba
1562 1521 1596 1550 C.
1632 1537 1664 1540 —

113 1561 143 1599 5,
173 1561 187 1594 l
214 1573 344 1593 summe
370 1564 405 1594 U.
431 1581 474 1585 -
498 1561 529 1600 5,
555 1562 575 1593 2
600 1572 703 1603 supra
730 1561 843 1593 sidera
868 1562 905 1594 C.

623 1699 690 1736 173.
725 1701 805 1743 (63.)
841 1699 878 1735 ln
903 1700 936 1735 2.
960 1699 1152 1736 Nocturno.

120 1785 152 1820 l.
184 1783 414 1828 Quibusdam
445 1783 551 1830 quasi
581 1783 740 1820 saltibus
926 1786 962 1821 4.
996 1783 1275 1820 Ascendentem
1308 1784 1548 1821 cernentibus

187 1840 345 1888 Super-ni
379 1841 496 1887 patris
529 1839 625 1877 filius
997 1841 1054 1877 Ac
1084 1851 1198 1887 super
1229 1841 1300 1878 hoc
1332 1841 1582 1878 mirantibus·

240 1897 300 1933 Ad
333 1903 481 1933 terrena
1052 1897 1267 1934 Astiterunt

300 1953 398 1989 venit
430 1964 449 1989 e
479 1953 638 2000 superis,
1106 1953 1144 1990 in
1176 1954 1273 1990 albis
1303 1955 1441 2003 angeli,

241 2009 417 2055 Spoliatis
1052 2009 1143 2046 Tam
1178 2009 1273 2047 facie

295 2077 390 2104 nunc
421 2066 517 2102 redit
550 2066 716 2105 tartaris,
1109 2078 1217 2113 quarn
1252 2073 1354 2104 veste
1386 2068 1510 2107 nitidi.

118 2153 156 2188 2.
190 2153 220 2188 A
254 2150 336 2187 sinu
368 2151 467 2187 venit
498 2151 621 2197 patrio
927 2155 963 2190 5.
996 2151 1106 2198 Quid,
1138 2152 1322 2198 inquiunt,
1354 2153 1504 2189 attoniti

190 2207 324 2244 Matris
355 2213 548 2254 susceptus
581 2213 698 2253 utero,
998 2208 1060 2245 Sic
1088 2209 1230 2245 caelum
1262 2208 1487 2246 intuemini?

165 2264 168 2265 ⁷
245 2265 286 2301 ln
317 2264 489 2310 sepulcro
1052 2266 1167 2311 Quem
1202 2270 1350 2302 euntem

301 2320 347 2356 de
378 2331 486 2357 cruce.
517 2321 660 2366 positus
1110 2322 1148 2358 in
1181 2322 1323 2358 eaelum
1357 2321 1523 2369 cernitis,

246 2377 477 2417 Resurrexit,
1055 2378 1117 2414 Sic
1149 2379 1272 2415 veniet

300 2444 367 2479 per
397 2445 502 2480 quem
538 2433 773 2481 resurgimus.
1109 2435 1146 2471 in
1180 2434 1301 2472 forma
1326 2435 1474 2478 iudicis,

121 2520 158 2555 :3.
191 2517 466 2554 Ascendentem
498 2519 545 2555 ad
577 2519 729 2556 aethera
929 2525 965 2557 13.
1000 2519 1054 2557 Sit
1088 2519 1238 2556 Christo
1269 2531 1412 2557 summo
1443 2521 1574 2569 gloria,

192 2573 318 2610 Nubes
350 2575 495 2621 excepit
529 2575 664 2624 lucida,
998 2577 1068 2623 Qui
1100 2577 1286 2614 scandens
1317 2587 1431 2623 super
1461 2577 1589 2615 sidera

246 2630 456 2667 Ferebatur
1057 2632 1147 2670 Cum
1180 2633 1328 2680 spiritu,

302 2687 438 2723 erectis
469 2687 638 2725 manibus
1112 2700 1192 2726 cum
1226 2695 1334 2736 patre
1365 2701 1503 2738 supera

244 2743 477 2780 Benedicens
1057 2746 1158 2782 Deus
1190 2757 1283 2783 unus

302 2800 378 2836 suis
409 2800 630 2838 astantibus.
1113 2803 1209 2849 regit.
1239 2808 1275 2839 et
1307 2802 1441 2841 infera.

213 2883 238 2914 Β
256 2883 313 2915 fol.
331 2882 376 2915 89
389 2884 418 2915 b.
439 2903 477 2906 ⁷—-
498 2885 524 2916 C
542 2884 599 2916 fol.
617 2882 702 2916 961).
720 2902 763 2907 -
779 2883 811 2921 4,
836 2883 857 2917 2
874 2885 939 2917 hoc
956 2886 1174 2927 stupentibus
1194 2888 1230 2918 C.
1253 2904 1281 2907 —
1309 2885 1340 2918 4.
1360 2884 1380 2917 6
1398 2891 1492 2918 veste
1514 2887 1616 2918 viridi
1636 2890 1672 2921 C.
