1914 3223
764 160 797 163 —-
873 136 946 177 1157
1010 160 1061 164 —

133 258 170 294 5.
207 254 323 302 Virgo
351 263 494 301 pauper
946 253 982 291 6.
1016 253 1060 290 In
1092 251 1251 288 excelsis

265 310 434 348 fortassis
465 309 593 359 esurit,
1073 308 1122 345 sit
1152 308 1232 345 Deo
1262 307 1394 355 gloria,

207 372 309 415 Quae
339 366 533 414 parvulum
1017 365 1125 404 Pacis
1155 364 1262 401 nobis

263 424 331 461 hoe
364 424 460 460 lacte
491 422 623 469 reficit,
1073 421 1108 458 in
1143 425 1243 458 terra
1275 419 1441 464 foedera,

207 482 364 527 stupent
396 479 502 527 caeli,
1017 479 1133 524 Quam
1165 488 1280 524 super
1309 477 1367 513 his

263 538 445 574 mirantur
473 535 597 584 angeli
1074 545 1182 571 voces
1212 534 1404 580 angelicae

206 593 392 641 Obsequio
1018 591 1249 628 Decantasse

267 650 442 688 laetantis
472 648 605 686 seduli.
1074 653 1278 684 noseuntur
1310 647 1433 686 hodie.

230 799 254 830 13
279 796 334 828 t'ol.
360 794 444 828 8711.
470 813 511 818 —
536 796 563 827 C
587 794 645 826 t'ol.
672 791 754 826 3011.
782 811 824 815 -—
852 792 886 831 l,
913 792 934 826 3
960 793 1060 834 Quod
1085 795 1123 826 C.
1149 810 1191 815 -
1216 791 1255 831 2,
1281 791 1300 824 7
1326 793 1429 825 Omni
1455 792 1559 824 fuerit
1583 792 1620 822 B.
1648 807 1685 811 —

138 842 168 882 2,
196 843 217 876 ὅ
243 842 358 875 dolore
387 842 422 874 13.
446 860 488 864 —
514 838 545 879 5,
570 837 590 872 3
616 841 724 880 Quem
751 840 787 871 B.

681 1041 754 1078 143.
789 1040 869 1084 (33.)
904 1039 956 1076 Ad
985 1038 1139 1076 hundos.

142 1184 178 1222 1.
211 1182 357 1229 Gaude,
389 1183 504 1232 virgo,
948 1183 984 1219 4.
1017 1180 1080 1218 Ad
1110 1179 1247 1217 iudicis

266 1238 450 1287 virginum
481 1239 612 1286 gloria,
1074 1240 1231 1273 matrem
1262 1234 1493 1283 confugiunt⁷

211 1298 375 1335 Matrum
408 1296 519 1333 decus
1017 1294 1087 1340 Qui
1114 1293 1250 1330 iudicis

266 1358 302 1390 et
333 1356 463 1397 mater,
495 1352 625 1397 iubila,
1072 1350 1166 1387 iram
1198 1348 1388 1396 effugiunt.

209 1414 310 1457 Quae
342 1420 532 1446 commune
1017 1406 1242 1454 Supplicare

267 1471 480 1505 sanctorum
511 1465 672 1503 omnium
1073 1474 1142 1510 pro
1174 1463 1227 1499 eis
1255 1462 1411 1508 cogitur,

209 1523 381 1561 Meruisti
1018 1520 1120 1565 Quae
1147 1530 1217 1566 pro
1248 1519 1322 1555 reis

265 1578 435 1618 conferre
465 1578 652 1626 gaudium.
1073 1581 1194 1613 mater
1225 1574 1401 1612 efficitur.

141 1719 178 1753 2.
212 1714 439 1753 Patriarchis
949 1716 986 1752 5.
1018 1711 1086 1750 Pia
1116 1715 1247 1760 mater,

265 1771 404 1807 sanctis
437 1782 480 1808 ac
511 1770 659 1817 regibus
1073 1768 1194 1814 pietas
1227 1767 1338 1809 filius,

209 1828 262 1864 Te
293 1827 406 1865 filiam
1017 1825 1079 1862 Ad
1110 1825 1180 1861 hoc
1210 1825 1341 1871 gignit,

264 1885 433 1931 promisit
466 1885 662 1934 Dominus,
1074 1881 1123 1918 ad
1155 1881 1226 1918 hoe
1256 1886 1313 1918 est
1342 1882 1503 1928 genitus,

207 1942 261 1979 Te
292 1940 453 1987 figurant
1017 1938 1070 1977 Ut
1100 1938 1293 1975 salventur

264 1997 356 2044 legis
385 1998 606 2047 aenigmata,
1074 1995 1174 2031 servi
1203 2005 1272 2041 per
1301 1995 1476 2041 gratiam,

212 2054 480 2100 Prophetarum
1019 2052 1136 2098 Quam
1168 2051 1322 2088 exhibet

265 2116 402 2148 canunt
430 2111 594 2151 oracula.
1073 2108 1167 2146 haec
1199 2108 1280 2146 dies
1309 2108 1522 2145 maximam.

141 2248 178 2285 3.
209 2246 263 2284 Te
293 2246 484 2293 requirunt
949 2247 986 2284 6.
1020 2246 1062 2282 In
1094 2243 1254 2281 excelsis

265 2307 352 2341 vota
382 2302 560 2348 fidelium,
1074 2301 1124 2338 sit
1153 2300 1235 2338 Deo
1265 2300 1396 2350 gloria,

208 2359 270 2398 Ad
300 2363 338 2396 te
367 2360 482 2398 eorda
1019 2358 1127 2396 Pacis
1158 2357 1266 2394 nobis

264 2416 454 2463 suspirant
485 2417 661 2464 omnium,
1073 2415 1112 2452 in
1142 2418 1244 2452 terra
1275 2412 1444 2463 foedera,

209 2474 265 2511 Tu
296 2483 382 2520 spes
413 2478 542 2511 nostra
1017 2473 1134 2520 Quam
1165 2481 1280 2518 super
1309 2471 1368 2508 his

265 2534 348 2578 post
380 2530 498 2567 Deum
529 2530 651 2578 unica,
1074 2539 1186 2566 voces
1217 2529 1410 2576 angelicae

210 2587 407 2624 Advocata
1017 2586 1251 2624 Decantasse

266 2643 373 2680 nobis
404 2654 444 2681 es
474 2643 609 2690 posita.
1075 2646 1280 2680 noscuntur
1309 2641 1435 2680 hodie.

231 2779 257 2810 B
291 2779 348 2810 fol.
381 2776 462 2810 88³.
494 2795 537 2799 —
571 2778 598 2810 C
630 2778 689 2809 fol.
714 2775 798 2810 30b.
827 2795 870 2799 -—
893 2776 933 2816 2,
967 2776 987 2810 5
1012 2780 1218 2819 sug-urantur
1242 2778 1281 2808 B.
1308 2795 1349 2799 —·
1374 2775 1414 2813 4,
1446 2773 1466 2807 5
1491 2777 1588 2815 Quae
1613 2786 1692 2817 sup-

143 2823 271 2866 piicare
298 2825 333 2856 1³.
367 2841 408 2845 —
440 2822 478 2861 4,
513 2822 532 2855 6
567 2823 673 2865 prolis
707 2825 756 2856 eis
781 2826 818 2858 C.
850 2841 894 2846 -
930 2822 970 2864 4,
1002 2823 1021 2856 7
1059 2824 1155 2863 Quae
1188 2822 1296 2865 prolis
1330 2823 1380 2854 eis
1406 2823 1442 2853 C.
1477 2839 1521 2843 »-
1551 2819 1589 2860 5,
1625 2819 1639 2852 1
1667 2822 1695 2853 O

142 2870 200 2913 pia
226 2871 261 2902 Β.
288 2887 328 2892 -
354 2868 386 2909 5,
411 2867 432 2901 2
456 2871 595 2912 pietatis
621 2870 658 2902 C.
