<?xml version="1.0" encoding="UTF-8"?>
<!DOCTYPE html PUBLIC "-//W3C//DTD XHTML 1.0 Transitional//EN"
    "http://www.w3.org/TR/xhtml1/DTD/xhtml1-transitional.dtd">
<html xmlns="http://www.w3.org/1999/xhtml" xml:lang="en" lang="en">
 <head>
  <title>
</title>
<meta http-equiv="Content-Type" content="text/html;charset=utf-8" />
  <meta name='ocr-system' content='tesseract 3.04.00' />
  <meta name='ocr-capabilities' content='ocr_page ocr_carea ocr_par ocr_line ocrx_word'/>
</head>
<body>
  <div class='ocr_page' id='page_1' title='image "./hymnographilatin01drevuoft_1031.png"; bbox 0 0 1914 3223; ppageno 0'>
   <div class='ocr_carea' id='block_1_1' title="bbox 116 641 175 678">
    <p class='ocr_par' dir='ltr' id='par_1_1' title="bbox 116 641 175 678">
     <span class='ocr_line' id='line_1_1' title="bbox 116 641 175 678; baseline -0.034 0"><span class='ocrx_word' id='word_1_1' title='bbox 116 641 175 678; x_wconf 82' lang='lat'>46.</span> 
     </span>
    </p>
   </div>
   <div class='ocr_carea' id='block_1_2' title="bbox 113 853 172 888">
    <p class='ocr_par' dir='ltr' id='par_1_2' title="bbox 113 853 172 888">
     <span class='ocr_line' id='line_1_2' title="bbox 113 853 172 888; baseline -0.034 0"><span class='ocrx_word' id='word_1_2' title='bbox 113 853 172 888; x_wconf 85' lang='lat'>47.</span> 
     </span>
    </p>
   </div>
   <div class='ocr_carea' id='block_1_3' title="bbox 117 1272 172 1308">
    <p class='ocr_par' dir='ltr' id='par_1_3' title="bbox 117 1272 172 1308">
     <span class='ocr_line' id='line_1_3' title="bbox 117 1272 172 1308; baseline -0.036 0"><span class='ocrx_word' id='word_1_3' title='bbox 117 1272 172 1308; x_wconf 86' lang='lat'>49.</span> 
     </span>
    </p>
   </div>
   <div class='ocr_carea' id='block_1_4' title="bbox 117 1483 174 1518">
    <p class='ocr_par' dir='ltr' id='par_1_4' title="bbox 117 1483 174 1518">
     <span class='ocr_line' id='line_1_4' title="bbox 117 1483 174 1518; baseline 0 -1"><span class='ocrx_word' id='word_1_4' title='bbox 117 1483 174 1518; x_wconf 90' lang='grc'>50.</span> 
     </span>
    </p>
   </div>
   <div class='ocr_carea' id='block_1_5' title="bbox 114 1693 171 1728">
    <p class='ocr_par' dir='ltr' id='par_1_5' title="bbox 114 1693 171 1728">
     <span class='ocr_line' id='line_1_5' title="bbox 114 1693 171 1728; baseline 0 0"><span class='ocrx_word' id='word_1_5' title='bbox 114 1693 171 1728; x_wconf 88' lang='lat'>51.</span> 
     </span>
    </p>
   </div>
   <div class='ocr_carea' id='block_1_6' title="bbox 114 1903 171 1938">
    <p class='ocr_par' dir='ltr' id='par_1_6' title="bbox 114 1903 171 1938">
     <span class='ocr_line' id='line_1_6' title="bbox 114 1903 171 1938; baseline 0 0"><span class='ocrx_word' id='word_1_6' title='bbox 114 1903 171 1938; x_wconf 83' lang='lat'>52.</span> 
     </span>
    </p>
   </div>
   <div class='ocr_carea' id='block_1_7' title="bbox 750 174 1056 216">
    <p class='ocr_par' dir='ltr' id='par_1_7' title="bbox 750 174 1056 216">
     <span class='ocr_line' id='line_1_7' title="bbox 750 174 1056 216; baseline -0.003 0"><span class='ocrx_word' id='word_1_7' title='bbox 750 174 1056 216; x_wconf 82' lang='lat'>—473—</span> 
     </span>
    </p>
   </div>
   <div class='ocr_carea' id='block_1_8' title="bbox 209 265 983 329">
    <p class='ocr_par' dir='ltr' id='par_1_8' title="bbox 209 265 983 329">
     <span class='ocr_line' id='line_1_8' title="bbox 209 265 983 329; baseline 0 -9"><span class='ocrx_word' id='word_1_8' title='bbox 209 288 258 320; x_wconf 84' lang='lat' dir='ltr'>Es</span> <span class='ocrx_word' id='word_1_9' title='bbox 284 287 399 329; x_wconf 81' lang='lat' dir='ltr'>folgen</span> <span class='ocrx_word' id='word_1_10' title='bbox 426 286 586 327; x_wconf 69' lang='lat' dir='ltr'>Rhythm.</span> <span class='ocrx_word' id='word_1_11' title='bbox 613 287 676 325; x_wconf 84' lang='lat' dir='ltr'>IX,</span> <span class='ocrx_word' id='word_1_12' title='bbox 704 285 846 322; x_wconf 82' lang='lat'>19—22,</span> <span class='ocrx_word' id='word_1_13' title='bbox 873 265 983 320; x_wconf 69' lang='lat' dir='ltr'>danti:</span> 
     </span>
    </p>
   </div>
   <div class='ocr_carea' id='block_1_9' title="bbox 526 358 1191 538">
    <p class='ocr_par' dir='ltr' id='par_1_9' title="bbox 526 358 1191 538">
     <span class='ocr_line' id='line_1_9' title="bbox 526 358 1191 404; baseline 0.003 -12"><span class='ocrx_word' id='word_1_14' title='bbox 526 358 581 393; x_wconf 88' lang='lat'>40.</span> <span class='ocrx_word' id='word_1_15' title='bbox 618 361 695 392; x_wconf 88' lang='lat' dir='ltr'>Lux</span> <span class='ocrx_word' id='word_1_16' title='bbox 721 364 876 398; x_wconf 81' lang='lat' dir='ltr'>naturae⁷</span> <span class='ocrx_word' id='word_1_17' title='bbox 905 361 963 393; x_wconf 88' lang='lat' dir='ltr'>lux</span> <span class='ocrx_word' id='word_1_18' title='bbox 989 362 1191 404; x_wconf 77' lang='lat' dir='ltr'><strong>scripturae,</strong></span> 
     </span>
     <span class='ocr_line' id='line_1_10' title="bbox 661 406 1035 446; baseline 0 -8"><span class='ocrx_word' id='word_1_19' title='bbox 661 407 774 438; x_wconf 82' lang='lat' dir='ltr'><strong>Renes</strong></span> <span class='ocrx_word' id='word_1_20' title='bbox 801 417 860 438; x_wconf 83' lang='lat' dir='ltr'>ure</span> <span class='ocrx_word' id='word_1_21' title='bbox 886 406 1035 446; x_wconf 50' lang='lat' dir='ltr'>famuli,¹</span> 
     </span>
     <span class='ocr_line' id='line_1_11' title="bbox 619 451 1048 484; baseline -0.005 0"><span class='ocrx_word' id='word_1_22' title='bbox 619 452 666 484; x_wconf 86' lang='lat' dir='ltr'>Ut</span> <span class='ocrx_word' id='word_1_23' title='bbox 691 451 839 483; x_wconf 82' lang='lat' dir='ltr'>devotus</span> <span class='ocrx_word' id='word_1_24' title='bbox 865 452 929 483; x_wconf 76' lang='lat' dir='ltr'>tibi</span> <span class='ocrx_word' id='word_1_25' title='bbox 957 455 1048 484; x_wconf 72' lang='lat' dir='ltr'>totus</span> 
     </span>
     <span class='ocr_line' id='line_1_12' title="bbox 663 497 1145 538; baseline 0 -11"><span class='ocrx_word' id='word_1_26' title='bbox 663 497 837 538; x_wconf 81' lang='lat' dir='ltr'>Frangam</span> <span class='ocrx_word' id='word_1_27' title='bbox 864 501 977 528; x_wconf 78' lang='lat' dir='ltr'>motus</span> <span class='ocrx_word' id='word_1_28' title='bbox 1003 497 1145 529; x_wconf 72' lang='lat' dir='ltr'>stimuli.</span> 
     </span>
    </p>
   </div>
   <div class='ocr_carea' id='block_1_10' title="bbox 213 568 1190 613">
    <p class='ocr_par' dir='ltr' id='par_1_10' title="bbox 213 568 1190 613">
     <span class='ocr_line' id='line_1_13' title="bbox 213 568 1190 613; baseline 0 -10"><span class='ocrx_word' id='word_1_29' title='bbox 213 571 363 603; x_wconf 83' lang='lat' dir='ltr'>Hierauf</span> <span class='ocrx_word' id='word_1_30' title='bbox 385 571 512 603; x_wconf 80' lang='lat' dir='ltr'>wieder</span> <span class='ocrx_word' id='word_1_31' title='bbox 537 580 599 603; x_wconf 83' lang='lat' dir='ltr'>aus</span> <span class='ocrx_word' id='word_1_32' title='bbox 625 569 788 612; x_wconf 74' lang='lat' dir='ltr'>Rhythm.</span> <span class='ocrx_word' id='word_1_33' title='bbox 814 570 875 609; x_wconf 90' lang='lat' dir='ltr'>IX,</span> <span class='ocrx_word' id='word_1_34' title='bbox 901 568 1054 613; x_wconf 77' lang='lat'>23—273</span> <span class='ocrx_word' id='word_1_35' title='bbox 1081 571 1190 603; x_wconf 85' lang='lat' dir='ltr'>dann:</span> 
     </span>
    </p>
   </div>
   <div class='ocr_carea' id='block_1_11' title="bbox 206 643 1624 2082">
    <p class='ocr_par' dir='ltr' id='par_1_11' title="bbox 216 643 1551 733">
     <span class='ocr_line' id='line_1_14' title="bbox 216 643 1551 687; baseline 0 -11"><span class='ocrx_word' id='word_1_36' title='bbox 216 644 447 676; x_wconf 86' lang='lat' dir='ltr'>Lacrimando</span> <span class='ocrx_word' id='word_1_37' title='bbox 472 644 592 676; x_wconf 86' lang='lat' dir='ltr'>laudes</span> <span class='ocrx_word' id='word_1_38' title='bbox 618 644 731 686; x_wconf 89' lang='lat' dir='ltr'>pando</span> <span class='ocrx_word' id='word_1_39' title='bbox 942 643 996 677; x_wconf 78' lang='lat'>53.</span> <span class='ocrx_word' id='word_1_40' title='bbox 1034 647 1105 678; x_wconf 86' lang='lat' dir='ltr'>Rex</span> <span class='ocrx_word' id='word_1_41' title='bbox 1132 649 1281 685; x_wconf 75' lang='lat' dir='ltr'>aeterne,</span> <span class='ocrx_word' id='word_1_42' title='bbox 1309 656 1366 677; x_wconf 86' lang='lat' dir='ltr'>rex</span> <span class='ocrx_word' id='word_1_43' title='bbox 1393 656 1551 687; x_wconf 72' lang='lat' dir='ltr'>superne,</span> 
     </span>
     <span class='ocr_line' id='line_1_15' title="bbox 254 690 1512 733; baseline 0.002 -12"><span class='ocrx_word' id='word_1_44' title='bbox 254 690 330 722; x_wconf 88' lang='lat' dir='ltr'>Tuo</span> <span class='ocrx_word' id='word_1_45' title='bbox 356 693 476 722; x_wconf 85' lang='lat' dir='ltr'>sancto</span> <span class='ocrx_word' id='word_1_46' title='bbox 501 691 645 726; x_wconf 89' lang='lat' dir='ltr'>nomini,</span> <span class='ocrx_word' id='word_1_47' title='bbox 1078 691 1172 723; x_wconf 85' lang='lat' dir='ltr'>Tuos</span> <span class='ocrx_word' id='word_1_48' title='bbox 1197 691 1512 733; x_wconf 66' lang='lat' dir='ltr'>cernesupplioes,</span> 
     </span>
    </p>

    <p class='ocr_par' dir='ltr' id='par_1_12' title="bbox 210 734 1587 897">
     <span class='ocr_line' id='line_1_16' title="bbox 211 734 1520 778; baseline 0.001 -11"><span class='ocrx_word' id='word_1_49' title='bbox 211 735 240 767; x_wconf 95' lang='lat' dir='ltr'>O</span> <span class='ocrx_word' id='word_1_50' title='bbox 266 738 423 776; x_wconf 82' lang='lat' dir='ltr'>patrona,</span> <span class='ocrx_word' id='word_1_51' title='bbox 448 735 534 767; x_wconf 86' lang='lat' dir='ltr'>mihi</span> <span class='ocrx_word' id='word_1_52' title='bbox 560 734 652 767; x_wconf 79' lang='lat' dir='ltr'>dona</span> <span class='ocrx_word' id='word_1_53' title='bbox 1032 737 1103 768; x_wconf 83' lang='lat' dir='ltr'>Nec</span> <span class='ocrx_word' id='word_1_54' title='bbox 1130 737 1249 774; x_wconf 79' lang='lat' dir='ltr'>iratus,</span> <span class='ocrx_word' id='word_1_55' title='bbox 1276 737 1336 768; x_wconf 89' lang='lat' dir='ltr'>sed</span> <span class='ocrx_word' id='word_1_56' title='bbox 1362 736 1520 778; x_wconf 83' lang='lat' dir='ltr'>placatus</span> 
     </span>
     <span class='ocr_line' id='line_1_17' title="bbox 256 781 1516 814; baseline -0.001 -1"><span class='ocrx_word' id='word_1_57' title='bbox 256 781 415 813; x_wconf 86' lang='lat' dir='ltr'><strong>Clemens</strong></span> <span class='ocrx_word' id='word_1_58' title='bbox 442 781 532 812; x_wconf 88' lang='lat' dir='ltr'>bona</span> <span class='ocrx_word' id='word_1_59' title='bbox 558 781 712 812; x_wconf 87' lang='lat' dir='ltr'>Domini.</span> <span class='ocrx_word' id='word_1_60' title='bbox 1078 782 1224 813; x_wconf 87' lang='lat' dir='ltr'>Nostros</span> <span class='ocrx_word' id='word_1_61' title='bbox 1250 786 1347 814; x_wconf 69' lang='lat' dir='ltr'>actus</span> <span class='ocrx_word' id='word_1_62' title='bbox 1374 782 1516 814; x_wconf 87' lang='lat' dir='ltr'>iudices.</span> 
     </span>
     <span class='ocr_line' id='line_1_18' title="bbox 210 853 1587 897; baseline 0 -11"><span class='ocrx_word' id='word_1_63' title='bbox 210 854 262 886; x_wconf 88' lang='lat' dir='ltr'>De</span> <span class='ocrx_word' id='word_1_64' title='bbox 287 854 467 896; x_wconf 85' lang='lat' dir='ltr'>culparum</span> <span class='ocrx_word' id='word_1_65' title='bbox 494 855 721 896; x_wconf 83' lang='lat' dir='ltr'>plurimarum</span> <span class='ocrx_word' id='word_1_66' title='bbox 940 853 994 887; x_wconf 86' lang='lat'>54.</span> <span class='ocrx_word' id='word_1_67' title='bbox 1032 855 1164 897; x_wconf 86' lang='lat' dir='ltr'>Culpae</span> <span class='ocrx_word' id='word_1_68' title='bbox 1189 855 1317 886; x_wconf 82' lang='lat' dir='ltr'>vindex</span> <span class='ocrx_word' id='word_1_69' title='bbox 1343 859 1446 897; x_wconf 84' lang='lat' dir='ltr'>atque</span> <span class='ocrx_word' id='word_1_70' title='bbox 1472 854 1587 892; x_wconf 78' lang='lat' dir='ltr'>index.</span> 
     </span>
    </p>

    <p class='ocr_par' dir='ltr' id='par_1_13' title="bbox 206 900 1624 2082">
     <span class='ocr_line' id='line_1_19' title="bbox 255 900 1486 942; baseline 0.002 -11"><span class='ocrx_word' id='word_1_71' title='bbox 255 900 351 932; x_wconf 78' lang='lat' dir='ltr'>Leva</span> <span class='ocrx_word' id='word_1_72' title='bbox 376 903 520 932; x_wconf 81' lang='lat' dir='ltr'>stratum</span> <span class='ocrx_word' id='word_1_73' title='bbox 547 900 709 942; x_wconf 73' lang='lat' dir='ltr'>pondere,</span> <span class='ocrx_word' id='word_1_74' title='bbox 1076 902 1171 932; x_wconf 79' lang='lat' dir='ltr'>Iuste</span> <span class='ocrx_word' id='word_1_75' title='bbox 1198 900 1300 932; x_wconf 82' lang='lat' dir='ltr'>iudex</span> <span class='ocrx_word' id='word_1_76' title='bbox 1327 901 1486 939; x_wconf 81' lang='lat' dir='ltr'>Domine,</span> 
     </span>
     <span class='ocr_line' id='line_1_20' title="bbox 209 945 1475 984; baseline 0.001 -7"><span class='ocrx_word' id='word_1_77' title='bbox 209 945 276 977; x_wconf 89' lang='lat' dir='ltr'>His</span> <span class='ocrx_word' id='word_1_78' title='bbox 302 945 454 977; x_wconf 82' lang='lat' dir='ltr'>solutum</span> <span class='ocrx_word' id='word_1_79' title='bbox 480 946 523 977; x_wconf 85' lang='lat' dir='ltr'>ad</span> <span class='ocrx_word' id='word_1_80' title='bbox 548 947 714 977; x_wconf 73' lang='lat' dir='ltr'>virtutum</span> <span class='ocrx_word' id='word_1_81' title='bbox 1029 947 1102 978; x_wconf 89' lang='lat' dir='ltr'>Rex</span> <span class='ocrx_word' id='word_1_82' title='bbox 1129 946 1270 984; x_wconf 74' lang='lat' dir='ltr'>Messia,</span> <span class='ocrx_word' id='word_1_83' title='bbox 1296 946 1336 977; x_wconf 91' lang='lat' dir='ltr'>de</span> <span class='ocrx_word' id='word_1_84' title='bbox 1364 947 1475 978; x_wconf 83' lang='lat' dir='ltr'>Maria</span> 
     </span>
     <span class='ocr_line' id='line_1_21' title="bbox 254 991 1430 1033; baseline 0 -11"><span class='ocrx_word' id='word_1_85' title='bbox 254 991 325 1023; x_wconf 84' lang='lat' dir='ltr'>Fae</span> <span class='ocrx_word' id='word_1_86' title='bbox 349 1001 402 1023; x_wconf 85' lang='lat' dir='ltr'>me</span> <span class='ocrx_word' id='word_1_87' title='bbox 428 994 555 1022; x_wconf 82' lang='lat' dir='ltr'>statum</span> <span class='ocrx_word' id='word_1_88' title='bbox 583 1001 734 1033; x_wconf 75' lang='lat' dir='ltr'>pergere.</span> <span class='ocrx_word' id='word_1_89' title='bbox 1072 992 1161 1023; x_wconf 80' lang='lat' dir='ltr'>Nate</span> <span class='ocrx_word' id='word_1_90' title='bbox 1190 993 1250 1033; x_wconf 90' lang='lat' dir='ltr'>pia</span> <span class='ocrx_word' id='word_1_91' title='bbox 1281 992 1430 1033; x_wconf 73' lang='lat' dir='ltr'>virgine,</span> 
     </span>
     <span class='ocr_line' id='line_1_22' title="bbox 208 1063 1624 1107; baseline 0 -11"><span class='ocrx_word' id='word_1_92' title='bbox 208 1065 278 1097; x_wconf 84' lang='lat' dir='ltr'>Ora</span> <span class='ocrx_word' id='word_1_93' title='bbox 302 1065 425 1103; x_wconf 91' lang='lat' dir='ltr'>Deum,</span> <span class='ocrx_word' id='word_1_94' title='bbox 451 1075 599 1104; x_wconf 82' lang='lat' dir='ltr'>poscens</span> <span class='ocrx_word' id='word_1_95' title='bbox 625 1075 713 1101; x_wconf 84' lang='lat' dir='ltr'>eum,</span> <span class='ocrx_word' id='word_1_96' title='bbox 933 1063 987 1097; x_wconf 85' lang='lat'>55.</span> <span class='ocrx_word' id='word_1_97' title='bbox 1027 1065 1124 1096; x_wconf 85' lang='lat' dir='ltr'>Mors</span> <span class='ocrx_word' id='word_1_98' title='bbox 1150 1066 1333 1106; x_wconf 82' lang='lat' dir='ltr'>serpentis,</span> <span class='ocrx_word' id='word_1_99' title='bbox 1361 1075 1438 1107; x_wconf 80' lang='lat' dir='ltr'>spes</span> <span class='ocrx_word' id='word_1_100' title='bbox 1466 1066 1624 1103; x_wconf 82' lang='lat' dir='ltr'>iacentis,</span> 
     </span>
     <span class='ocr_line' id='line_1_23' title="bbox 255 1110 1482 1148; baseline 0.001 -7"><span class='ocrx_word' id='word_1_101' title='bbox 255 1111 302 1142; x_wconf 82' lang='lat' dir='ltr'>Ut</span> <span class='ocrx_word' id='word_1_102' title='bbox 326 1120 385 1141; x_wconf 89' lang='lat' dir='ltr'>cor</span> <span class='ocrx_word' id='word_1_103' title='bbox 409 1120 521 1142; x_wconf 88' lang='lat' dir='ltr'>meum</span> <span class='ocrx_word' id='word_1_104' title='bbox 547 1110 672 1148; x_wconf 72' lang='lat' dir='ltr'>foveat,</span> <span class='ocrx_word' id='word_1_105' title='bbox 1072 1110 1198 1142; x_wconf 89' lang='lat' dir='ltr'>Partus</span> <span class='ocrx_word' id='word_1_106' title='bbox 1225 1111 1358 1142; x_wconf 73' lang='lat' dir='ltr'>ventris</span> <span class='ocrx_word' id='word_1_107' title='bbox 1386 1111 1482 1142; x_wconf 79' lang='lat' dir='ltr'>nivei</span> 
     </span>
     <span class='ocr_line' id='line_1_24' title="bbox 210 1155 1583 1197; baseline -0.001 -10"><span class='ocrx_word' id='word_1_108' title='bbox 210 1155 259 1188; x_wconf 86' lang='lat' dir='ltr'>Ut</span> <span class='ocrx_word' id='word_1_109' title='bbox 284 1156 394 1197; x_wconf 87' lang='lat' dir='ltr'>ipsius</span> <span class='ocrx_word' id='word_1_110' title='bbox 422 1166 473 1187; x_wconf 87' lang='lat' dir='ltr'>me</span> <span class='ocrx_word' id='word_1_111' title='bbox 499 1157 602 1187; x_wconf 81' lang='lat' dir='ltr'>unius</span> <span class='ocrx_word' id='word_1_112' title='bbox 1025 1157 1101 1188; x_wconf 84' lang='lat' dir='ltr'>Rex</span> <span class='ocrx_word' id='word_1_113' title='bbox 1128 1156 1306 1193; x_wconf 82' lang='lat' dir='ltr'>virtutum,</span> <span class='ocrx_word' id='word_1_114' title='bbox 1336 1156 1426 1197; x_wconf 85' lang='lat' dir='ltr'>pelle</span> <span class='ocrx_word' id='word_1_115' title='bbox 1452 1156 1583 1187; x_wconf 86' lang='lat' dir='ltr'>luctum</span> 
     </span>
     <span class='ocr_line' id='line_1_25' title="bbox 254 1200 1486 1243; baseline 0 -11"><span class='ocrx_word' id='word_1_116' title='bbox 254 1201 361 1232; x_wconf 86' lang='lat' dir='ltr'>Amor</span> <span class='ocrx_word' id='word_1_117' title='bbox 385 1202 464 1242; x_wconf 89' lang='lat' dir='ltr'>pius</span> <span class='ocrx_word' id='word_1_118' title='bbox 490 1201 632 1243; x_wconf 82' lang='lat' dir='ltr'>repleat.</span> <span class='ocrx_word' id='word_1_119' title='bbox 1073 1202 1197 1242; x_wconf 86' lang='lat' dir='ltr'>Daque</span> <span class='ocrx_word' id='word_1_120' title='bbox 1224 1201 1372 1232; x_wconf 80' lang='lat' dir='ltr'>fructum</span> <span class='ocrx_word' id='word_1_121' title='bbox 1398 1200 1486 1233; x_wconf 82' lang='lat' dir='ltr'>fidei.</span> 
     </span>
     <span class='ocr_line' id='line_1_26' title="bbox 209 1272 1411 1316; baseline 0 -10"><span class='ocrx_word' id='word_1_122' title='bbox 209 1275 267 1306; x_wconf 89' lang='lat' dir='ltr'>Me</span> <span class='ocrx_word' id='word_1_123' title='bbox 291 1275 447 1308; x_wconf 83' lang='lat' dir='ltr'>conforta</span> <span class='ocrx_word' id='word_1_124' title='bbox 473 1278 507 1307; x_wconf 85' lang='lat' dir='ltr'>et</span> <span class='ocrx_word' id='word_1_125' title='bbox 532 1278 680 1316; x_wconf 80' lang='lat' dir='ltr'>reporta,</span> <span class='ocrx_word' id='word_1_126' title='bbox 937 1272 992 1309; x_wconf 86' lang='lat'>56.</span> <span class='ocrx_word' id='word_1_127' title='bbox 1033 1276 1193 1308; x_wconf 79' lang='lat' dir='ltr'>Sitientis</span> <span class='ocrx_word' id='word_1_128' title='bbox 1219 1278 1253 1306; x_wconf 90' lang='lat' dir='ltr'>et</span> <span class='ocrx_word' id='word_1_129' title='bbox 1278 1276 1411 1315; x_wconf 68' lang='lat' dir='ltr'>egentis</span> 
     </span>
     <span class='ocr_line' id='line_1_27' title="bbox 254 1320 1520 1362; baseline 0 -11"><span class='ocrx_word' id='word_1_130' title='bbox 254 1320 350 1352; x_wconf 88' lang='lat' dir='ltr'>Caeli</span> <span class='ocrx_word' id='word_1_131' title='bbox 376 1324 476 1362; x_wconf 89' lang='lat' dir='ltr'>porta</span> <span class='ocrx_word' id='word_1_132' title='bbox 501 1322 650 1359; x_wconf 78' lang='lat' dir='ltr'>veniam,</span> <span class='ocrx_word' id='word_1_133' title='bbox 1077 1320 1166 1352; x_wconf 91' lang='lat' dir='ltr'>Audi</span> <span class='ocrx_word' id='word_1_134' title='bbox 1192 1321 1318 1352; x_wconf 74' lang='lat' dir='ltr'>mentis</span> <span class='ocrx_word' id='word_1_135' title='bbox 1343 1321 1520 1361; x_wconf 76' lang='lat' dir='ltr'>gemitum.</span> 
     </span>
     <span class='ocr_line' id='line_1_28' title="bbox 209 1365 1543 1398; baseline 0 -2"><span class='ocrx_word' id='word_1_136' title='bbox 209 1365 375 1397; x_wconf 89' lang='lat' dir='ltr'>Obtineto</span> <span class='ocrx_word' id='word_1_137' title='bbox 401 1369 434 1397; x_wconf 86' lang='lat' dir='ltr'>et</span> <span class='ocrx_word' id='word_1_138' title='bbox 458 1366 573 1398; x_wconf 78' lang='lat' dir='ltr'>faveto</span> <span class='ocrx_word' id='word_1_139' title='bbox 1031 1366 1084 1397; x_wconf 87' lang='lat' dir='ltr'>Ad</span> <span class='ocrx_word' id='word_1_140' title='bbox 1110 1367 1282 1397; x_wconf 86' lang='lat' dir='ltr'>internam</span> <span class='ocrx_word' id='word_1_141' title='bbox 1310 1369 1342 1397; x_wconf 85' lang='lat' dir='ltr'>et</span> <span class='ocrx_word' id='word_1_142' title='bbox 1367 1369 1543 1397; x_wconf 80' lang='lat' dir='ltr'>aeternam</span> 
     </span>
     <span class='ocr_line' id='line_1_29' title="bbox 256 1411 1498 1454; baseline -0.002 -11"><span class='ocrx_word' id='word_1_143' title='bbox 256 1412 315 1449; x_wconf 85' lang='lat' dir='ltr'>Ut,</span> <span class='ocrx_word' id='word_1_144' title='bbox 340 1411 434 1453; x_wconf 86' lang='lat' dir='ltr'>quod</span> <span class='ocrx_word' id='word_1_145' title='bbox 458 1414 550 1452; x_wconf 87' lang='lat' dir='ltr'>peto,</span> <span class='ocrx_word' id='word_1_146' title='bbox 575 1413 724 1454; x_wconf 85' lang='lat' dir='ltr'>capiam.</span> <span class='ocrx_word' id='word_1_147' title='bbox 1079 1411 1197 1443; x_wconf 82' lang='lat' dir='ltr'>Pande</span> <span class='ocrx_word' id='word_1_148' title='bbox 1221 1412 1329 1442; x_wconf 80' lang='lat' dir='ltr'>vitam</span> <span class='ocrx_word' id='word_1_149' title='bbox 1356 1411 1498 1442; x_wconf 85' lang='lat' dir='ltr'>aditum.</span> 
     </span>
     <span class='ocr_line' id='line_1_30' title="bbox 210 1483 1561 1526; baseline 0 -11"><span class='ocrx_word' id='word_1_150' title='bbox 210 1485 388 1526; x_wconf 87' lang='lat' dir='ltr'>Imperitis</span> <span class='ocrx_word' id='word_1_151' title='bbox 414 1489 447 1516; x_wconf 91' lang='lat' dir='ltr'>et</span> <span class='ocrx_word' id='word_1_152' title='bbox 472 1486 643 1524; x_wconf 80' lang='lat' dir='ltr'>contritis,</span> <span class='ocrx_word' id='word_1_153' title='bbox 937 1483 989 1517; x_wconf 86' lang='grc'>57.</span> <span class='ocrx_word' id='word_1_154' title='bbox 1028 1485 1138 1517; x_wconf 79' lang='lat' dir='ltr'>Nobis</span> <span class='ocrx_word' id='word_1_155' title='bbox 1165 1494 1266 1526; x_wconf 85' lang='lat' dir='ltr'>parce</span> <span class='ocrx_word' id='word_1_156' title='bbox 1294 1488 1389 1515; x_wconf 78' lang='lat' dir='ltr'>stans</span> <span class='ocrx_word' id='word_1_157' title='bbox 1412 1485 1446 1515; x_wconf 91' lang='lat' dir='ltr'>in</span> <span class='ocrx_word' id='word_1_158' title='bbox 1473 1495 1561 1516; x_wconf 83' lang='lat' dir='ltr'>arce..</span> 
     </span>
     <span class='ocr_line' id='line_1_31' title="bbox 258 1530 1538 1572; baseline -0.001 -11"><span class='ocrx_word' id='word_1_159' title='bbox 258 1531 365 1572; x_wconf 74' lang='lat' dir='ltr'>Virgo</span> <span class='ocrx_word' id='word_1_160' title='bbox 392 1531 497 1567; x_wconf 78' lang='lat' dir='ltr'>mitis,</span> <span class='ocrx_word' id='word_1_161' title='bbox 523 1531 682 1569; x_wconf 76' lang='lat' dir='ltr'>subveni,</span> <span class='ocrx_word' id='word_1_162' title='bbox 1075 1531 1157 1562; x_wconf 88' lang='lat' dir='ltr'>Flos</span> <span class='ocrx_word' id='word_1_163' title='bbox 1182 1530 1538 1567; x_wconf 67' lang='lat' dir='ltr'>immarcessibilis,</span> 
     </span>
     <span class='ocr_line' id='line_1_32' title="bbox 211 1575 1504 1617; baseline -0.001 -10"><span class='ocrx_word' id='word_1_164' title='bbox 211 1576 279 1607; x_wconf 93' lang='lat' dir='ltr'>Pro</span> <span class='ocrx_word' id='word_1_165' title='bbox 306 1577 458 1617; x_wconf 81' lang='lat' dir='ltr'>peccatis</span> <span class='ocrx_word' id='word_1_166' title='bbox 483 1579 518 1607; x_wconf 86' lang='lat' dir='ltr'>et</span> <span class='ocrx_word' id='word_1_167' title='bbox 546 1576 677 1608; x_wconf 84' lang='lat' dir='ltr'>orbatis</span> <span class='ocrx_word' id='word_1_168' title='bbox 1030 1577 1103 1608; x_wconf 73' lang='lat' dir='ltr'>Nos</span> <span class='ocrx_word' id='word_1_169' title='bbox 1129 1576 1273 1607; x_wconf 80' lang='lat' dir='ltr'>caelesti</span> <span class='ocrx_word' id='word_1_170' title='bbox 1301 1575 1391 1606; x_wconf 81' lang='lat' dir='ltr'>stola</span> <span class='ocrx_word' id='word_1_171' title='bbox 1415 1576 1504 1607; x_wconf 75' lang='lat' dir='ltr'>vesti</span> 
     </span>
     <span class='ocr_line' id='line_1_33' title="bbox 255 1620 1506 1663; baseline -0.001 -11"><span class='ocrx_word' id='word_1_172' title='bbox 255 1621 399 1653; x_wconf 77' lang='lat' dir='ltr'>Vultum</span> <span class='ocrx_word' id='word_1_173' title='bbox 424 1622 534 1662; x_wconf 76' lang='lat' dir='ltr'>patris</span> <span class='ocrx_word' id='word_1_174' title='bbox 561 1622 738 1663; x_wconf 81' lang='lat' dir='ltr'>praeveni.</span> <span class='ocrx_word' id='word_1_175' title='bbox 1075 1622 1149 1654; x_wconf 80' lang='lat' dir='ltr'>Rex</span> <span class='ocrx_word' id='word_1_176' title='bbox 1179 1620 1506 1652; x_wconf 56' lang='lat' dir='ltr'>inaestimabilis.</span> 
     </span>
     <span class='ocr_line' id='line_1_34' title="bbox 212 1692 1589 1737; baseline -0.001 -10"><span class='ocrx_word' id='word_1_177' title='bbox 212 1694 319 1727; x_wconf 85' lang='lat' dir='ltr'>Aufer</span> <span class='ocrx_word' id='word_1_178' title='bbox 342 1698 484 1733; x_wconf 82' lang='lat' dir='ltr'>maesta,</span> <span class='ocrx_word' id='word_1_179' title='bbox 511 1696 602 1727; x_wconf 84' lang='lat' dir='ltr'>vires</span> <span class='ocrx_word' id='word_1_180' title='bbox 627 1699 780 1737; x_wconf 84' lang='lat' dir='ltr'>praesta,</span> <span class='ocrx_word' id='word_1_181' title='bbox 940 1692 994 1728; x_wconf 85' lang='lat'>58.</span> <span class='ocrx_word' id='word_1_182' title='bbox 1030 1696 1104 1727; x_wconf 85' lang='lat' dir='ltr'>Rex</span> <span class='ocrx_word' id='word_1_183' title='bbox 1128 1695 1290 1737; x_wconf 73' lang='lat' dir='ltr'>benigne,</span> <span class='ocrx_word' id='word_1_184' title='bbox 1319 1694 1372 1725; x_wconf 82' lang='lat' dir='ltr'>fae</span> <span class='ocrx_word' id='word_1_185' title='bbox 1397 1704 1460 1725; x_wconf 78' lang='lat' dir='ltr'>nos</span> <span class='ocrx_word' id='word_1_186' title='bbox 1486 1693 1589 1736; x_wconf 85' lang='lat' dir='ltr'>digne</span> 
     </span>
     <span class='ocr_line' id='line_1_35' title="bbox 257 1739 1499 1779; baseline -0.002 -7"><span class='ocrx_word' id='word_1_187' title='bbox 257 1741 311 1772; x_wconf 88' lang='lat' dir='ltr'>Tu</span> <span class='ocrx_word' id='word_1_188' title='bbox 336 1739 487 1772; x_wconf 82' lang='lat' dir='ltr'>fenestra</span> <span class='ocrx_word' id='word_1_189' title='bbox 513 1740 676 1779; x_wconf 79' lang='lat' dir='ltr'>siderum.</span> <span class='ocrx_word' id='word_1_190' title='bbox 1077 1741 1146 1772; x_wconf 84' lang='lat' dir='ltr'>Fac</span> <span class='ocrx_word' id='word_1_191' title='bbox 1170 1750 1233 1771; x_wconf 88' lang='lat' dir='ltr'>nos</span> <span class='ocrx_word' id='word_1_192' title='bbox 1260 1741 1334 1771; x_wconf 66' lang='lat' dir='ltr'>sine</span> <span class='ocrx_word' id='word_1_193' title='bbox 1360 1739 1499 1777; x_wconf 78' lang='lat' dir='ltr'>scelere,</span> 
     </span>
     <span class='ocr_line' id='line_1_36' title="bbox 211 1785 1616 1826; baseline -0.001 -9"><span class='ocrx_word' id='word_1_194' title='bbox 211 1787 325 1818; x_wconf 80' lang='lat' dir='ltr'>Mater</span> <span class='ocrx_word' id='word_1_195' title='bbox 348 1790 456 1823; x_wconf 75' lang='lat' dir='ltr'>easta,</span> <span class='ocrx_word' id='word_1_196' title='bbox 482 1786 532 1817; x_wconf 87' lang='lat' dir='ltr'>fer</span> <span class='ocrx_word' id='word_1_197' title='bbox 557 1786 600 1818; x_wconf 86' lang='lat' dir='ltr'>ad</span> <span class='ocrx_word' id='word_1_198' title='bbox 626 1790 720 1818; x_wconf 81' lang='lat' dir='ltr'>astra</span> <span class='ocrx_word' id='word_1_199' title='bbox 1031 1786 1179 1817; x_wconf 83' lang='lat' dir='ltr'>Matrem</span> <span class='ocrx_word' id='word_1_200' title='bbox 1205 1785 1315 1826; x_wconf 75' lang='lat' dir='ltr'>illam,</span> <span class='ocrx_word' id='word_1_201' title='bbox 1340 1788 1484 1816; x_wconf 82' lang='lat' dir='ltr'>matrem</span> <span class='ocrx_word' id='word_1_202' title='bbox 1512 1786 1616 1825; x_wconf 81' lang='lat' dir='ltr'>piam,</span> 
     </span>
     <span class='ocr_line' id='line_1_37' title="bbox 260 1830 1497 1873; baseline -0.002 -10"><span class='ocrx_word' id='word_1_203' title='bbox 260 1832 477 1863; x_wconf 79' lang='lat' dir='ltr'>Holocausta</span> <span class='ocrx_word' id='word_1_204' title='bbox 503 1841 707 1873; x_wconf 80' lang='lat' dir='ltr'>pauperum.</span> <span class='ocrx_word' id='word_1_205' title='bbox 1079 1832 1226 1863; x_wconf 88' lang='lat' dir='ltr'>Matrem</span> <span class='ocrx_word' id='word_1_206' title='bbox 1252 1834 1347 1862; x_wconf 82' lang='lat' dir='ltr'>tuam</span> <span class='ocrx_word' id='word_1_207' title='bbox 1374 1830 1497 1861; x_wconf 85' lang='lat' dir='ltr'>colere.</span> 
     </span>
     <span class='ocr_line' id='line_1_38' title="bbox 211 1903 1514 1947; baseline -0.004 -9"><span class='ocrx_word' id='word_1_208' title='bbox 211 1907 304 1938; x_wconf 87' lang='lat' dir='ltr'>Tura</span> <span class='ocrx_word' id='word_1_209' title='bbox 329 1916 468 1947; x_wconf 82' lang='lat' dir='ltr'>precum</span> <span class='ocrx_word' id='word_1_210' title='bbox 493 1905 587 1938; x_wconf 88' lang='lat' dir='ltr'>defer</span> <span class='ocrx_word' id='word_1_211' title='bbox 611 1909 724 1938; x_wconf 89' lang='lat' dir='ltr'>tecum</span> <span class='ocrx_word' id='word_1_212' title='bbox 940 1903 994 1938; x_wconf 88' lang='lat'>59.</span> <span class='ocrx_word' id='word_1_213' title='bbox 1031 1906 1157 1938; x_wconf 88' lang='lat' dir='ltr'>Factor</span> <span class='ocrx_word' id='word_1_214' title='bbox 1181 1905 1287 1942; x_wconf 81' lang='lat' dir='ltr'>orbis,</span> <span class='ocrx_word' id='word_1_215' title='bbox 1314 1908 1387 1935; x_wconf 87' lang='lat' dir='ltr'>esto</span> <span class='ocrx_word' id='word_1_216' title='bbox 1414 1903 1514 1935; x_wconf 74' lang='lat' dir='ltr'>nobis</span> 
     </span>
     <span class='ocr_line' id='line_1_39' title="bbox 253 1949 1452 1993; baseline -0.002 -11"><span class='ocrx_word' id='word_1_217' title='bbox 253 1951 306 1983; x_wconf 87' lang='lat' dir='ltr'>Ad</span> <span class='ocrx_word' id='word_1_218' title='bbox 330 1956 553 1993; x_wconf 82' lang='lat' dir='ltr'>conspectum</span> <span class='ocrx_word' id='word_1_219' title='bbox 580 1952 721 1983; x_wconf 87' lang='lat' dir='ltr'>Domini</span> <span class='ocrx_word' id='word_1_220' title='bbox 1077 1951 1200 1982; x_wconf 84' lang='lat' dir='ltr'>Turris</span> <span class='ocrx_word' id='word_1_221' title='bbox 1225 1949 1452 1987; x_wconf 80' lang='lat' dir='ltr'>fortitudinis,</span> 
     </span>
     <span class='ocr_line' id='line_1_40' title="bbox 206 1995 1595 2038; baseline -0.001 -10"><span class='ocrx_word' id='word_1_222' title='bbox 206 1996 253 2028; x_wconf 90' lang='lat' dir='ltr'>Et</span> <span class='ocrx_word' id='word_1_223' title='bbox 277 1997 403 2028; x_wconf 88' lang='lat' dir='ltr'>iratum</span> <span class='ocrx_word' id='word_1_224' title='bbox 430 1997 474 2028; x_wconf 84' lang='lat' dir='ltr'>ob</span> <span class='ocrx_word' id='word_1_225' title='bbox 500 2000 678 2038; x_wconf 83' lang='lat' dir='ltr'>peccatum</span> <span class='ocrx_word' id='word_1_226' title='bbox 1033 1997 1106 2028; x_wconf 86' lang='lat' dir='ltr'>Nos</span> <span class='ocrx_word' id='word_1_227' title='bbox 1131 1997 1175 2028; x_wconf 88' lang='lat' dir='ltr'>ab</span> <span class='ocrx_word' id='word_1_228' title='bbox 1200 1995 1300 2027; x_wconf 84' lang='lat' dir='ltr'>hoste</span> <span class='ocrx_word' id='word_1_229' title='bbox 1325 1995 1424 2026; x_wconf 82' lang='lat' dir='ltr'>trahe</span> <span class='ocrx_word' id='word_1_230' title='bbox 1450 1998 1527 2036; x_wconf 76' lang='lat' dir='ltr'>post</span> <span class='ocrx_word' id='word_1_231' title='bbox 1551 1999 1595 2031; x_wconf 88' lang='lat' dir='ltr'>te,</span> 
     </span>
     <span class='ocr_line' id='line_1_41' title="bbox 252 2041 1475 2082; baseline -0.002 -9"><span class='ocrx_word' id='word_1_232' title='bbox 252 2041 361 2073; x_wconf 84' lang='lat' dir='ltr'>Placa</span> <span class='ocrx_word' id='word_1_233' title='bbox 384 2045 504 2074; x_wconf 89' lang='lat' dir='ltr'>natum</span> <span class='ocrx_word' id='word_1_234' title='bbox 530 2041 674 2074; x_wconf 90' lang='lat' dir='ltr'>homini.</span> <span class='ocrx_word' id='word_1_235' title='bbox 1076 2041 1145 2074; x_wconf 87' lang='lat' dir='ltr'>Fili</span> <span class='ocrx_word' id='word_1_236' title='bbox 1170 2042 1290 2073; x_wconf 63' lang='lat' dir='ltr'>matris</span> <span class='ocrx_word' id='word_1_237' title='bbox 1316 2041 1475 2082; x_wconf 47' lang='lat' dir='ltr'>virgini&amp;</span> 
     </span>
    </p>
   </div>
   <div class='ocr_carea' id='block_1_12' title="bbox 208 2112 1688 2156">
    <p class='ocr_par' dir='ltr' id='par_1_14' title="bbox 208 2112 1688 2156">
     <span class='ocr_line' id='line_1_42' title="bbox 208 2112 1688 2156; baseline -0.001 -9"><span class='ocrx_word' id='word_1_238' title='bbox 208 2116 294 2147; x_wconf 90' lang='lat' dir='ltr'>Zum</span> <span class='ocrx_word' id='word_1_239' title='bbox 320 2115 483 2148; x_wconf 84' lang='lat' dir='ltr'>Schlusse</span> <span class='ocrx_word' id='word_1_240' title='bbox 508 2116 612 2148; x_wconf 85' lang='lat' dir='ltr'>Pater</span> <span class='ocrx_word' id='word_1_241' title='bbox 638 2117 751 2156; x_wconf 82' lang='lat' dir='ltr'>Deus,</span> <span class='ocrx_word' id='word_1_242' title='bbox 787 2116 838 2148; x_wconf 88' lang='lat' dir='ltr'>fili</span> <span class='ocrx_word' id='word_1_243' title='bbox 864 2117 960 2149; x_wconf 91' lang='lat' dir='ltr'>Deus</span> <span class='ocrx_word' id='word_1_244' title='bbox 985 2126 1069 2148; x_wconf 79' lang='lat' dir='ltr'>usw.</span> <span class='ocrx_word' id='word_1_245' title='bbox 1103 2132 1145 2136; x_wconf 91' lang='lat'>—</span> <span class='ocrx_word' id='word_1_246' title='bbox 1171 2114 1220 2146; x_wconf 78' lang='lat' dir='ltr'>Es</span> <span class='ocrx_word' id='word_1_247' title='bbox 1246 2114 1333 2155; x_wconf 86' lang='lat' dir='ltr'>folgt</span> <span class='ocrx_word' id='word_1_248' title='bbox 1359 2113 1412 2145; x_wconf 80' lang='lat' dir='ltr'>als</span> <span class='ocrx_word' id='word_1_249' title='bbox 1439 2113 1523 2144; x_wconf 71' lang='lat' dir='ltr'>Pars</span> <span class='ocrx_word' id='word_1_250' title='bbox 1550 2113 1599 2144; x_wconf 87' lang='lat' dir='ltr'>IV</span> <span class='ocrx_word' id='word_1_251' title='bbox 1625 2112 1688 2145; x_wconf 88' lang='lat' dir='ltr'>das</span> 
     </span>
    </p>
   </div>
   <div class='ocr_carea' id='block_1_13' title="bbox 116 2158 1679 2249">
    <p class='ocr_par' dir='ltr' id='par_1_15' title="bbox 116 2158 1679 2249">
     <span class='ocr_line' id='line_1_43' title="bbox 116 2158 1679 2203; baseline -0.003 -9"><span class='ocrx_word' id='word_1_252' title='bbox 116 2161 205 2194; x_wconf 84' lang='lat' dir='ltr'>Lied</span> <span class='ocrx_word' id='word_1_253' title='bbox 222 2162 359 2203; x_wconf 80' lang='lat' dir='ltr'>Virgo</span> <span class='ocrx_word' id='word_1_254' title='bbox 371 2185 379 2200; x_wconf 89' lang='lat'>‚</span> <span class='ocrx_word' id='word_1_255' title='bbox 404 2162 546 2203; x_wconf 88' lang='lat' dir='ltr'>gaude</span> <span class='ocrx_word' id='word_1_256' title='bbox 558 2185 565 2198; x_wconf 91' lang='lat'>‚</span> <span class='ocrx_word' id='word_1_257' title='bbox 591 2161 727 2203; x_wconf 83' lang='lat' dir='ltr'>digna</span> <span class='ocrx_word' id='word_1_258' title='bbox 752 2162 882 2194; x_wconf 89' lang='lat' dir='ltr'>laude</span> <span class='ocrx_word' id='word_1_259' title='bbox 899 2161 1016 2203; x_wconf 87' lang='lat' dir='ltr'>(Mone</span> <span class='ocrx_word' id='word_1_260' title='bbox 1034 2161 1079 2199; x_wconf 84' lang='grc' dir='ltr'>ΙΙ,</span> <span class='ocrx_word' id='word_1_261' title='bbox 1097 2158 1185 2200; x_wconf 78' lang='grc'>373),</span> <span class='ocrx_word' id='word_1_262' title='bbox 1204 2159 1292 2191; x_wconf 76' lang='lat' dir='ltr'>doeh</span> <span class='ocrx_word' id='word_1_263' title='bbox 1310 2169 1366 2190; x_wconf 88' lang='lat' dir='ltr'>um</span> <span class='ocrx_word' id='word_1_264' title='bbox 1386 2160 1462 2190; x_wconf 83' lang='lat' dir='ltr'>eine</span> <span class='ocrx_word' id='word_1_265' title='bbox 1484 2158 1590 2190; x_wconf 82' lang='lat' dir='ltr'>Reihe</span> <span class='ocrx_word' id='word_1_266' title='bbox 1610 2168 1679 2190; x_wconf 88' lang='lat' dir='ltr'>von</span> 
     </span>
     <span class='ocr_line' id='line_1_44' title="bbox 117 2206 712 2249; baseline -0.002 -9"><span class='ocrx_word' id='word_1_267' title='bbox 117 2206 294 2249; x_wconf 84' lang='lat' dir='ltr'>Strophen</span> <span class='ocrx_word' id='word_1_268' title='bbox 319 2208 502 2239; x_wconf 82' lang='lat' dir='ltr'>erweitert.</span> <span class='ocrx_word' id='word_1_269' title='bbox 552 2206 712 2240; x_wconf 85' lang='lat' dir='ltr'>Sodann:</span> 
     </span>
    </p>
   </div>
   <div class='ocr_carea' id='block_1_14' title="bbox 142 2355 172 2388">
    <p class='ocr_par' dir='ltr' id='par_1_16' title="bbox 142 2355 172 2388">
     <span class='ocr_line' id='line_1_45' title="bbox 142 2355 172 2388; baseline 0 0"><span class='ocrx_word' id='word_1_270' title='bbox 142 2355 172 2388; x_wconf 91' lang='lat'>1.</span> 
     </span>
    </p>
   </div>
   <div class='ocr_carea' id='block_1_15' title="bbox 140 2563 172 2598">
    <p class='ocr_par' dir='ltr' id='par_1_17' title="bbox 140 2563 172 2598">
     <span class='ocr_line' id='line_1_46' title="bbox 140 2563 172 2598; baseline -0.031 0"><span class='ocrx_word' id='word_1_271' title='bbox 140 2563 172 2598; x_wconf 85' lang='lat'>2.</span> 
     </span>
    </p>
   </div>
   <div class='ocr_carea' id='block_1_16' title="bbox 141 2744 176 2810">
    <p class='ocr_par' dir='ltr' id='par_1_18' title="bbox 141 2744 176 2810">
     <span class='ocr_line' id='line_1_47' title="bbox 141 2744 176 2810; baseline -0.057 0"><span class='ocrx_word' id='word_1_272' title='bbox 141 2744 176 2810; x_wconf 68' lang='grc' dir='ltr'>ὲ.</span> 
     </span>
    </p>
   </div>
   <div class='ocr_carea' id='block_1_17' title="bbox 209 2276 1614 2907">
    <p class='ocr_par' dir='ltr' id='par_1_19' title="bbox 209 2276 1614 2907">
     <span class='ocr_line' id='line_1_48' title="bbox 811 2276 1019 2317; baseline -0.01 -2"><span class='ocrx_word' id='word_1_273' title='bbox 811 2278 930 2315; x_wconf 83' lang='lat' dir='ltr'>Pars</span> <span class='ocrx_word' id='word_1_274' title='bbox 972 2276 1019 2317; x_wconf 87' lang='lat' dir='ltr'>V.</span> 
     </span>
     <span class='ocr_line' id='line_1_49' title="bbox 209 2351 1481 2397; baseline -0.004 -10"><span class='ocrx_word' id='word_1_275' title='bbox 209 2356 238 2388; x_wconf 95' lang='lat' dir='ltr'>O</span> <span class='ocrx_word' id='word_1_276' title='bbox 262 2356 387 2394; x_wconf 82' lang='lat' dir='ltr'>Maria,</span> <span class='ocrx_word' id='word_1_277' title='bbox 413 2359 523 2387; x_wconf 87' lang='lat' dir='ltr'>mater</span> <span class='ocrx_word' id='word_1_278' title='bbox 547 2357 606 2397; x_wconf 86' lang='lat' dir='ltr'>pia</span> <span class='ocrx_word' id='word_1_279' title='bbox 960 2352 992 2386; x_wconf 88' lang='grc'>4.</span> <span class='ocrx_word' id='word_1_280' title='bbox 1028 2354 1137 2395; x_wconf 86' lang='lat' dir='ltr'>Virga</span> <span class='ocrx_word' id='word_1_281' title='bbox 1162 2354 1266 2389; x_wconf 64' lang='lat' dir='ltr'>Iesse,</span> <span class='ocrx_word' id='word_1_282' title='bbox 1293 2351 1380 2383; x_wconf 82' lang='lat' dir='ltr'>velis</span> <span class='ocrx_word' id='word_1_283' title='bbox 1406 2361 1481 2382; x_wconf 79' lang='lat' dir='ltr'>esse</span> 
     </span>
     <span class='ocr_line' id='line_1_50' title="bbox 255 2397 1428 2439; baseline -0.004 -7"><span class='ocrx_word' id='word_1_284' title='bbox 255 2400 465 2433; x_wconf 83' lang='lat' dir='ltr'>Cunctorum</span> <span class='ocrx_word' id='word_1_285' title='bbox 490 2400 655 2439; x_wconf 80' lang='lat' dir='ltr'>fidelium,</span> <span class='ocrx_word' id='word_1_286' title='bbox 1073 2399 1162 2431; x_wconf 89' lang='lat' dir='ltr'>Mihi</span> <span class='ocrx_word' id='word_1_287' title='bbox 1188 2399 1224 2429; x_wconf 91' lang='lat' dir='ltr'>in</span> <span class='ocrx_word' id='word_1_288' title='bbox 1249 2397 1428 2433; x_wconf 75' lang='lat' dir='ltr'>auxilium.</span> 
     </span>
     <span class='ocr_line' id='line_1_51' title="bbox 210 2444 1614 2488; baseline -0.004 -10"><span class='ocrx_word' id='word_1_289' title='bbox 210 2446 308 2486; x_wconf 84' lang='lat' dir='ltr'>Quae</span> <span class='ocrx_word' id='word_1_290' title='bbox 333 2447 479 2488; x_wconf 82' lang='lat' dir='ltr'>portasti</span> <span class='ocrx_word' id='word_1_291' title='bbox 505 2450 538 2478; x_wconf 87' lang='lat' dir='ltr'>et</span> <span class='ocrx_word' id='word_1_292' title='bbox 562 2446 702 2478; x_wconf 82' lang='lat' dir='ltr'>lactasti</span> <span class='ocrx_word' id='word_1_293' title='bbox 1027 2445 1094 2476; x_wconf 84' lang='lat' dir='ltr'>Pro</span> <span class='ocrx_word' id='word_1_294' title='bbox 1121 2454 1174 2475; x_wconf 89' lang='lat' dir='ltr'>me</span> <span class='ocrx_word' id='word_1_295' title='bbox 1199 2444 1312 2475; x_wconf 83' lang='lat' dir='ltr'>Deum</span> <span class='ocrx_word' id='word_1_296' title='bbox 1338 2452 1464 2482; x_wconf 75' lang='lat' dir='ltr'>rogans</span> <span class='ocrx_word' id='word_1_297' title='bbox 1490 2451 1614 2478; x_wconf 87' lang='lat' dir='ltr'>meum,</span> 
     </span>
     <span class='ocr_line' id='line_1_52' title="bbox 256 2487 1491 2523; baseline -0.005 0"><span class='ocrx_word' id='word_1_298' title='bbox 256 2491 434 2523; x_wconf 87' lang='lat' dir='ltr'>Christum</span> <span class='ocrx_word' id='word_1_299' title='bbox 459 2492 526 2523; x_wconf 88' lang='lat' dir='ltr'>Dei</span> <span class='ocrx_word' id='word_1_300' title='bbox 550 2491 672 2523; x_wconf 88' lang='lat' dir='ltr'>filium.</span> <span class='ocrx_word' id='word_1_301' title='bbox 1073 2491 1186 2521; x_wconf 90' lang='lat' dir='ltr'>Tuum</span> <span class='ocrx_word' id='word_1_302' title='bbox 1212 2488 1346 2520; x_wconf 86' lang='lat' dir='ltr'>dulcem</span> <span class='ocrx_word' id='word_1_303' title='bbox 1372 2487 1491 2518; x_wconf 85' lang='lat' dir='ltr'>filium.</span> 
     </span>
     <span class='ocr_line' id='line_1_53' title="bbox 210 2562 1502 2607; baseline -0.005 -10"><span class='ocrx_word' id='word_1_304' title='bbox 210 2565 320 2598; x_wconf 82' lang='lat' dir='ltr'>Stella</span> <span class='ocrx_word' id='word_1_305' title='bbox 344 2566 462 2603; x_wconf 71' lang='lat' dir='ltr'>maris,</span> <span class='ocrx_word' id='word_1_306' title='bbox 487 2565 675 2607; x_wconf 86' lang='lat' dir='ltr'>singularis</span> <span class='ocrx_word' id='word_1_307' title='bbox 959 2562 989 2595; x_wconf 90' lang='lat'>5.</span> <span class='ocrx_word' id='word_1_308' title='bbox 1027 2563 1056 2596; x_wconf 92' lang='lat' dir='ltr'>O</span> <span class='ocrx_word' id='word_1_309' title='bbox 1080 2563 1232 2599; x_wconf 68' lang='lat' dir='ltr'>lucerna,</span> <span class='ocrx_word' id='word_1_310' title='bbox 1259 2570 1327 2602; x_wconf 89' lang='lat' dir='ltr'>qua</span> <span class='ocrx_word' id='word_1_311' title='bbox 1353 2570 1502 2602; x_wconf 79' lang='lat' dir='ltr'>superna</span> 
     </span>
     <span class='ocr_line' id='line_1_54' title="bbox 255 2606 1444 2648; baseline -0.005 -6"><span class='ocrx_word' id='word_1_312' title='bbox 255 2610 477 2643; x_wconf 81' lang='lat' dir='ltr'>Consolatrix</span> <span class='ocrx_word' id='word_1_313' title='bbox 502 2611 667 2648; x_wconf 80' lang='lat' dir='ltr'>omnium,</span> <span class='ocrx_word' id='word_1_314' title='bbox 1073 2608 1196 2641; x_wconf 79' lang='lat' dir='ltr'>Gratia</span> <span class='ocrx_word' id='word_1_315' title='bbox 1222 2606 1444 2648; x_wconf 72' lang='lat' dir='ltr'>resplenduit,</span> 
     </span>
     <span class='ocr_line' id='line_1_55' title="bbox 209 2651 1516 2698; baseline -0.005 -10"><span class='ocrx_word' id='word_1_316' title='bbox 209 2657 311 2688; x_wconf 83' lang='lat' dir='ltr'>Vitae</span> <span class='ocrx_word' id='word_1_317' title='bbox 336 2659 447 2698; x_wconf 86' lang='lat' dir='ltr'>porta,</span> <span class='ocrx_word' id='word_1_318' title='bbox 473 2665 542 2695; x_wconf 86' lang='lat' dir='ltr'>qua</span> <span class='ocrx_word' id='word_1_319' title='bbox 567 2658 619 2688; x_wconf 83' lang='lat' dir='ltr'>est</span> <span class='ocrx_word' id='word_1_320' title='bbox 646 2659 722 2688; x_wconf 87' lang='lat' dir='ltr'>orta</span> <span class='ocrx_word' id='word_1_321' title='bbox 1027 2655 1118 2685; x_wconf 85' lang='lat' dir='ltr'>Dum</span> <span class='ocrx_word' id='word_1_322' title='bbox 1144 2655 1279 2684; x_wconf 78' lang='lat' dir='ltr'>creator</span> <span class='ocrx_word' id='word_1_323' title='bbox 1303 2655 1337 2682; x_wconf 78' lang='lat' dir='ltr'>et</span> <span class='ocrx_word' id='word_1_324' title='bbox 1362 2651 1516 2682; x_wconf 72' lang='lat' dir='ltr'>salvator</span> 
     </span>
     <span class='ocr_line' id='line_1_56' title="bbox 255 2695 1511 2742; baseline -0.005 -10"><span class='ocrx_word' id='word_1_325' title='bbox 255 2702 350 2733; x_wconf 84' lang='lat' dir='ltr'>Laus</span> <span class='ocrx_word' id='word_1_326' title='bbox 376 2704 410 2733; x_wconf 85' lang='lat' dir='ltr'>et</span> <span class='ocrx_word' id='word_1_327' title='bbox 435 2701 530 2732; x_wconf 79' lang='lat' dir='ltr'>salus</span> <span class='ocrx_word' id='word_1_328' title='bbox 555 2702 720 2742; x_wconf 87' lang='lat' dir='ltr'>gentium.</span> <span class='ocrx_word' id='word_1_329' title='bbox 1076 2697 1197 2730; x_wconf 85' lang='lat' dir='ltr'>Mundi</span> <span class='ocrx_word' id='word_1_330' title='bbox 1224 2707 1361 2728; x_wconf 79' lang='lat' dir='ltr'>carnem</span> <span class='ocrx_word' id='word_1_331' title='bbox 1389 2695 1511 2727; x_wconf 89' lang='lat' dir='ltr'>induit.</span> 
     </span>
     <span class='ocr_line' id='line_1_57' title="bbox 215 2769 1564 2817; baseline -0.006 -10"><span class='ocrx_word' id='word_1_332' title='bbox 215 2775 244 2807; x_wconf 96' lang='lat' dir='ltr'>O</span> <span class='ocrx_word' id='word_1_333' title='bbox 270 2775 409 2813; x_wconf 79' lang='lat' dir='ltr'>dilecta,</span> <span class='ocrx_word' id='word_1_334' title='bbox 434 2775 629 2817; x_wconf 79' lang='lat' dir='ltr'>praeelecta</span> <span class='ocrx_word' id='word_1_335' title='bbox 960 2771 992 2805; x_wconf 87' lang='lat'>6.</span> <span class='ocrx_word' id='word_1_336' title='bbox 1029 2771 1136 2813; x_wconf 73' lang='lat' dir='ltr'>Virgo</span> <span class='ocrx_word' id='word_1_337' title='bbox 1162 2771 1258 2807; x_wconf 83' lang='lat' dir='ltr'>felix,</span> <span class='ocrx_word' id='word_1_338' title='bbox 1282 2780 1371 2812; x_wconf 87' lang='lat' dir='ltr'>quae</span> <span class='ocrx_word' id='word_1_339' title='bbox 1397 2771 1432 2800; x_wconf 92' lang='lat' dir='ltr'>in</span> <span class='ocrx_word' id='word_1_340' title='bbox 1458 2769 1564 2801; x_wconf 80' lang='lat' dir='ltr'>caelis</span> 
     </span>
     <span class='ocr_line' id='line_1_58' title="bbox 255 2816 1465 2858; baseline -0.005 -6"><span class='ocrx_word' id='word_1_341' title='bbox 255 2822 350 2853; x_wconf 88' lang='lat' dir='ltr'>Inter</span> <span class='ocrx_word' id='word_1_342' title='bbox 375 2831 493 2852; x_wconf 84' lang='lat' dir='ltr'>omnes</span> <span class='ocrx_word' id='word_1_343' title='bbox 519 2820 678 2858; x_wconf 75' lang='lat' dir='ltr'>feminas,</span> <span class='ocrx_word' id='word_1_344' title='bbox 1074 2816 1287 2853; x_wconf 55' lang='lat' dir='ltr'>Dominaris7</span> <span class='ocrx_word' id='word_1_345' title='bbox 1313 2817 1465 2847; x_wconf 87' lang='lat' dir='ltr'>omnium</span> 
     </span>
     <span class='ocr_line' id='line_1_59' title="bbox 211 2860 1503 2907; baseline -0.005 -10"><span class='ocrx_word' id='word_1_346' title='bbox 211 2867 310 2907; x_wconf 79' lang='lat' dir='ltr'>Quae</span> <span class='ocrx_word' id='word_1_347' title='bbox 324 2876 384 2907; x_wconf 90' lang='lat' dir='ltr'>per</span> <span class='ocrx_word' id='word_1_348' title='bbox 398 2865 572 2897; x_wconf 67' lang='lat' dir='ltr'>Christum</span> <span class='ocrx_word' id='word_1_349' title='bbox 588 2865 751 2897; x_wconf 84' lang='lat' dir='ltr'>mundum</span> <span class='ocrx_word' id='word_1_350' title='bbox 760 2866 865 2897; x_wconf 84' lang='lat' dir='ltr'>istum</span> <span class='ocrx_word' id='word_1_351' title='bbox 1029 2862 1249 2894; x_wconf 72' lang='lat' dir='ltr'>consolatrix</span> <span class='ocrx_word' id='word_1_352' title='bbox 1275 2864 1309 2892; x_wconf 89' lang='lat' dir='ltr'>et</span> <span class='ocrx_word' id='word_1_353' title='bbox 1334 2860 1503 2892; x_wconf 81' lang='lat' dir='ltr'>salvatrix</span> 
     </span>
    </p>
   </div>
   <div class='ocr_carea' id='block_1_18' title="bbox 258 2905 1521 2944">
    <p class='ocr_par' dir='ltr' id='par_1_20' title="bbox 258 2905 1521 2944">
     <span class='ocr_line' id='line_1_60' title="bbox 258 2905 1521 2944; baseline -0.006 -1"><span class='ocrx_word' id='word_1_354' title='bbox 258 2912 450 2944; x_wconf 85' lang='lat' dir='ltr'>Obscurum</span> <span class='ocrx_word' id='word_1_355' title='bbox 477 2911 666 2943; x_wconf 60' lang='lat' dir='ltr'>illuminas</span> <span class='ocrx_word' id='word_1_356' title='bbox 1078 2908 1134 2939; x_wconf 84' lang='lat' dir='ltr'>Sis</span> <span class='ocrx_word' id='word_1_357' title='bbox 1160 2906 1202 2938; x_wconf 88' lang='lat' dir='ltr'>ad</span> <span class='ocrx_word' id='word_1_358' title='bbox 1228 2910 1260 2938; x_wconf 87' lang='lat' dir='ltr'>te</span> <span class='ocrx_word' id='word_1_359' title='bbox 1286 2905 1521 2937; x_wconf 83' lang='lat' dir='ltr'>clamantium.</span> 
     </span>
    </p>
   </div>
  </div>
 </body>
</html>
