1914 3223
145 436 236 474 140.

141 736 231 775 145.

135 1327 226 1365 155.

135 1617 222 1654 160.

129 1899 217 1939 165.

120 2182 214 2221 170.

120 2467 211 2505 175.

117 2751 209 2790 180.

264 261 436 299 Adorans
468 259 618 296 humilis

317 320 353 353 ct
383 315 535 353 flectens
566 327 696 361 genua,

263 379 368 416 'sune
399 378 489 415 haec
521 389 601 414 cum
634 379 764 424 populi

324 435 439 472 multa
470 433 681 481 frequentia

262 497 398 535 Sancta
428 500 562 534 conata
591 500 649 533 est

316 553 461 601 ingredi
491 554 601 602 atria,

261 614 333 653 Sed
366 615 518 663 repellit
547 626 628 653 eam

316 673 497 719 quaedam
529 672 584 709 vis
615 672 757 719 caelica

262 735 320 772 Ac
351 735 420 772 Dei
450 735 612 771 omnium

317 792 411 838 iugis
441 791 590 834 iniuria,

260 853 370 892 Cuius
400 863 548 900 semper
578 858 659 891 erat

317 909 426 946 iussis
457 911 660 948 contraria.

261 971 367 1015 Nam,
400 983 472 1018 quo
504 973 587 1018 plus
618 972 752 1010 nititur

317 1039 466 1075 semper
495 1029 543 1066 ad
574 1029 717 1074 intima,

257 1091 378 1128 Tanto
407 1091 562 1128 reicitur

315 1158 396 1184 cum
426 1148 639 1194 ignominia.

259 1209 308 1247 Et
342 1210 469 1246 dicens
500 1209 598 1247 intra
631 1220 690 1246 se:

317 1266 408 1313 quid
438 1277 544 1313 agam
576 1267 711 1304 misera
724 1270 741 1303 ’ἐ

259 1327 363 1365 Haec
393 1327 634 1368 imbecillitas

314 1384 403 1421 fecit
433 1383 604 1431 feminea,

259 1448 378 1484 Instat
409 1447 616 1495 ardentius,

312 1502 505 1540 Laborans
537 1504 661 1549 anxia,

255 1559 330 1597 Sed
360 1559 413 1596 nil
443 1558 643 1606 proficiunt

312 1615 390 1653 eius
420 1616 624 1654 molimina.

252 1672 357 1710 Tunc
386 1672 625 1720 ingrediendi

306 1730 406 1767 omni
437 1740 505 1777 spe
534 1730 687 1777 perdita

250 1787 351 1823 Ante
383 1786 515 1824 domus
546 1791 698 1825 sanctae

306 1849 410 1880 stans
439 1844 652 1890 penetralia

249 1899 384 1936 Tristis
414 1900 572 1937 interius

302 1959 493 2004 retorquet
523 1957 664 1995 lumina

247 2013 296 2050 Et
329 2012 444 2062 videt,
477 2014 576 2061 quod
607 2019 727 2052 staret

300 2069 353 2107 ibi
382 2069 505 2108 iconia

248 2127 290 2164 In
322 2127 464 2164 honore
494 2127 549 2165 tui

299 2183 460 2221 nominis
493 2185 657 2231 condita,

246 2240 289 2277 In
320 2251 429 2287 quam
461 2241 660 2279 intendere

301 2297 402 2334 salus
434 2303 489 2334 est
521 2298 681 2346 integra.

245 2354 352 2391 'runc
382 2354 430 2391 ab
461 2355 535 2392 imo
567 2357 692 2393 cordis

302 2411 455 2448 trahens
486 2413 648 2459 suspiria

245 2465 527 2514 Supplex'cum
558 2469 725 2507 lacrimis

300 2528 480 2571 precatur
509 2526 621 2563 talia:

244 2581 273 2620 Ο
305 2583 390 2619 Iesu
421 2581 574 2619 Domini

296 2640 468 2685 genetrix
500 2639 643 2689 inclita,

243 2694 357 2742 Virgo
390 2696 633 2745 compatiens,

298 2752 412 2799 mitis,
445 2752 657 2801 magnifica,

241 2808 354 2847 Cuius
386 2815 441 2846 est
474 2809 634 2846 celebris

296 2866 565 2913 munificentia,

860 145 935 185 117

947 379 1038 416 185.

946 673 1035 711 190.

1072 259 1254 296 'illliserere
1286 259 1370 303 mei,

1130 317 1316 353 caelorum
1350 316 1512 356 domina,

1073 379 1113 415 ln
1147 371 1279 425 agente
1310 389 1392 415 mea

1126 434 1364 481 impudicitia

1073 497 1347 534 Abominabilis

1125 565 1205 591 sum
1237 555 1318 592 Deo
1354 553 1516 591 reddita.

1071 618 1185 664 Iuste,
1220 616 1412 660 confiteor,

1124 683 1221 709 nunc
1251 673 1297 709 ab
1330 673 1490 710 ecclesia

1069 735 1276 772 Exclusere
1307 745 1410 772 ream

1123 796 1179 828 tot
1209 802 1292 829 mea
1324 792 1492 840 crimina,

1067 855 1169 900 Quae
1200 865 1280 891 sum
1310 854 1507 891 mulierum

1124 911 1288 948 omnium
1319 911 1483 958 pessima

942 973 1035 1011 195.
1064 973 1113 1010 Et
1145 974 1245 1010 omni
1275 974 1425 1020 penitus

940 1563 1034 1601 205.

938 1846 1032 1885 210.

936 2131 1029 2170 215.

931 2416 1025 2453 220.

929 2699 1024 2738 225.

1127 1029 1265 1067 virtute
1296 1041 1427 1078 vacua,

1068 1092 1143 1129 Sed
1176 1103 1273 1129 nunc
1302 1103 1373 1142 me,
1407 1093 1604 1142 deprecor,

1125 1149 1330 1186 clementer
1360 1149 1511 1197 adiuva,

1070 1212 1172 1258 Quae
1204 1212 1336 1249 videre
1366 1216 1534 1249 sanctam

1125 1278 1274 1305 crucem
1306 1279 1386 1305 sum
1419 1269 1569 1317 cupida,

1069 1329 1206 1377 Sicque
1236 1331 1436 1377 percipere

1124 1390 1254 1424 sancta
1285 1387 1478 1436 mysteria,

1063 1448 1098 1485 A
1129 1448 1265 1495 quibus
1297 1459 1356 1485 me
1387 1459 1469 1486 mea

1122 1508 1227 1542 arcet
1257 1505 1435 1556 nequitia,

1067 1561 1118 1599 Et
1149 1561 1219 1599 tibi
1250 1562 1420 1609 spondeo

1121 1617 1197 1656 fide
1228 1619 1448 1665 plenissima

1063 1676 1106 1713 In
1138 1675 1273 1712 timore
1305 1676 1378 1714 Dei

1123 1736 1160 1769 et
1189 1733 1435 1783 paenitentia,

1063 1789 1169 1835 Quod
1198 1790 1273 1827 iam
1305 1801 1379 1827 non
1410 1790 1572 1827 miscear

1122 1846 1161 1882 in
1193 1857 1233 1883 re
1264 1845 1411 1884 nefaria

1063 1903 1144 1940 Nec
1174 1903 1259 1950 plus
1290 1903 1453 1941 adiciam

1118 1971 1230 2008 agere
1260 1961 1400 2007 turpia,

1061 2016 1119 2053 De
1150 2017 1285 2064 quibus
1316 2017 1441 2065 arguit

1118 2084 1178 2110 me
1209 2074 1452 2114 conscientia.

1062 2130 1171 2168 Dixit
1203 2135 1237 2168 et
1268 2131 1402 2167 introit

1118 2188 1223 2225 vultu
1255 2188 1476 2234 laetissima,

1061 2244 1141 2281 Iam
1171 2245 1276 2282 nulla
1306 2245 1455 2291 patiens

1118 2312 1273 2348 prorsus
1306 2301 1515 2347 obstacula,

1061 2358 1156 2403 Quia
1186 2362 1228 2395 tu
1259 2369 1418 2404 ruperas

1114 2415 1233 2461 ipsius
1265 2415 1425 2464 vincula,

1061 2472 1164 2517 Quae
1195 2472 1302 2509 iustis
1333 2473 1509 2519 precibus

1114 2538 1265 2575 semper
1296 2539 1334 2565 es
1366 2529 1549 2577 proxima.

1060 2585 1135 2623 Sed
1167 2585 1258 2632 quid
1291 2586 1383 2623 haec
1413 2596 1624 2623 memorans

1115 2652 1225 2679 curro
1256 2653 1324 2689 per
1355 2644 1515 2690 singula,

1058 2698 1255 2736 Succincte
1287 2697 1463 2748 referam,

1113 2756 1144 2792 si
1176 2766 1340 2802 possum,
1375 2756 1531 2803 reliqua.

1058 2812 1147 2849 Post
1178 2816 1334 2858 peraeta
1365 2813 1462 2850 sacri

1113 2867 1202 2906 festi
1234 2869 1399 2907 celebria
