1914 3223
755 149 803 153 -.
870 125 947 165 145,
1007 148 1060 153 .-

133 244 170 280 5.
202 241 265 279 Fit
296 252 382 289 ergo
412 240 572 278 mundus
603 241 767 287 optimus
946 241 980 281 7.
1014 241 1093 278 Nec
1123 241 1266 278 minore
1298 241 1513 287 disponitur

202 299 259 336 Ac
290 296 478 345 perfectus
509 297 545 335 in
576 298 747 334 omnibus
1014 298 1187 335 Bonitate
1218 309 1327 344 quam
1360 298 1548 345 conditur,

258 354 319 391 Fit
350 355 516 403 pondere
1068 354 1258 401 Quidquid
1292 354 1389 391 male

315 422 500 453 mensura,
533 421 700 454 numero,
1126 412 1222 458 gerit
1253 411 1445 458 iniquitas,

259 467 314 505 Ne
346 467 492 504 vacillet
1070 468 1221 504 Summa
1252 467 1345 504 bene

313 525 349 561 in
381 535 563 571 quoquam
596 524 704 560 ratic.
1128 525 1295 570 disponit
1326 525 1508 571 aequitas.

133 616 168 652 6.
202 614 303 661 Opus
335 614 485 661 dignum
516 614 662 662 opifice,
940 615 976 652 8.
1011 615 1069 652 Sit
1100 625 1236 661 perpes
1270 614 1348 651 Deo
1379 615 1510 661 gloria,

203 671 416 718 Pulchrum,
449 670 723 716 indissolubile.
1010 671 1068 708 Ex
1091 682 1162 718 quo
1180 678 1279 717 sunt,
1302 682 1395 718 quae
1415 677 1512 714 sunt,
1535 671 1681 716 omnim,

254 727 315 765 Ad
348 727 542 774 exemplar
1067 728 1193 776 Ipsum
1226 733 1372 777 cuncta,

311 783 353 821 fit
381 782 699 831 perfectissimum
1121 795 1190 831 per
1207 795 1314 831 quein
1328 789 1427 829 sunt,
1444 785 1680 831 praedicent,

256 841 380 879 Instar
411 846 544 878 cuncta
1066 842 1145 889 Ipsi
1177 852 1326 887 semper

313 897 539 935 concludens
571 898 765 944 optimum.
1122 898 1159 934 in
1192 909 1264 944 quo
1295 902 1394 946 sunt,
1427 897 1597 935 iubilent.

220 988 247 1019 B
280 988 336 1019 fol.
370 985 454 1019 828..
483 1005 524 1008 -
550 989 576 1019 C
609 987 666 1018 fol.
700 985 783 1019 4051.
812 1005 849 1009 —-
882 986 916 1024 l,
951 986 970 1018 5
1003 987 1206 1019 Glorificent
1230 988 1297 1019 BC.
1324 1005 1367 1008 —-
1392 986 1430 1026 3,
1469 987 1482 1019 l
1511 989 1616 1018 Actor
1647 999 1683 1019 es

129 1033 195 1065 Bc.
227 1050 261 1054 —
288 1031 319 1069 4,
345 1031 366 1064 2
389 1037 500 1064 cesset
528 1033 622 1064 illuni
650 1035 790 1074 impium
820 1035 865 1074 Ως
891 1037 1007 1064 censet
1032 1034 1129 1064 illuni
1156 1033 1338 1074 imperium
1360 1034 1395 1063 Η.
1422 1050 1464 1054 -
1489 1032 1520 1066 4,
1546 1032 1566 1062 -·'›
1585 1033 1682 1072 Quod

129 1089 190 1110 nee
215 1083 337 1120 gravat
364 1079 500 1110 tandein
526 1089 589 1110 nec.
615 1080 781 1110 minuitur
806 1080 843 1110 Β.
871 1096 913 1099 -—
937 1077 967 1116 5,
994 1077 1013 1109 5
1040 1080 1111 1110 Nee
1135 1078 1277 1110 vacillet
1302 1080 1337 1110 U.

586 1245 650 1282 112.
686 1246 744 1289 (2.)
779 1246 818 1281 ln
845 1246 1003 1282 secundo
1028 1246 1220 1282 Nocturna.

131 1352 166 1390 1.
198 1351 313 1396 Deus,
344 1353 520 1398 qui‘tuos
552 1352 678 1388 erudis
938 1353 976 1389 4.
1008 1352 1127 1389 Alunt
1157 1363 1294 1398 parvos
1327 1352 1517 1401 historica,

198 1407 522 1445 Testamentorum
554 1408 714 1455 paginis,
1010 1410 1175 1446 Pascunt
1206 1409 1355 1445 adultos
1388 1410 1559 1456 mystica,

253 1464 310 1501 Ex
343 1474 470 1501 eorum
1065 1464 1323 1502 Perfectorum

306 1520 586 1566 intellegentiae
1124 1520 1285 1559 ferventi
1310 1522 1436 1559 studio

253 1576 392 1614 Cantus
423 1582 570 1613 nostros
1068 1578 1284 1625 Suscipitur

306 1633 438 1670 condis
470 1633 683 1679 dulcedine,
1122 1635 1275 1672 moralis
1311 1636 1435 1673 lectio.

123 1725 163 1764 2.
195 1723 281 1760 Tibi
312 1724 362 1761 sit
389 1723 637 1770 acceptabile,
940 1728 977 1763 5.
1010 1725 1092 1763 Illis
1123 1725 1218 1762 fides
1249 1727 1444 1773 astruitur,

193 1780 312 1817 Nobis
343 1781 398 1817 sic
428 1780 494 1817 fiat
521 1781 630 1821 utile,
1010 1782 1069 1819 Ex
1101 1782 1170 1819 hac
1202 1781 1346 1819 fructus
1379 1783 1580 1829 colligitur,

247 1838 353 1883 Quod
388 1838 434 1874 de
464 1838 538 1874 tuis
1066 1839 1229 1876 Fructus
1261 1839 1322 1875 hic
1353 1844 1407 1876 est
1571 1851 1581 1857 ·

305 1894 492 1931 solvemus
524 1894 711 1941 laudibus,
1119 1900 1156 1932 et
1187 1897 1472 1946 consummatio,

246 1951 298 1997 Si,
331 1952 431 1998 quod
461 1955 581 1997 sonat,
1063 1953 1179 1998 Quam
1213 1953 1277 1990 det
1306 1953 1427 2000 nobis,

303 2007 613 2045 intellexerimus.
1120 2020 1264 2046 morum
1296 2011 1510 2048 instructio.

121 2099 158 2135 3.
191 2097 347 2145 Triplex
378 2098 638 2146 intellegentia
937 2104 972 2138 ti.
1010 2100 1111 2136 llaec
1142 2100 1264 2146 nobis,
1296 2100 1398 2137 Deus
1429 2099 1574 2137 fercula

191 2154 350 2193 Diversa
381 2155 539 2201 praebet
572 2153 728 2196 fercula,
1007 2157 1088 2193 'l'ua
1118 2157 1267 2203 paravit
1298 2157 1433 2204 gratia.

246 2211 403 2249 Deliciis
1063 2213 1114 2251 Ut
1145 2213 1202 2249 his
1234 2217 1364 2250 nostra

301 2268 470 2306 abundat
500 2269 615 2306 variis
1119 2270 1377 2320 peregrinatio

247 2325 386 2363 Sacrae
418 2335 546 2362 mensa
1064 2327 1305 2364 Sustentetur

303 2383 515 2430 scripturae
547 2381 699 2420 fertilis.
1118 2384 1225 2430 quasi
1257 2384 1408 2421 viatico.

460 2474 496 2511 7.
530 2473 588 2512 Sit
619 2484 756 2520 perpes
788 2474 869 2511 Deo
900 2474 1033 2522 gloria,

529 2530 588 2567 Ex
619 2542 691 2577 quo
723 2535 821 2577 sunt,
856 2541 950 2578 quae
982 2536 1079 2580 sunt,
1116 2531 1252 2578 onmia,

583 2587 713 2633 Ipsum
744 2592 890 2629 cuncta.

641 2654 711 2690 per
741 2655 850 2690 quem
878 2649 977 2692 sunt,
1010 2645 1245 2692 praedicent,

588 2700 668 2746 Ipsi
699 2711 861 2750 semper,

644 2756 681 2793 in
714 2768 787 2803 quo
821 2762 920 2807 sunt,
954 2757 1124 2794 iubilent.

209 2847 237 2878 Β
262 2847 319 2878 sol.
345 2844 389 2878 82
401 2857 431 2878 a.
460 2863 496 2867 —-
524 2844 554 2881 2,
580 2843 601 2876 2
628 2846 677 2876 siv
704 2846 807 2886 fehlt,
834 2846 899 2877 flet.

190 2918 353 2947 Drevns.
379 2916 621 2951 Hymni—»araplii
648 2916 763 2942 Latini.
804 2917 827 2942 1,
1434 2914 1474 2946 10
