1914 3223
318 259 355 296 6.

283 1344 349 1382 1⁴).

283 1616 347 1652 11.

283 1888 347 1925 12.

279 2159 345 2198 13.

278 2427 342 2464 14.

279 2692 342 2731 15.

699 140 892 181 -497
957 163 1005 168 —-

389 255 486 293 Mihi
517 255 727 302 prophetae
759 255 986 292 citharizant
1016 255 1127 302 laete,

389 312 497 359 Quod
530 321 700 348 meruere
731 322 790 348 me
822 311 923 347 clare
952 311 1096 358 videre,

386 370 503 414 Quem
534 368 805 415 praedixerunt
838 367 991 414 mundo,
1025 368 1112 405 dum
1145 368 1333 417 vixerunt,

446 424 526 461 Nec
557 423 788 464 fefellerunt.
1197 434 1199 436 ·

350 556 358 563 .
391 526 517 564 David
549 526 747 573 psalmista
779 535 956 572 meusque
987 525 1155 572 baptista

386 583 690 630 Praespecialem
722 582 863 619 habent
896 582 1121 630 claritatem,

385 640 455 686 Qui
487 650 545 676 me
578 643 776 676 venturum
807 650 881 676 non
914 643 988 676 tam
1021 638 1299 687 prophetarunt

441 698 559 744 Quam
591 697 913 734 demonstrarunt.

343 828 352 836 .
385 798 479 836 Sunt
510 809 620 845 quam
653 797 842 845 praeclari
873 797 1035 844 apostoli
1068 797 1146 846 cari

385 855 533 892 Mecum
564 855 754 899 sedentes,
787 864 931 891 mecum
965 854 1226 903 decernentes,

382 912 454 958 Qui
487 922 528 948 se
559 911 803 960 spernebant,
837 914 972 948 cuneta
1003 910 1282 958 relinquebant,

441 968 537 1005 Mihi
570 968 790 1006 haerebant.

383 1070 576 1117 Martyres
608 1069 738 1117 fortes,
770 1080 830 1107 me
859 1080 928 1117 per
959 1070 1062 1106 mille
1092 1075 1232 1106 mortes

381 1126 603 1171 Testifioati,
637 1126 783 1174 fulgent
814 1127 1011 1173 rubricati,

381 1184 532 1220 Habent
563 1184 820 1233 splendorem,
853 1193 1001 1221 roseum
1033 1183 1250 1230 eandorem,

437 1241 567 1277 Altum
600 1240 792 1279 honorem.

382 1343 454 1389 En,
486 1343 674 1390 patientes
706 1346 793 1379 sunt
824 1352 970 1379 mecum
1001 1343 1163 1379 nitentes

381 1400 454 1436 Tot
484 1399 713 1447 margaritis,
747 1404 838 1446 quot
868 1399 951 1436 triti
980 1399 1182 1446 pressuris,

381 1456 551 1494 Gemitus
583 1456 716 1493 horum
747 1459 835 1493 sunt
867 1466 980 1494 causa
1009 1456 1257 1503 splendorum

437 1515 495 1550 Ac
524 1513 760 1560 gaudiorum.

380 1615 491 1652 quta
520 1614 670 1652 labores
701 1625 788 1652 suos
819 1613 1056 1652 confessores

379 1672 685 1709 Remunerantur
715 1675 828 1719 atque
861 1671 1100 1719 decorantur,

379 1728 474 1767 Sunt
504 1728 637 1765 horum
668 1729 789 1766 stolae
818 1728 938 1767 mixto
970 1729 1017 1766 de
1049 1729 1174 1766 colore

437 1785 635 1832 Purpurae
665 1796 783 1825 more.

380 1888 546 1924 Auream
579 1892 750 1934 torquem
783 1887 981 1934 possident
1011 1888 1047 1924 in
1080 1891 1219 1925 sortem

377 1944 475 1981 Mihi
507 1944 638 1981 dilecti
670 1945 846 1981 doctores
879 1944 1003 1990 electi,

378 2001 542 2046 Quorum
576 2001 752 2038 doctrina
781 2001 892 2039 floret
922 2000 1018 2038 fides
1049 2011 1132 2038 mea

438 2058 480 2094 In
511 2058 613 2094 omni
644 2062 759 2097 terra.

379 2159 474 2197 Sunt
505 2159 702 2207 epulantes
733 2170 879 2197 mecum
914 2156 983 2211 [et]
1017 2164 1214 2198 cantantes

376 2216 554 2253 Monachi
585 2216 678 2264 veri,
710 2221 833 2254 musto
864 2227 946 2253 meo
977 2217 1093 2264 pleni,

378 2272 476 2310 Nam
508 2273 654 2319 priscus
680 2273 802 2322 labor,
836 2274 1061 2320 disciplinae
1092 2274 1195 2321 rigor

434 2330 533 2376 Ipsis
565 2341 663 2367 nunc
694 2341 820 2377 sapor.

375 2426 634 2463 Anaehoritae
665 2437 735 2464 neo
765 2438 840 2464 non
873 2427 1052 2466 eremitae

376 2482 521 2527 Lucide
550 2483 707 2520 multum
738 2494 862 2521 meum
895 2487 1054 2521 cernunt
1085 2484 1243 2533 vultum,

376 2539 450 2577 Pro
481 2550 554 2587 quo
583 2540 748 2578 videndo
779 2551 820 2578 se
852 2540 996 2578 dabant
1024 2545 1101 2578 tam
1132 2545 1215 2578 arto

431 2596 542 2634 Vitae
571 2601 724 2643 statuto,

376 2692 634 2731 Oboedierunt
665 2698 701 2730 et
732 2694 795 2740 qui
825 2704 866 2731 se
898 2692 1105 2741 fregerunt,

373 2749 471 2786 Mihi
500 2750 649 2787 sodales
680 2755 716 2787 et
748 2750 855 2787 stolis
886 2751 1086 2798 aequales;

373 2806 451 2843 Iam
483 2807 549 2853 nil,
582 2807 683 2854 quod
713 2806 857 2856 nolunt,
891 2808 957 2844 sed
990 2818 1111 2854 omne,
1145 2807 1245 2855 quod
1277 2809 1421 2853 volunt,

431 2863 575 2900 Facere
606 2868 776 2910 possunt.

127 2927 288 2963 Dreves,
316 2930 563 2967 Hymnographi
585 2932 704 2959 Latini.
742 2932 767 2959 Ι.
1374 2929 1419 2964 32
