1914 3223
796 274 852 305 Ad
877 275 1082 306 Primam.

151 354 186 393 1.
233 353 301 402 Tu,
336 355 399 400 qui
432 355 578 392 velatus
609 353 709 392 facie
971 358 1008 396 2.
1055 356 1110 394 Te
1141 355 1303 403 petimus
1334 355 1529 402 attentius,

236 410 370 460 Fuisti,
403 411 458 448 sol
489 411 668 458 iustitiae,
1055 412 1107 450 Ut
1138 413 1189 449 sis
1220 412 1328 450 nobis
1359 412 1548 459 propitius

234 466 362 504 Flexis
392 467 526 505 illusus
557 468 727 515 genibus,
1054 468 1105 506 Et
1136 479 1205 517 per
1235 475 1336 506 tuam
1369 469 1604 506 clementiam

235 523 374 561 Caesus
404 534 552 571 quoque
583 524 818 570 verberibus,
1058 526 1248 563 Perducas
1280 537 1345 562 nos
1377 525 1426 562 ad
1457 525 1628 572 gloriam.

566 628 603 666 3.
651 626 765 673 Laus,
798 626 917 664 honor
949 627 1101 666 Christo
1133 627 1298 666 vendito.

790 738 851 770 Ad
876 739 1088 770 Tertiam.

152 819 188 857 1.
235 819 342 856 Hora
372 819 434 866 qui
463 819 597 856 ductus
624 819 738 857 tertia
970 822 1007 858 2.
1055 820 1135 857 Fac
1166 830 1233 857 nos
1264 820 1319 856 sic
1347 824 1384 856 te
1416 820 1588 867 diligere,

235 875 361 914 Fuisti
390 875 440 913 ad
471 876 671 925 supplicia,
1055 876 1305 923 Sanctamque
1338 877 1452 914 vitam
1486 877 1635 918 ducere,

235 932 398 981 Christe,
431 931 591 969 ferendo
621 933 761 970 umeris
1055 933 1108 971 Ut
1139 943 1350 970 mereamur
1381 934 1509 980 requie

236 988 394 1027 Crucem
426 1000 495 1036 pro
526 989 634 1026 nobis
665 989 826 1031 miseris,
1055 989 1148 1026 Frui
1182 989 1354 1027 caelestis
1387 990 1547 1037 patriae.

569 1092 604 1129 3.
652 1091 768 1137 Laus,
800 1091 920 1128 honor
951 1090 1103 1129 Christo
1139 1091 1293 1128 vendito

806 1202 866 1234 Ad
893 1203 1080 1235 Sextam.

155 1283 191 1321 1.
240 1282 401 1320 Crucem
429 1294 498 1329 pro
528 1282 638 1320 nobis
669 1282 785 1320 subiit
976 1286 1012 1321 2.
1059 1284 1192 1322 Honor
1223 1287 1258 1319 et
1288 1283 1502 1320 benedictio

239 1338 290 1376 Et
320 1343 424 1377 stans
455 1339 494 1376 in
527 1339 593 1377 illa
625 1340 720 1376 sitiit
1061 1340 1118 1377 Sit
1149 1339 1328 1377 crucifixo
1360 1338 1451 1388 filio,

239 1395 344 1433 Iesus
375 1396 535 1433 sacratis
566 1396 739 1433 manibus
1060 1396 1131 1443 Qui
1162 1407 1227 1433 suo
1258 1407 1325 1433 nos
1357 1396 1543 1442 supplicio

239 1452 366 1490 Clavis
398 1451 521 1490 fossus
553 1457 590 1489 et
620 1452 794 1500 pedibus,
1061 1453 1239 1491 Redemit
1269 1452 1316 1490 ab
1348 1453 1550 1499 Aegyptio.

572 1555 610 1592 3.
659 1555 774 1601 Laus,
806 1554 925 1591 honor
958 1554 1111 1592 Christo
1143 1554 1310 1593 vendito,

809 1666 868 1698 Ad
893 1667 1067 1698 Nonam.

153 1749 189 1786 1.
237 1747 356 1785 Beata
388 1747 530 1786 Christi
562 1747 690 1794 passio
976 1749 1015 1786 2.
1063 1746 1196 1785 Gloria
1227 1736 1380 1784 Ch'risto
1411 1746 1586 1791 Domino,

238 1804 295 1842 Sit
327 1808 458 1841 nostra
488 1803 677 1851 liberatio,
1059 1804 1130 1851 Qui
1162 1803 1331 1850 pendens
1363 1803 1400 1839 in
1431 1802 1602 1850 patibulo

235 1860 287 1899 Ut
319 1871 388 1907 per
419 1861 518 1898 hanc
549 1860 658 1897 nobis
689 1860 828 1908 gaudia
1064 1860 1240 1898 Clamans
1274 1859 1396 1896 emisit
1429 1859 1603 1905 spiritum

237 1918 378 1955 Parata
409 1918 483 1954 sint
517 1917 707 1957 caelestia.
1059 1917 1319 1962 Mundumque
1346 1916 1496 1952 salvans
1517 1915 1721 1962 perditum.

564 2021 603 2058 3.
650 2019 769 2064 Laus,
802 2019 925 2056 honor
957 2018 1108 2056 Christo
1140 2018 1306 2057 vendito.

772 2131 833 2163 Ad
858 2132 1098 2172 Vesperas.

148 2212 183 2249 1.
231 2211 301 2258 Qui
331 2222 511 2258 pressura
972 2214 1008 2250 3.
1057 2210 1221 2248 Nostrae
1253 2210 1366 2257 genti,

231 2268 369 2305 Mortis
402 2268 497 2306 dura
1055 2267 1252 2304 Recolenti

218 2319 222 2322 Δ
290 2325 446 2363 Solvi'sti
477 2335 596 2362 nexus
628 2325 840 2373 criminum,
1114 2323 1217 2360 Tuae
1249 2323 1380 2359 mortis
1412 2321 1651 2370 supplicium,

231 2381 310 2418 Nos
341 2381 390 2418 ad
422 2392 553 2428 pacem
1056 2380 1114 2417 Da
1146 2380 1324 2416 virtutem

230 2437 314 2475 Duc
345 2448 530 2489 veracem,
1059 2437 1109 2474 Et
1137 2437 1309 2485 salutem,

284 2494 388 2544 Iesu,
421 2505 572 2535 corona
601 2493 813 2543 vz'ryimcm.
1114 2491 1277 2537 Christe,
1295 2492 1514 2539 redemptor
1530 2492 1718 2532 omnium,

144 2598 180 2634 2.
226 2596 272 2634 In
302 2595 465 2644 flagellis
971 2599 1007 2633 4.
1055 2595 1097 2631 In
1129 2605 1258 2631 amara

232 2653 368 2690 Potum
400 2651 502 2690 fellis
1055 2650 1186 2688 Crucis
1217 2661 1283 2687 ara

291 2709 431 2747 Bibisti
462 2710 710 2759 amarissime,
1110 2706 1261 2744 Fudisti
1293 2706 1395 2743 rivos
1427 2706 1631 2753 sanguinis,

233 2767 308 2804 Pro
339 2767 507 2813 peccatis
1056 2764 1142 2801 Iesu
1174 2763 1297 2811 digne,

227 2823 476 2872 perpetratis,
1055 2820 1137 2857 Rex
1168 2819 1340 2867 benigne,

286 2878 455 2919 Aeterne
483 2891 551 2918 rex
582 2877 786 2917 altissime.
1108 2876 1276 2915 Consors
1301 2874 1463 2922 paterni
1492 2872 1666 2915 luminis.
