1914 3223
733 183 786 188 —
845 161 923 200 261
987 183 1040 188 -

202 274 300 306 Nach
326 274 394 306 Str.
422 272 436 305 1
464 272 599 305 schiebt
624 272 650 304 C
674 274 746 304 ein:

517 363 699 405 Virginum
725 364 823 404 virg-o
850 364 982 394 meritis
1007 363 1119 394 Maria

516 409 629 450 Atque
653 418 729 439 cum
756 407 871 439 choris
896 408 1045 439 Michael
1074 409 1218 440 novenis

517 453 626 494 Digni
651 463 727 484 cum
754 453 869 494 dignis
896 454 1056 494 precibus
1082 453 1248 485 Iohannis
1271 452 1461 495 (Iohannes
1489 452 1566 493 Hs.)

652 499 750 529 Ferte
777 499 949 530 iuvamen.

108 591 164 622 Da
187 589 282 622 diese
309 590 375 621 Str.
402 589 438 620 in
462 588 527 620 den
556 591 605 620 s't.
631 588 751 621 Gallei·
775 588 922 627 Quellcn
948 589 1034 620 fehlt
1058 589 1127 621 und
1151 589 1208 621 die
1229 590 1341 622 Chore
1365 590 1426 622 der
1442 590 1554 632 Engel
1580 591 1668 622 auch

108 633 141 674 2,
176 633 192 666 1
227 634 470 670 vorkommen,
504 634 615 665 diirfte
648 634 802 665 dieselbe
835 635 970 675 spatere
1002 635 1104 666 Zutat
1128 636 1212 667 sein.
1246 655 1280 658 —
1324 634 1363 673 2,
1396 633 1417 667 2
1449 640 1482 667 et
1513 636 1598 668 fehlt
1631 638 1667 668 C.

112 697 156 702 —
180 677 211 718 3,
237 677 258 711 2
284 679 434 722 palmam
461 680 497 711 C.
523 697 566 702 —
591 677 622 717 3,
649 676 670 710 3
695 680 865 720 susceptis
890 680 925 711 C.
952 697 996 701 —
1022 677 1052 718 7,
1081 679 1092 710 l
1125 682 1289 712 miserere
1306 682 1343 713 C.
1367 697 1412 703 —
1435 678 1465 716 8,
1492 680 1513 713 3
1531 692 1668 723 repren-

110 725 194 757 dens
223 726 264 757 A.
297 741 339 747 —
374 723 431 762 11,
464 722 485 756 2
518 735 584 765 que
615 724 701 756 fehlt
733 726 771 756 Β.
796 741 841 745 -
871 725 911 756 In
938 723 962 756 C
987 725 1048 756 der
1080 725 1284 758 Ruudreim:
1318 726 1473 763 Exaudi,
1509 727 1670 765 Domine,

109 771 246 802 miseris
278 771 440 801 miserere
472 769 628 808 fainulis3
666 770 746 801 lies:
784 770 923 801 famulis
957 771 1145 802 miserere?
1185 788 1220 792 ——
1257 772 1465 812 „Dominica
1502 776 1582 813 post
1614 783 1667 804 as-

109 817 307 848 censionem
331 816 475 848 Domini
501 815 545 846 ad
576 816 840 856 processionem.
891 815 937 847 Ut
972 812 1050 847 Vita
1077 817 1284 847 sanctorum
1310 815 1476 849 caniturf‘
1504 819 1541 849 Β.

280 1006 361 1041 197.
400 1005 480 1047 (10.)
515 1005 559 1039 In
585 1004 848 1049 Susceptione
873 1005 1151 1049 Reliquiarum
1176 1005 1315 1041 Sancti
1342 1007 1491 1049 Magni.

271 1119 348 1160 ΒΟ.
381 1120 560 1159 Carmina
589 1131 687 1158 nunc
722 1119 829 1158 festis
859 1121 1065 1169 psallamus
1097 1121 1170 1158 rite
1202 1122 1363 1172 choreis,

438 1177 559 1215 Obvia
584 1177 770 1215 laetantes
798 1183 955 1225 pectora
985 1178 1048 1225 qui
1080 1176 1248 1218 ferimus.

311 1292 347 1330 1.
381 1292 509 1328 Aurea
538 1291 612 1328 iam
643 1294 821 1327 resonent
851 1290 1038 1328 redimitis
1070 1291 1238 1328 carmina
1269 1291 1428 1340 bombis,

433 1348 538 1394 Quae
568 1347 684 1384 variis
715 1347 862 1384 mixtim
893 1347 1048 1384 vocibus
1078 1359 1172 1385 aura
1204 1346 1315 1386 ferat.

376 1403 442 1441 Nil
472 1404 527 1441 sic
556 1404 799 1452 perspicuum
830 1404 971 1451 poterit
1002 1415 1074 1442 vox
1105 1405 1210 1442 clara
1239 1403 1396 1451 referre,

434 1460 487 1499 Ut
519 1460 628 1498 decet
655 1460 693 1497 in
726 1460 794 1497 tali
824 1471 922 1498 nunc
951 1461 1074 1508 patris
1106 1461 1300 1508 obsequio,

310 1576 347 1614 2.
381 1573 445 1611 Sic
475 1573 612 1611 devota
641 1576 766 1610 tamen
797 1574 1009 1621 pandamus
1039 1585 1106 1612 ora
1138 1579 1316 1611 canentes

434 1631 593 1668 Pectore
625 1630 672 1667 de
702 1641 798 1678 puro
829 1630 896 1667 hos
927 1629 1130 1668 referendo
1160 1641 1292 1667 sonos:

377 1688 482 1726 Istuc
511 1687 587 1724 iam
617 1697 841 1737 properans,
873 1687 1027 1724 Domini
1058 1687 1210 1734 dilecte,
1242 1688 1469 1735 propinqua,

431 1744 512 1791 Quo
542 1743 612 1780 tibi
644 1743 831 1790 condigna
862 1745 1032 1791 corporis
1063 1745 1150 1781 aula
1180 1744 1287 1782 nitet.

308 1858 347 1896 3.
379 1856 453 1895 Hic
482 1856 552 1893 tibi
582 1856 777 1904 perpetuis
809 1861 988 1894 resonant
1018 1856 1260 1894 concentibus
1291 1856 1419 1906 aedes,

431 1912 590 1951 Ossibus
621 1917 659 1949 et
689 1913 808 1950 sacris
838 1923 989 1962 semper
1018 1913 1179 1950 habetur
1210 1913 1340 1961 hon08‚

374 1969 474 2007 Dum
505 1970 596 2006 laeti
627 1968 758 2006 famuli
790 1970 982 2008 celebrant
1013 1970 1074 2007 hic
1102 1969 1201 2007 festa
1236 1969 1389 2016 benigni

431 2026 628 2064 Laudibus
658 2027 843 2064 instantes
874 2032 984 2064 nocte
1014 2027 1149 2074 dieque
1179 2026 1266 2064 tuis.

307 2142 345 2180 4.
379 2140 519 2177 Laetus
549 2139 597 2177 ob
624 2139 696 2176 hoc
725 2143 874 2176 nostros
905 2139 1144 2186 blandusque
1174 2139 1327 2176 invisito
1359 2138 1453 2176 fines

430 2197 558 2243 Atque
585 2196 670 2244 pius
702 2197 822 2234 servis
853 2196 1038 2233 auxiliare
1068 2197 1163 2241 tuis;

373 2253 453 2290 Iam
486 2263 584 2290 nunc
615 2253 781 2290 servitiis
812 2251 993 2290 famulum
1025 2262 1228 2290 consuesce
1260 2255 1408 2289 tuorum

435 2311 600 2357 Prosper
631 2314 668 2346 et
698 2309 771 2346 huc
802 2310 946 2347 vultum
977 2308 1097 2358 flecte,
1130 2319 1274 2358 serene,
1307 2312 1425 2348 tuum.

308 2424 346 2462 5.
376 2422 508 2470 Dirige
541 2423 658 2461 eorda
689 2423 773 2470 pius
805 2427 842 2459 et
871 2427 1043 2469 tempora
1075 2422 1196 2470 dirige
1227 2426 1357 2458 nostra

429 2481 557 2526 Atque
587 2479 667 2516 dies
698 2480 817 2516 laetos
849 2480 986 2516 ducere
1018 2479 1066 2516 da
1098 2477 1270 2526 famulos,

374 2536 427 2574 Ut
457 2545 608 2582 semper
638 2536 789 2572 valeant
819 2536 967 2572 tibimet
999 2540 1153 2572 cantare
1184 2534 1313 2584 quieti,

430 2592 484 2629 Te
515 2602 662 2638 quoque
693 2592 845 2629 caelesti
877 2602 1032 2629 cernere
1062 2592 1146 2628 luce
1175 2591 1266 2638 poli.

305 2707 343 2743 6.
377 2705 555 2742 Sternere
586 2704 822 2752 supplicibus
851 2704 978 2741 ishaec
1008 2704 1118 2741 modo
1151 2704 1276 2751 patria
1306 2704 1406 2740 votis

428 2761 480 2798 Et
511 2771 693 2798 venerans
725 2761 821 2798 tanti
850 2761 1000 2807 suscipe
1031 2761 1199 2797 membra
1228 2760 1310 2806 viri,

374 2818 483 2865 lpsas
513 2818 712 2864 omnigeno
742 2818 924 2854 decorans
956 2827 1037 2853 cum
1068 2816 1160 2854 flore
1191 2817 1350 2864 plateas,

429 2874 590 2911 Lumine
620 2873 861 2922 perpulchris
890 2873 1001 2911 obvia
1031 2873 1283 2920 lampadibus,
