1914 3223
714 138 760 142 —-
824 115 904 155 447
966 138 1017 142 ——

546 292 627 328 421.
663 293 744 334 (33.)
781 293 909 338 Super
934 295 1012 328 Are
1039 293 1182 330 Maria.

101 398 136 437 1.
168 398 264 445 Ave,
297 396 402 444 virgo
433 397 632 445 Davidica‚
917 401 953 437 3.
987 399 1098 440 In‚te
1130 404 1328 446 tecumque
1358 399 1553 449 Dominus,

222 453 293 490 Dei
324 458 445 491 mater
474 454 610 501 Maria,
1043 455 1100 491 De
1131 461 1167 491 te
1198 456 1260 502 qui
1292 460 1506 503 generatur,

171 510 228 547 Tu
259 510 366 556 virga
396 511 498 547 Iesse
525 511 694 557 mystica,
986 511 1060 548 Sed
1094 512 1186 548 nihil
1217 513 1254 548 in
1288 522 1331 549 eo
1362 513 1484 549 minus

227 566 284 603 Tu
315 571 440 603 vatum
473 567 685 614 prophetia,
1039 569 1168 605 Pudor
1199 573 1415 614 evacuatur,

175 623 325 660 Virtute
354 623 476 670 polles
505 624 657 669 caelica,
982 626 1018 662 A
1050 625 1196 662 ratione
1227 625 1371 662 eminus

228 680 286 717 Tu
316 679 468 717 humilis
499 685 533 717 et
566 682 642 727 pia,
1042 681 1123 717 Hoc
1155 691 1237 718 esse
1269 681 1549 729 comprobatur,

171 735 288 782 Quam
320 736 451 773 laudat
481 747 555 775 vox
587 737 757 784 angelica
982 737 1034 774 Et
1067 748 1191 774 rerum
1225 736 1309 774 sons
1341 743 1377 774 et
1408 738 1590 776 terminus

227 793 320 831 Cum
352 793 452 830 dulci
484 792 692 832 harmonia.
1044 794 1125 830 Hoc
1155 794 1290 831 mirum
1322 799 1513 841 operatur.

171 881 231 919 Sis
262 882 370 920 nobis
402 884 478 921 dux
508 884 546 920 in
578 885 650 934 via,
987 884 1047 922 Sis
1078 883 1185 921 nobis
1218 885 1294 921 dux
1326 885 1363 921 in
1396 885 1468 932 via,

174 939 292 988 Virgo
322 944 443 978 mater
474 941 612 979 Maria.
987 941 1105 988 Virgo
1136 946 1257 977 mater
1286 941 1423 980 Maria.

99 1047 138 1084 2.
169 1042 228 1080 Tu
260 1042 360 1080 omni
391 1043 504 1089 plena
533 1043 668 1089 gratia,
914 1045 953 1081 4.
987 1043 1044 1080 Tu
1071 1043 1108 1079 in
1141 1042 1362 1079 mulieribus

226 1099 283 1136 Tu
313 1103 434 1136 mater
465 1099 640 1147 gloriosa,
1043 1099 1253 1136 Benedicta
1283 1100 1443 1145 vocaris,

171 1156 287 1194 Thori
318 1156 440 1193 virilis
471 1156 608 1203 nescia,
985 1157 1133 1194 Clausis
1165 1153 1286 1207 [quia]
1321 1155 1531 1193 visceribus

223 1213 281 1250 Tu
310 1213 452 1250 nardus
483 1213 661 1259 pretiosa,
1042 1212 1238 1259 Deumque
1269 1213 1372 1260 virgo
1404 1213 1520 1262 paris,

172 1270 287 1309 Cuius
318 1269 413 1306 mira
445 1268 654 1316 fragrantia
985 1269 1189 1307 Sublimius
1220 1269 1410 1306 sideribus

222 1326 395 1373 Expellit
424 1325 606 1372 taediosa,
1040 1326 1103 1363 Ad
1136 1326 1278 1362 eaelum
1310 1325 1538 1375 sublimaris,

169 1382 289 1421 Nobis
321 1381 549 1420 fer1solacia
981 1382 1034 1419 Et
1063 1388 1191 1419 natum
1220 1394 1289 1429 pro
1320 1382 1527 1419 sceleribus

224 1441 269 1478 In
299 1439 399 1476 valle
429 1439 592 1477 ruinosa.
1038 1438 1189 1476 Nostris
1220 1439 1501 1486 interloquariS.

172 1530 231 1568 Sis
257 1530 366 1568 nobis
398 1531 473 1568 dux
503 1531 542 1568 in
573 1530 645 1577 via,
985 1529 1044 1566 Sis
1075 1528 1184 1566 nobis
1216 1528 1292 1566 dux
1321 1530 1359 1565 in
1391 1530 1464 1578 via,

169 1587 283 1635 Virgo
312 1592 433 1625 mater
462 1588 600 1627 Maria.
985 1586 1102 1633 Virgo
1133 1590 1255 1622 mater
1284 1586 1420 1623 Maria.

505 1693 541 1729 5.
575 1690 625 1727 Et
657 1689 878 1727 benedictus
908 1689 1007 1725 uteri

630 1748 794 1785 Fructus
825 1745 880 1782 tui
911 1745 1048 1793 suavis,

574 1804 650 1840 Per
680 1814 789 1850 quem
820 1806 950 1850 gustus
980 1800 1168 1839 mortiferi

632 1861 804 1897 Laxatur
828 1869 950 1907 poena
980 1859 1117 1906 gravis,

573 1917 625 1954 Et
655 1921 806 1964 portum
835 1916 944 1953 nobis
975 1915 1094 1963 aperi,

630 1974 689 2010 Ne
719 1977 849 2020 crepet
878 1977 1010 2010 nostra
1039 1972 1159 2019 navis,

573 2031 691 2076 Quam
723 2041 798 2067 non
826 2029 1026 2076 permittas
1055 2028 1199 2065 conteri

629 2087 690 2124 Ex
721 2087 816 2124 actis
846 2086 987 2123 nostris
1018 2086 1161 2133 pravis.

574 2177 633 2214 Sis
664 2177 772 2215 nobis
805 2177 880 2214 dux
910 2177 948 2213 in
980 2177 1054 2222 via,

574 2234 690 2281 Virgo
720 2238 842 2271 mater
870 2233 1009 2271 Maria.

176 2333 248 2365 Fol.
284 2332 396 2365 1551J.
433 2335 498 2367 col.
529 2332 561 2366 2.
612 2336 730 2373 „Fecit
753 2345 857 2376 super
881 2333 956 2366 Ave
980 2334 1095 2365 Maria
1119 2333 1234 2364 Avus
1268 2328 1640 2373 archiepiscopi.“

91 2378 160 2411 Der
183 2379 369 2411 Rundreim
394 2381 430 2411 in
455 2380 515 2412 der
539 2381 602 2412 Hs.
628 2391 693 2411 nur
718 2380 808 2411 nach
833 2380 900 2412 Str.
926 2378 965 2419 23
992 2382 1089 2411 sonst
1119 2378 1200 2419 „RQ
1226 2381 1265 2409 ut
1289 2376 1426 2419 supra“.

438 2558 518 2594 ΕΞ.
559 2559 639 2601 (34.)
675 2560 733 2595 De
758 2557 1074 2594 Annuntiatione
1099 2557 1147 2592 B.
1174 2557 1228 2593 M.
1255 2557 1301 2593 V.

463 2664 498 2703 1.
531 2664 701 2702 Mittitur
730 2663 980 2711 archangelus
1010 2662 1134 2700 fidelis

530 2721 593 2758 Ad
625 2721 785 2758 Mariam
817 2720 1000 2767 virginem
1034 2720 1080 2756 de
1112 2719 1240 2766 caelis,

532 2777 709 2824 Antiquis
737 2787 833 2824 quae
862 2777 1007 2814 latuere
1040 2775 1147 2821 velis,

534 2835 616 2871 Vox
649 2834 741 2871 haec
772 2832 952 2881 patefecit
982 2832 1184 2871 GabrieliS.
