2031 3289
959 203 1014 208 —
1071 179 1152 219 412
1211 201 1268 205 —

845 288 926 324 365.
964 289 1023 331 (4.)
1056 289 1131 324 Die
1156 287 1383 324 Dominica.

969 360 1036 397 Ad
1067 361 1265 408 Vesperas.

349 461 387 501 1.
418 461 501 498 Lux
531 460 634 498 Deus
665 459 897 510 indeficiens,
1169 462 1204 499 3.
1236 461 1266 498 Ο
1295 460 1406 498 stella
1436 459 1552 496 solem
1581 460 1744 510 pariens,

393 517 591 562 ⁴Cedente
622 516 712 553 solis
742 516 851 554 radio
1235 516 1377 554 Mortis
1407 515 1583 553 tenebras
1614 515 1747 570 effuga,

420 573 578 612 Illustra
610 572 839 610 domicilium
1237 573 1336 618 Quas
1367 572 1464 609 solet
1493 572 1611 609 hostis
1641 573 1792 610 invidus

420 629 489 666 Pie
519 633 733 666 nostrorum
766 629 948 668 cordium.
1238 629 1352 675 Vagis
1382 627 1525 665 inferre
1554 629 1754 668 mentibuS.

352 721 391 759 2.
423 719 493 764 Qui
524 719 707 766 virginem
739 718 954 756 inhabitans
1167 722 1204 757 4.
1237 719 1289 757 Ut
1319 718 1454 764 sopitis
1484 718 1706 765 corporibus

420 775 610 824 Fulgebas
641 786 757 822 super
786 775 952 820 aethera,
1234 775 1315 812 Deo
1348 775 1464 811 corda
1493 775 1740 822 adhaereant,

419 833 531 870 Nunc
561 831 737 868 habitans
768 832 807 868 in
837 832 991 869 aethere
1238 832 1421 868 Voluntas
1451 841 1600 878 semper
1629 835 1780 870 maneat

419 888 499 925 Nos
530 887 677 925 infimos
709 888 893 925 illumina.
1238 888 1300 925 Ad
1331 892 1462 924 nutum
1492 891 1669 934 prompta
1698 888 1867 926 Domini.

772 981 809 1018 5.
843 979 1060 1016 Correctrix
1092 978 1335 1025 cogitatuum,

838 1035 1048 1072 Verborum
1079 1035 1130 1071 sis
1162 1039 1199 1071 et
1227 1040 1389 1079 actuum,

839 1092 891 1130 Ut
921 1097 957 1128 te
987 1092 1142 1128 iuvante
1171 1091 1297 1128 omnia

839 1148 919 1184 Tuo
949 1152 1038 1185 nato
1068 1148 1143 1184 sint
1173 1148 1326 1194 placita.

427 1236 456 1277 l,
484 1237 500 1270 1
527 1240 622 1270 Laus
639 1239 734 1270 Deus
760 1237 961 1269 indeficiens
978 1238 1021 1269 D.
1049 1254 1090 1259 —
1113 1236 1145 1275 4,
1174 1235 1190 1268 1
1209 1237 1256 1268 Et
1275 1237 1399 1279 sopitis
1417 1237 1452 1269 C.
1471 1254 1515 1260 -
1531 1237 1732 1279 Klemming
1746 1237 1792 1276 H,
1820 1234 1897 1270 131.

847 1370 928 1406 366.
966 1371 1025 1413 (5.)
1061 1370 1135 1405 Die
1160 1370 1385 1405 Dominica.

911 1441 978 1478 Ad
1008 1441 1321 1489 Completorium.

354 1546 392 1585 1.
422 1547 467 1583 In
497 1545 665 1592 genitore
695 1544 842 1590 genitus
1167 1544 1204 1583 3.
1236 1543 1279 1579 In
1310 1542 1368 1578 his
1398 1552 1474 1579 una
1504 1541 1683 1579 divinitas

421 1602 473 1639 Et
502 1601 650 1648 genitor
680 1601 717 1637 in
749 1601 888 1648 genito,
1235 1599 1287 1636 Et
1316 1599 1354 1635 in
1386 1598 1458 1635 hac
1487 1598 1568 1635 sola
1598 1596 1738 1635 femina

419 1659 463 1695 In
493 1662 653 1704 utroque
683 1657 905 1704 paraclitus,
1235 1655 1373 1702 Fulget
1404 1655 1506 1692 clara
1538 1654 1736 1701 virginitas

423 1715 593 1761 Uterque
622 1715 661 1750 in
692 1713 890 1762 paraclito,
1236 1712 1287 1749 Et
1318 1710 1481 1748 fecunda
1511 1711 1746 1751 maternitas,

349 1806 388 1844 2.
420 1805 473 1842 Hi
502 1805 651 1842 Mariae
681 1804 852 1851 virginea
1166 1804 1204 1843 4.
1235 1802 1404 1849 Eiusque
1434 1802 1554 1839 solum
1585 1801 1702 1838 filium

420 1861 621 1899 Manentes
650 1861 750 1897 inter
780 1861 927 1898 viscera
1236 1860 1376 1895 Verum
1407 1858 1527 1895 Deum
1559 1862 1597 1894 et
1626 1858 1814 1896 hominem

421 1917 557 1955 Sedem
588 1917 689 1954 inter
719 1917 890 1963 angelica
1236 1914 1480 1962 Confitemur,
1510 1925 1581 1952 nec
1611 1915 1725 1952 alium

422 1973 612 2012 Summam
642 1973 821 2010 tenebant
852 1972 1012 2017 agmina.
1235 1972 1400 2009 Matrem
1430 1971 1571 2009 habere
1601 1972 1798 2018 virginem.

770 2067 808 2102 5.
840 2063 989 2110 Ubique
1018 2073 1198 2109 praesens
1228 2063 1369 2109 optime

836 2120 938 2157 Deus
971 2124 1006 2156 et
1034 2119 1307 2168 potentissime,

836 2176 915 2213 Nos
946 2181 983 2213 te
1014 2177 1189 2213 timentes
1220 2175 1379 2223 respice,

837 2233 1040 2269 Precantes
1071 2236 1109 2269 te
1137 2243 1211 2269 non
1243 2232 1410 2278 despice.

423 2320 461 2361 2,
497 2321 512 2354 1
546 2323 587 2354 In
613 2323 746 2354 Mariae
771 2323 816 2361 B,
850 2323 963 2353 Maria
988 2322 1024 2354 C.
1050 2338 1094 2342 —
1119 2319 1157 2360 2,
1192 2319 1212 2353 2
1241 2322 1334 2352 intus
1360 2322 1398 2353 C.
1424 2338 1468 2342 —
1492 2318 1531 2359 2,
1563 2318 1585 2352 4
1609 2320 1786 2352 Summam
1810 2319 1896 2352 fehlt

334 2369 390 2400 bei
423 2369 636 2409 Klemming,
671 2368 769 2399 nicht
801 2368 884 2399 aber
917 2368 953 2398 in
984 2369 1097 2398 seiner
1128 2366 1269 2409 Quelle3
1303 2363 1447 2398 Summa
1478 2366 1522 2398 D.
1557 2384 1598 2388 —
1634 2364 1672 2405 5,
1708 2364 1722 2396 1
1754 2365 1895 2407 Ubique

334 2423 476 2454 precens
502 2414 541 2444 Β.
566 2430 609 2435 —
635 2413 834 2454 Klemming
858 2411 902 2447 ΙΙ,
929 2411 950 2442 3
974 2422 1006 2443 u.
1032 2412 1054 2443 f.

827 2546 908 2582 367.
944 2546 1002 2588 (6.)
1037 2544 1156 2580 Feria
1181 2544 1376 2581 Secunda.

938 2615 1006 2656 Ad
1035 2617 1288 2656 Nocturnum.

351 2720 387 2758 1.
420 2721 494 2758 Per
521 2730 562 2756 se
592 2720 721 2756 lucens
753 2719 1005 2757 carbunculus
1162 2721 1199 2759 2.
1233 2719 1366 2757 Claros
1398 2718 1544 2755 creavit
1573 2716 1727 2765 angelos

417 2777 519 2813 Luce
550 2787 623 2813 non
654 2781 737 2824 eget
767 2776 854 2821 alia,
1231 2776 1290 2813 Ex
1322 2775 1490 2812 bonitate
1521 2774 1688 2821 propria,

419 2831 481 2870 Sic
513 2832 614 2869 Deus
645 2833 890 2870 aeternaliter
1232 2831 1372 2870 Volens
1402 2841 1465 2868 eos
1495 2830 1702 2878 participes

419 2887 498 2926 Sibi
529 2890 631 2926 solus
662 2888 865 2926 sufficiens.
1230 2886 1346 2925 Effiei
1376 2898 1465 2925 suae
1495 2887 1650 2935 gloriae.
