1914 3223
753 150 802 155 -
865 128 915 167 «57
979 150 1027 155 -

126 245 192 284 1:13.
225 242 294 290 Qui
335 242 514 278 scientem
551 245 685 278 cuncta
716 241 850 290 sciunt,
942 242 1006 280 17.
1039 242 1166 280 Novas
1198 252 1348 289 semper
1379 242 1592 279 harmonias

279 298 370 345 quid
402 298 548 334 nescire
578 303 784 346 nequeunt3
1097 310 1168 336 vox
1200 299 1349 346 meloda
1381 305 1596 344 concrepat.

227 354 321 392 Nam
353 359 390 391 et
417 354 582 401 pectoris
614 364 752 390 arcana
891 377 898 388 ·
1039 355 1090 392 Et
1120 356 1156 391 in
1184 355 1340 392 iuvbilum
1374 356 1519 401 prolata

282 415 484 459 penetrant
513 410 751 455 alterutrum,
1096 411 1261 448 mulcent
1291 421 1400 448 aures
1432 423 1584 459 organa,

224 467 346 506 Unum
376 467 519 511 volunt,
551 477 664 503 unum
694 467 838 514 nolunt,
1041 467 1178 513 Digna,
1196 478 1383 514 perquem
1397 474 1481 505 sunt
1496 468 1668 515 victores,

281 525 405 561 unitas
436 529 493 560 est
523 523 714 560 mentium.
1102 525 1178 570 regi
1213 525 1304 561 dant
1334 525 1549 571 praeconia.

131 639 196 677 14.
232 637 336 674 Licet
367 636 499 682 cuique
530 636 576 672 sit
611 636 799 672 diversum
946 637 1009 674 18.
1044 636 1165 681 Felix,
1200 637 1292 674 caeli
1320 647 1415 683 quae
1436 642 1673 683 praesentem

283 704 352 740 pro
383 693 515 730 labore
544 692 764 741 praemium,
1102 704 1225 739 regem
1259 693 1377 730 cernit
1409 693 1532 730 anima

228 750 376 789 Caritas
406 749 477 786 hoc
507 750 612 785 suu'm
645 747 750 796 facit,
1043 749 1092 786 Et
1124 750 1192 786 sub
1224 760 1264 786 se
1295 754 1442 795 spectat
1472 749 1607 787 alterni

283 806 383 854 quod
414 810 515 842 amat
544 805 582 842 in
615 805 749 850 altero,
1099 806 1201 843 orbis
1232 806 1331 843 volvi
1363 806 1586 847 machinam,

229 863 430 910 Proprium
461 862 515 898 sic
546 862 778 910 singulorum
1044 863 1181 907 Solem,
1213 863 1337 899 lunam
1371 868 1405 899 et
1439 863 1591 909 globosa

282 920 322 957 fit
355 929 549 957 commune
580 919 756 955 omnium.
1099 919 1176 955 bini
1209 930 1338 955 cursus
1372 919 1511 957 sidera.

127 1035 195 1072 15.
228 1032 305 1073 Ubi
337 1042 483 1081 corpus,
516 1032 596 1069 illic
625 1033 707 1069 iure
948 1034 1011 1072 19.
1045 1032 1206 1075 Christe,
1239 1033 1365 1080 palma
1396 1033 1634 1081 bellatorum,

285 1093 563 1136 congregantur
593 1090 754 1136 aquilae,
1101 1089 1171 1126 hoc
1201 1090 1239 1126 in
1270 1090 1511 1136 municipium

227 1147 308 1193 Quo
350 1157 431 1182 cum
463 1146 607 1192 angelis
639 1152 675 1182 et
707 1151 859 1183 sanctae
1043 1147 1225 1183 Introduc
1256 1157 1314 1183 me
1345 1152 1431 1193 post
1462 1147 1624 1184 solutum

285 1207 506 1239 recreantur
535 1203 695 1250 animae,
1101 1203 1264 1240 militare
1295 1203 1494 1250 cingulum,

229 1260 315 1299 Uno
346 1269 443 1306 pane
474 1259 606 1296 vivunt
637 1260 737 1295 cives
1041 1259 1120 1296 Fac
1151 1264 1361 1296 consortem
1396 1260 1561 1296 donativi

285 1317 480 1371 utriusque
510 1315 669 1362 patriae.
1102 1316 1294 1353 beatorum
1328 1316 1477 1353 civium.

128 1431 195 1467 16.
226 1428 343 1466 Avidi
375 1432 412 1464 et
439 1437 590 1474 semper
619 1427 736 1474 pleni,
949 1429 1014 1467 20.
1049 1427 1193 1465 Praebe
1224 1428 1323 1464 vires
1354 1428 1577 1465 inexhausto

282 1485 384 1531 quod
415 1483 568 1529 habent,
602 1484 836 1532 desiderant,
1102 1484 1290 1521 laboranti
1323 1485 1468 1530 proelio

227 1541 313 1579 Non
344 1542 499 1578 satietas
530 1539 692 1585 fastidit,
1045 1541 1125 1578 Nec
1146 1541 1306 1588 quietem
1330 1548 1415 1588 post.
1436 1542 1672 1588 procinctum

284 1608 404 1646 neque
435 1597 553 1635 fames
585 1598 740 1644 cruciat,
1103 1598 1264 1644 deneges
1296 1598 1464 1644 emerim,

228 1655 422 1693 Inhiantes
453 1665 604 1701 semper
634 1655 750 1691 edunt
1045 1654 1173 1701 Teque
1205 1665 1352 1692 merear
1382 1654 1496 1701 potiri

285 1717 323 1748 et
353 1712 509 1748 edentes
540 1711 699 1750 inhiant.
1103 1713 1183 1747 sine
1213 1710 1287 1748 fine
1318 1713 1500 1758 praemio,

207 1812 340 1845 collect
364 1822 427 1843 ms.
453 1810 737 1844 Claraevallense
762 1821 850 1842 saec.
879 1810 930 1843 15.
974 1811 1056 1843 Cod.
1082 1812 1225 1843 Trecen.
1254 1810 1350 1842 11312.
1374 1813 1413 1845 Α.
1433 1829 1477 1833 —
1495 1812 1589 1843 Orat.
1616 1822 1677 1843 ms.

114 1854 309 1889 Zwollense,
335 1867 424 1888 saec.
447 1856 497 1889 15.
539 1857 622 1890 Cod.
641 1858 805 1889 Zwollen.
830 1854 907 1889 434.
933 1858 973 1888 B.
991 1873 1035 1879 —
1061 1857 1174 1889 Carm.
1201 1868 1260 1888 ms.
1280 1858 1400 1888 lacohi
1419 1857 1461 1888 de
1480 1853 1677 1889 Bene'dictis

115 1913 203 1935 saec,
233 1901 283 1934 16.
324 1902 408 1934 Cod.
432 1903 620 1935 Florentin.
640 1902 744 1934 Conv.
772 1913 847 1943 sup.
873 1900 938 1934 957
963 1901 1013 1943 (C.
1033 1900 1077 1940 8).
1103 1904 1140 1934 C.
1161 1919 1205 1923 —
1229 1903 1348 1944 Migne
1375 1903 1396 1933 l.
1415 1913 1443 1934 c.
1461 1900 1525 1934 861
1553 1913 1627 1944 spp.
1646 1904 1676 1934 D

116 1949 186 1980 und
211 1946 277 1980 980
302 1958 375 1989 spp.

206 1993 240 2031 1,
276 1992 292 2024 1
326 1993 412 2024 fehlt
442 1994 479 2025 C.
512 2010 556 2014 —*
591 1990 628 2029 1,
661 1991 682 2024 2
718 1993 831 2024 sitivit
864 1993 964 2025 arida
997 1994 1046 2034 D}
1081 1993 1166 2025 fehlt
1197 1993 1234 2025 C.
1261 2012 1303 2015 —
1328 1991 1367 2031 2,
1403 1991 1418 2023 1
1456 1991 1541 2024 Cum
1572 1992 1609 2024 C.
1637 2010 1679 2014 —

110 2036 150 2078 2,
180 2035 275 2077 1-3,
301 2036 322 2070 3
346 2038 460 2069 fehlen
478 2040 514 2070 C.
543 2055 583 2060 —
609 2036 639 2074 2,
669 2037 684 2070 1
712 2040 798 2070 Cum
823 2039 996 2080 pressuris
1013 2040 1052 2070 B.
1079 2056 1121 2060 —
1147 2036 1177 2076 2,
1204 2036 1224 2069 3
1250 2049 1326 2069 cum
1352 2038 1498 2079 deliquit
1518 2040 1563 2072 D:
1597 2039 1678 2070 dum

112 2085 256 2125 reliquit
288 2085 328 2115 A.
353 2101 398 2105 —
422 2082 459 2117 ὅ.
495 2083 514 2114 5
548 2084 681 2126 fulgent
712 2087 805 2116 tecta
840 2085 878 2115 B.
903 2103 948 2107 —
972 2082 1008 2122 4,
1045 2083 1061 2116 1
1096 2084 1197 2116 Nolis
1231 2085 1268 2118 15,
1294 2101 1336 2104 —
1363 2082 1399 2121 5,
1437 2083 1451 2114 1
1483 2085 1604 2125 Hyens
1631 2086 1676 2116 B:

111 2135 247 2161 torrens
271 2128 358 2161 fehlt
378 2130 417 2160 B.
442 2147 487 2151 ——-
515 2128 545 2164 5,
570 2128 591 2160 5
618 2129 776 2161 Candent
800 2129 887 2167 lilia,
913 2130 1014 2161 rubet
1040 2139 1160 2162 crocus
1179 2130 1216 2161 C.
1243 2147 1286 2151 —
1309 2127 1340 2167 5,
1366 2127 1386 2160 6
1414 2129 1516 2160 sudat
1541 2131 1677 2170 spirans

114 2175 270 2206 balsama
306 2176 342 2207 C.
369 2192 412 2196 —
437 2175 475 2208 6.
509 2172 530 2205 2
557 2175 674 2206 favum
699 2175 813 2206 mellis
838 2176 908 2207 AC.
935 2193 961 2197 —
1002 2174 1040 2210 6,
1072 2174 1092 2207 6
1118 2185 1187 2206 non
1214 2175 1392 2216 lapsorum
1417 2175 1463 2215 ss;
1498 2185 1677 2206 nemorum

113 2220 199 2252 fehlt
222 2223 262 2252 A.
287 2239 328 2243 —-
356 2218 386 2255 7.
412 2218 434 2251 4
459 2221 495 2251 in
521 2221 691 2251 occidium
716 2221 754 2251 B.
779 2237 822 2242 —-
849 2219 879 2259 7,
905 2219 925 2252 5
951 2221 1077 2252 desunt
1101 2222 1131 2251 ei
1160 2221 1211 2260 Ι),
1245 2220 1330 2252 fehlt
1352 2222 1388 2252 U.
1414 2237 1459 2241 ——
1484 2218 1513 2257 7,
1541 2219 1560 2250 6
1586 2220 1677 2251 diem

110 2266 244 2297 confert
268 2265 314 2298 A:
342 2265 428 2297 fehlt
453 2267 489 2297 C.
516 2282 561 2286 -—
584 2263 614 2303 8,
644 2265 659 2296 1
687 2276 825 2307 quoque
843 2266 893 2306 D3
920 2266 1039 2298 Sancti
1065 2266 1194 2308 quique
1220 2266 1348 2297 clarius
1375 2265 1448 2296 sole
1469 2266 1506 2297 C.
1532 2282 1576 2287 —
1599 2263 1630 2299 δ’,
1657 2263 1677 2297 2

113 2313 241 2351 septies
274 2311 482 2352 pei-rutilant
514 2312 553 2341 C.
579 2328 623 2332 —
648 2311 713 2342 Str.
751 2309 863 2343 9-13
896 2311 1011 2343 fehlen
1037 2312 1074 2344 C.
1100 2328 1142 2332 —
1171 2309 1225 2349 10,
1263 2311 1277 2343 l
1304 2311 1514 2342 Mortalibus
1550 2310 1604 2342 his
1629 2311 1676 2349 Α,

113 2356 345 2388 Mutabilibus
380 2358 476 2388 exuti
502 2357 545 2387 D.
571 2373 611 2377 -—
641 2355 692 2397 10,
718 2355 739 2387 5
768 2357 912 2388 vitalem
939 2367 1007 2388 una
1032 2358 1136 2388 fontis
1163 2357 1202 2387 A.
1229 2374 1272 2377 —
1300 2355 1350 2396 11,
1380 2354 1395 2386 1
1424 2356 1522 2388 Unde
1549 2360 1676 2387 statum

113 2401 304 2433 exsistendi
330 2402 369 2432 B.
395 2417 438 2422 ——
468 2400 517 2438 11,
544 2399 564 2432 2
589 2412 724 2443 semper
748 2402 839 2433 idem
865 2403 1009 2444 capiunt
1035 2403 1072 2433 B.
1100 2419 1141 2423 —
1171 2400 1222 2434 11.
1248 2400 1268 2433 5
1295 2411 1430 2442 semper
1456 2411 1541 2432 sana
1569 2402 1607 2432 A.
1634 2419 1677 2424 —

117 2445 168 2481 1⁶2,
194 2445 214 2478 6
241 2451 384 2478 mortem
410 2449 477 2478 i-am
507 2447 690 2478 absorbuit
715 2447 753 2486 A,
780 2451 890 2479 morte
915 2450 983 2479 iam
1012 2449 1108 2479 13.-
1129 2444 1179 2485 13,
1207 2446 1227 2478 2
1253 2457 1303 2489 sq.
1330 2447 1444 2478 fehlen
1463 2448 1499 2478 C.
1518 2465 1561 2469 —
1582 2444 1631 2484 13,
1656 2446 1676 2479 5

113 2491 246 2527 volunt,
272 2502 377 2523 unum
404 2496 533 2523 norunt
561 2493 598 2524 B.
623 2510 667 2513 —
695 2491 746 2528 14,
775 2490 894 2529 1-16,
921 2492 941 2524 5
967 2493 1081 2524 t'ehlen
1108 2493 1144 2524 C.
1170 2510 1214 2514 ——
1242 2491 1292 2529 16,
1320 2491 1334 2523 1
1368 2493 1469 2523 Vicet
1494 2494 1618 2533 cuique
1640 2494 1675 2524 Β.

113 2554 158 2558 —-
186 2534 259 2575 l4‚2
286 2538 447 2569 meritum
467 2538 508 2568 1).
538 2555 577 2559 --
606 2536 658 2575 14,
683 2536 704 2569 3
728 2539 813 2569 facit
837 2548 935 2570 suum
957 2539 993 2569 Β.
1020 2556 1062 2560 -
1094 2537 1144 2573 14,
1171 2536 1194 2568 4
1218 2538 1364 2569 alterum
1387 2539 1420 2572 Β,
1449 2537 1595 2568 welches
1617 2538 1677 2569 ‹ler

113 2583 212 2614 Reim
238 2583 374 2614 fordert.
401 2600 445 2604 —
474 2581 522 2619 14,
550 2581 570 2613 5
595 2583 848 2625 Propriumque
873 2585 1089 2625 singulorum
1108 2584 1148 2614 Α.
1176 2601 1216 2605 -
1250 2582 1301 2621 15,
1327 2583 1346 2613 5
1372 2584 1498 2614 vivunt
1525 2584 1679 2615 vives-1⁷3.

114 2644 158 2649 —
180 2627 229 2665 16,
259 2628 272 2658 1
302 2639 436 2668 semper
461 2632 495 2659 et
519 2628 612 2669 pleni
631 2629 668 2659 B.
687 2645 730 2650 —
752 2629 800 2663 lo,
828 2629 847 2659 6
874 2629 1012 2661 edentes
1039 2629 1189 2660 iubilant
1207 2629 1244 2659 B.
1263 2646 1306 2651 —-
1327 2627 1376 2663 17.
1404 2626 1424 2658 ‘2
1443 2638 1521 2659 mox
1543 2629 1676 2660 meloda

114 2672 156 2704 A.
181 2689 223 2694 —
251 2672 308 2712 17,
336 2672 356 2703 5
386 2674 496 2714 Digne
526 2677 560 2704 15,
589 2691 628 2694 -
659 2672 716 2710 17,
742 2672 761 2705 6
787 2675 859 2713 ref-ri
885 2674 971 2705 fehlt
996 2677 1040 2709 13:
1066 2675 1196 2705 ‹lucunt
1221 2675 1407 2713 praet-‚onia
1432 2674 1472 2704 A.
1501 2693 1544 2697 —
1575 2673 1630 2711 18,
1656 2673 1677 2705 3

116 2718 179 2750 sub
205 2718 284 2750 sede
311 2724 444 2759 spectat
469 2719 541 2750 alta
568 2719 609 2750 D.
636 2735 677 2739 —
707 2718 764 2754 1⁸,
799 2727 818 2750 -)
845 2722 877 2750 et
902 2719 988 2751 fehlt
1015 2721 1050 2751 B.
1076 2737 1119 2740 —
1151 2718 1209 2754 18,
1236 2718 1256 2749 6
1281 2729 1358 2750 cum
1386 2719 1535 2760 planetis
1562 2720 1676 2751 sidera

116 2763 158 2794 D.
177 2780 222 2785 ——
238 2762 291 2802 20,
319 2763 339 2794 3
357 2765 401 2796 Ut
427 2765 577 2805 quietem
596 2765 669 2795 AD.
690 2781 730 2784 —
750 2762 802 2799 20,
827 2764 847 2795 4
867 2765 993 2796 debeas
1017 2766 1160 2796 emerito
1178 2765 1253 2796 AD.
1273 2784 1314 2787 -—
1336 2764 1510 2802 „Quartus
1528 2764 1676 2806 hymnus<

116 2809 312 2841 eiusdem
345 2806 420 2851 [sel.
448 2810 541 2840 l'ctri
571 2807 746 2851 Damianil
782 2810 824 2841 (le
855 2810 993 2851 gaudiis
1027 2807 1200 2852 paradisi“
1233 2811 1278 2842 A:
1317 2811 1466 2849 „Ymnus
1497 2810 1538 2841 cle
1572 2821 1676 2851 regno

115 2852 324 2886 caelorum.“
351 2856 389 2886 Β.

1429 2911 1442 2918 -

1426 2921 1445 2941 5)
1460 2919 1475 2929 ’”-·
