1914 3223
759 137 778 139 —
840 115 893 150 Sss'»
973 137 998 140 W

76 191 88 207 Ι

136 228 171 265 7.
207 227 280 263 Pax
314 226 427 262 rediit
458 226 507 263 ad
538 237 686 274 supera,
930 230 987 267 113.
1023 230 1168 274 Rogata
1199 228 1261 273 pio
1293 228 1472 273 impetres

200 283 336 320 Secuta
366 286 423 319 est
453 283 620 326 iustitia3
1017 287 1049 322 A
1082 285 1245 331 Christo,
1278 284 1365 330 quia
1397 288 1528 329 potens
1560 296 1616 328 es,

205 339 334 377 Coloni
365 343 449 376 sunt
484 339 660 387 ludibrio,
1017 342 1108 384 Nee,
1141 340 1292 387 gravius
1323 340 1354 376 si
1388 345 1549 386 peteres.

205 395 338 432 Nullus
370 399 426 432 est
458 395 574 432 honos
605 399 745 433 aratro.
1016 397 1134 444 Turpi
1168 397 1318 443 repulsa
1350 396 1486 443 dignus
1518 409 1569 442 es,

135 499 173 539 8,
204 497 352 544 Fames,
386 497 526 542 clades,
559 497 718 543 penuria
919 500 982 536 14.
1018 501 1069 537 Ut
1102 499 1208 543 mihi,
1242 499 1340 535 vitae
1371 502 1570 545 antequam

202 553 324 592 Urbes
356 558 506 592 vastant
538 559 574 590 et
605 555 772 602 oppida3
1016 556 1106 592 Dies
1138 556 1305 603 ingratos
1337 554 1476 595 finiam,

199 610 293 648 Nam
340 610 387 648 de
422 610 523 647 villis
555 610 646 657 quid
679 611 829 656 mentio,
1017 613 1089 650 Per
1119 613 1260 648 luctum
1294 612 1548 658 paenitentiae

197 668 289 707 Cum
322 667 371 703 sit
401 667 544 704 inculta
577 667 708 714 regio?
1018 669 1138 705 Detur
1170 669 1317 706 medela
1348 669 1492 707 veniae.

132 774 168 807 9.
199 769 270 808 His
307 780 438 815 parum
473 769 596 816 dignis
629 769 831 816 plectimur
922 772 984 808 15.
1017 770 1074 807 Ne
1106 782 1163 807 me
1194 769 1353 807 flammis
1385 769 1612 817 perennibus

200 826 347 870 Poenis,
379 837 471 872 quas
503 827 556 862 rei
590 827 765 876 patimur,
1019 827 1118 874 Ignis
1149 831 1235 863 urat
1267 831 1468 873 tartareus,

201 882 282 928 His,
315 882 347 919 si
378 882 461 929 quis
493 893 580 920 vere
612 884 760 934 cogitet,
1015 883 1095 920 Nec
1127 884 1173 920 de
1204 895 1283 930 me,
1327 884 1423 920 sicut
1455 887 1643 930 coeperat,

201 939 282 976 Nec
312 942 478 976 tartarus
510 938 686 978 sufficiet.
1013 940 1145 977 Hostis
1177 941 1353 987 antiquus
1385 940 1558 987 gaudeat.

105 1043 168 1082 10.
199 1041 311 1080 Unde
343 1052 432 1088 ergo
465 1041 689 1078 eonsilium?
919 1044 984 1082 16.
1018 1043 1171 1088 Precor,
1204 1043 1353 1079 illorum
1385 1043 1497 1080 etiam

199 1098 304 1146 Quod
336 1098 591 1145 quaerendum
619 1099 799 1137 auxilium
813 1102 830 1136 2²
1015 1099 1067 1138 Ut
1098 1103 1248 1137 avertas
1278 1099 1470 1141 malitiam,

198 1149 304 1202 Quod
339 1155 459 1192 dolori
494 1156 697 1192 remedium
712 1158 730 1192 ζ’
1016 1156 1085 1203 Qui
1118 1156 1238 1194 diram
1270 1167 1339 1202 per
1370 1156 1564 1193 saevitiam

197 1212 304 1258 Quod
337 1211 457 1249 lab01i
490 1212 701 1250 solacium?
1016 1214 1135 1251 Tuam
1167 1217 1317 1250 vastant
1348 1213 1558 1251 ecelesiam.

105 1314 167 1352 11.
199 1313 285 1351 Tibi
308 1317 394 1360 post
416 1313 607 1351 Christum
629 1314 829 1351 Dominum
918 1316 982 1354 17.
1016 1315 1184 1364 Illorum,
1217 1324 1368 1363 quaeso,
1400 1315 1526 1352 odium

199 1370 250 1408 Et
280 1365 437 1407 matrem
472 1375 509 1407 et
539 1371 761 1417 apostolum,
1016 1373 1058 1408 In
1091 1382 1156 1408 cor
1188 1374 1291 1409 verte
1322 1371 1557 1418 benevolum,

199 1427 369 1474 Mauriti,
396 1427 576 1474 princeps
607 1433 827 1477 martyrum,
1015 1428 1090 1466 Sed
1121 1428 1193 1465 hoc
1223 1428 1255 1465 si
1283 1429 1413 1475 nequit
1443 1428 1537 1475 fieri,

201 1484 284 1521 Hoc
315 1484 468 1521 dabitur
498 1485 699 1531 negotium.
1014 1485 1074 1522 Ab
1106 1485 1184 1522 illis
1216 1495 1352 1531 precor
1383 1485 1475 1524 erui.

109 1586 170 1622 12.
203 1585 256 1622 Te
288 1595 424 1631 precor
452 1586 623 1634 supplex,
657 1585 807 1622 humilis
920 1586 984 1624 18.
1015 1586 1166 1623 Clerum
1198 1590 1314 1633 tuum,
1347 1586 1526 1635 piissime,

200 1642 272 1678 Per
301 1642 356 1678 tui
387 1642 550 1690 palmam
582 1643 774 1690 sanguinis
1015 1643 1130 1688 Rege,
1165 1653 1358 1689 conserva,
1392 1644 1568 1692 provehe,

197 1698 247 1735 Et
278 1710 347 1745 per
376 1698 434 1736 bis
466 1703 573 1736 terna
605 1699 721 1749 milia,
1014 1699 1168 1737 Plebem
1200 1704 1301 1736 tuam
1334 1710 1415 1736 euin
1450 1700 1622 1747 principe

198 1758 300 1801 Quae
332 1755 472 1793 duxisti
503 1757 552 1793 ad
584 1767 732 1806 supera,
1013 1758 1048 1793 A
1081 1756 1224 1793 eunetis
1255 1756 1365 1793 malis
1396 1757 1511 1804 eripe,

462 1848 526 1885 19.
560 1847 634 1885 Oro
665 1848 790 1894 precis
821 1848 860 1884 in
892 1847 1038 1895 ultimo,

557 1904 608 1942 Ut
641 1904 728 1942 dum
761 1905 799 1941 in
832 1915 945 1942 carne
977 1904 1122 1950 vixero,

560 1961 637 1998 Des
668 1961 760 1998 mihi
791 1961 1017 2011 necessaria,

558 2018 655 2055 Nam
686 2029 760 2055 non
793 2029 933 2066 quaero
965 2016 1168 2066 superflua.

174 2117 364 2150 Collectan.
397 2129 459 2150 ms.
492 2120 526 2151 S.
553 2118 667 2161 Sergii
692 2119 954 2161 Andegavensis
992 2130 1082 2151 saec.
1120 2117 1170 2150 11.
1220 2118 1301 2150 Cod.
1327 2118 1550 2160 Andegaven·
1581 2116 1648 2149 2⁸3

81 2160 182 2202 (274).
208 2181 251 2185 ——
276 2161 306 2203 3,
337 2163 350 2194 1
379 2164 524 2206 caripdi.
551 2182 596 2187 ——
623 2164 673 2204 18,
700 2163 721 2196 2
746 2166 849 2207 Rege,
876 2175 1055 2197 conserva.
1082 2175 1154 2197 uee.

365 2320 413 2356 81.
448 2321 506 2364 (8.)
542 2319 669 2357 Oratio
697 2320 743 2356 ad
768 2322 914 2357 sanctos
941 2320 1138 2357 Nazarium
1165 2322 1200 2356 et
1227 2319 1366 2357 Celsum

564 2370 601 2402 et
627 2366 843 2403 Gervasium
869 2368 906 2402 et
931 2365 1152 2403 Protasium.

102 2473 138 2511 1.
171 2472 201 2510 Ο
233 2472 385 2523 Nazari,
418 2468 608 2511 Nazareni
917 2477 954 2513 2.
987 2475 1064 2512 Vos
1097 2473 1257 2511 Gervasi
1287 2473 1509 2520 Protasique

226 2529 422 2567 Nazaraee
453 2531 616 2575 Domini,
1040 2531 1179 2568 uterini
1211 2531 1360 2577 gemini,

172 2585 280 2623 Celse
311 2597 470 2634 quoque,
503 2588 608 2624 cuius
641 2589 717 2625 vita
985 2586 1643 2634 Postmagistrum,quempraemisi,

227 2643 326 2679 celso
359 2655 430 2691 par
460 2649 515 2680 est
546 2645 700 2693 nomini,
1042 2644 1222 2691 primitivi
1256 2643 1408 2689 domiui,

171 2699 285 2744 Quem
319 2700 388 2737 sub
419 2701 490 2737 alis
522 2701 723 2745 educastis,
984 2701 1189 2739 Subvenite
1220 2700 1430 2737 senescenti

226 2757 326 2793 servi
356 2757 597 2797 miseremini.
1041 2757 1246 2795 nutritores
1278 2757 1398 2804 pueri.

177 2846 365 2879 Collectau.
384 2857 447 2877 ms.
467 2847 500 2878 ὃ.
519 2848 631 2888 Sergii
651 2847 911 2889 Andegavensis
929 2858 1017 2879 saec.
1039 2845 1089 2878 11.
1121 2847 1203 2879 Cod.
1223 2847 1446 2890 Audegaven.
1467 2844 1644 2887 2830274).
