1914 3223
80 300 118 338 3.
151 298 264 336 Solve
295 297 518 345 pravitates,

149 354 256 401 Fuga
287 354 486 402 vanitates,

80 451 82 453 ,
148 411 282 449 Preme
313 409 575 453 adversantes,

149 468 240 504 luva
273 466 510 505 dimicantes,

81 583 120 620 4.
152 580 328 618 Monstra
359 585 395 615 te
426 578 638 626 benignam,

151 636 261 675 Omni
292 635 406 673 laude
438 635 602 684 dignam,

151 693 276 730 Iesum
307 696 349 729 ut
379 702 545 729 amemus

152 748 312 796 Semper
343 753 377 785 et
410 749 621 786 laudemus.

85 865 122 903 5.
155 862 272 910 Virgo
303 862 519 910 singularis,

151 919 269 957 Recte
299 918 549 966 praedicaris,

151 978 302 1023 Agnum
331 975 506 1023 imitaris,

153 1033 264 1079 Agna
290 1032 510 1072 nominaris.

807 183 890 223 479
954 206 1002 210 —-

902 299 939 336 6.
974 297 1098 334 Vitam
1131 301 1284 345 praesta
1316 307 1465 346 puram,

974 353 1079 402 Viam
1113 355 1227 400 plana
1260 353 1408 399 duram,

974 410 1020 448 Ut
1054 406 1242 447 intremus
1271 411 1429 457 caelum,

972 467 1106 504 Carnis
1138 467 1249 504 aufer
1279 467 1417 505 velum.

903 580 939 617 7.
969 579 1072 616 Audi
1105 591 1184 626 nos,
1215 580 1350 627 Maria,

973 636 1212 673 (Jonsolatrix
1245 637 1321 683 pia,

970 693 1065 729 Veni
1100 704 1181 729 cum
1215 696 1377 739 Agnete,

974 749 1099 786 Visita
1129 760 1196 785 nos
1229 750 1338 786 laete.

903 862 940 901 8.
974 862 1088 899 Salva
1120 873 1199 911 nos,
1233 862 1402 899 salvator

976 919 1108 955 Mundi
1141 923 1175 954 et
1210 923 1371 964 creator,

973 976 1070 1021 Iesu,
1106 975 1205 1012 vitae
1238 976 1360 1021 dator,

971 1032 1167 1079 virginum
1200 1036 1358 1070 amator.

540 1147 578 1184 9.
612 1144 669 1183 Sit
697 1145 779 1182 laus
810 1145 893 1182 Deo
924 1145 1039 1191 patri.

612 1202 764 1239 Christo
796 1201 874 1238 eius
906 1206 1008 1249 nato,

612 1259 726 1296 Almo
759 1258 960 1305 paraclito,

611 1315 688 1353 Uni
720 1326 810 1352 vero
841 1315 936 1354 Deo.

159 1427 312 1460 Thomae
336 1427 497 1459 Malleoli
519 1427 560 1459 de
586 1427 731 1469 Kempis
758 1427 873 1469 Opera
891 1427 1018 1459 Omnia
1044 1427 1095 1459 ed.
1114 1428 1159 1459 H.
1178 1427 1401 1459 Sommalius.
1420 1427 1642 1470 Antwerpiae

73 1470 170 1507 1607.
196 1469 241 1509 II.
267 1471 345 1506 597.

373 1617 454 1655 464.

88 1735 125 1774 1.
159 1735 230 1782 En,
261 1735 420 1783 virginis
452 1735 639 1772 Caeciliae

155 1791 291 1839 Fulget
323 1792 400 1830 vita
431 1791 653 1841 clarissima,

161 1849 279 1894 Quam
311 1859 471 1896 sponsus
500 1848 707 1897 pudicitiae

157 1904 284 1952 Elegit
313 1905 361 1943 ab
392 1903 566 1944 infantia.

90 2019 130 2056 2.
161 2019 260 2065 Quae
291 2018 432 2056 Christi
463 2020 697 2066 evangelium

161 2074 434 2113 Abscondebat
460 2076 498 2113 in
530 2080 698 2123 pectore,

162 2131 213 2169 Ut
245 2132 367 2169 Iesum
398 2133 523 2170 nitens
553 2133 672 2170 lilium

160 2187 272 2226 Casto
302 2194 472 2226 servaret
502 2199 673 2237 corpore.

93 2301 132 2340 3.
164 2301 264 2339 Hinc
300 2313 405 2340 amor
433 2308 470 2340 et
502 2303 651 2340 devotio

162 2356 378 2396 Fervebant
408 2370 491 2396 cum
521 2360 719 2407 colloquio,

161 2414 260 2452 Hinc
291 2415 424 2453 diebus
454 2427 499 2453 ac
528 2417 702 2454 noctibus

161 2469 286 2508 Sacris
316 2472 480 2510 intendit
511 2471 710 2512 fructibus.

93 2584 131 2623 4.
163 2584 257 2621 Nam
293 2585 386 2623 duos
417 2584 556 2623 fratres
586 2586 733 2624 nobiles

164 2640 302 2678 Christi
335 2641 457 2679 effecit
484 2643 639 2689 milites,

164 2697 262 2742 Quos
292 2709 362 2745 per
392 2700 470 2736 eius
502 2700 701 2747 vestigium

169 2753 352 2792 Hortatur
380 2756 429 2793 ad
461 2757 696 2802 martyrium.

169 2864 323 2898 'rhomae
339 2867 495 2899 Malleoli
521 2868 562 2899 de
580 2868 725 2911 Kempis
743 2868 859 2911 Opera
876 2868 1001 2901 Omnia
1028 2868 1079 2900 ed.
1099 2869 1142 2899 ΙΙ.
1169 2867 1391 2899 Somnialius.
1410 2866 1643 2908 Antwerpiae.

84 2905 181 2941 1607.
206 2910 251 2948 11,
276 2909 353 2944 598.

512 1618 571 1660 (7.)
610 1618 786 1661 Hymnus
811 1617 859 1653 de
882 1627 914 1654 s.
944 1618 1124 1654 Caecilia
1149 1619 1331 1662 Virgine.

908 1738 945 1773 5.
978 1735 1083 1772 Haec
1115 1745 1273 1772 cerneus
1302 1740 1392 1771 tunc
1423 1735 1623 1782 episcopus

977 1792 1169 1839 Urbanus,
1201 1793 1260 1829 vir
1290 1792 1493 1841 angelicus,

977 1849 1198 1886 Resolvitur
1227 1849 1264 1885 in
1296 1848 1476 1896 lacrymis

978 1905 1036 1942 De
1067 1904 1193 1942 fructu
1223 1910 1353 1958 tantae
1384 1905 1554 1952 virginis.

907 2021 944 2058 6.
979 2019 1140 2057 Domine
1170 2020 1270 2066 Iesu,
1303 2018 1452 2066 suscipe

976 2076 1034 2113 De
1063 2075 1236 2113 manibus
1268 2075 1456 2113 Caeciliae

975 2134 1140 2171 Fructus
1166 2132 1261 2169 casti
1292 2132 1436 2169 consilii

974 2190 1079 2227 Sicut
1109 2189 1264 2227 odorem
1296 2188 1471 2227 balsami.

908 2304 943 2342 7.
977 2304 1006 2341 Ο
1039 2303 1149 2340 beata
1180 2302 1359 2350 Caecilia,

977 2360 1124 2397 Devota
1156 2359 1297 2396 Christi
1329 2356 1482 2404 famula,

979 2417 1052 2454 Per
1083 2421 1147 2453 tua
1177 2426 1287 2452 sacra
1316 2415 1453 2452 merita

979 2473 1057 2510 Nos
1089 2473 1170 2509 Deo
1202 2472 1421 2509 reconcilia.

910 2587 947 2624 8.
982 2587 1062 2624 Deo
1094 2587 1194 2633 patri
1228 2586 1275 2622 sit
1307 2585 1429 2632 gloria

981 2643 1150 2689 Eiusque
1182 2643 1252 2679 soli
1283 2642 1361 2679 filio

981 2702 1073 2737 (jum
1108 2700 1244 2746 spiritu
1276 2698 1462 2745 paraclito

980 2757 1029 2793 Et
1060 2766 1159 2793 nunc
1192 2762 1228 2792 et
1259 2756 1339 2792 sine
1370 2754 1542 2792 termino.
