1914 3223
148 457 165 494 1

147 686 168 720 CJ!

113 1816 163 1853 25

112 2098 164 2136 30

110 2383 159 2418 35

139 2752 175 2792 1.

729 229 777 234 —-—
839 206 920 246 395
983 230 1032 234 ——

572 350 654 385 305.
692 351 748 391 (Τ.)
785 350 927 386 Oratio
953 351 1003 386 atl
1030 351 1186 386 Filium.

203 457 297 494 Jesu
329 455 492 501 Christe,
524 455 626 492 Deus
661 460 798 504 noster,

207 512 311 549 Bone
343 518 474 558 pastor
506 516 542 548 et
573 512 766 560 magister,

207 568 278 614 Qui
310 579 392 605 cum
425 578 526 605 esses
558 566 678 605 forma
712 568 782 605 Dei

206 625 429 671 Coaequalis
461 625 582 671 patris
614 625 678 672 tui,

1023 457 1126 493 Sicut
1159 457 1241 502 ipse
1273 457 1411 492 docens
1443 465 1584 503 mones,

1026 513 1075 551 Ut
1108 519 1142 549 et
1175 512 1321 549 lumbos
1353 511 1639 558 praecingamus

1023 569 1073 606 Et
1107 570 1279 606 lucernas
1307 573 1513 606 teneamus,

1025 628 1116 663 t'um
1151 626 1309 662 virtutes
1333 625 1490 662 mandas
1516 625 1660 671 quaeri,

205 682 368 728 Propter
400 681 588 718 hominum
621 682 778 718 salutem
939 682 990 719 40
1024 675 1122 726 Quas
1155 682 1328 728 appellas
1360 692 1512 728 regnum
1546 681 1630 727 Dei,

204 739 366 776 induisti
399 738 522 775 carnis
555 742 697 775 vestem
1021 738 1091 785 Da,
1110 739 1208 785 quod
1228 738 1347 786 iubes,
1365 743 1405 775 ut
1422 748 1660 785 quaeramus,

204 794 254 831 Et
288 795 335 832 de
368 799 498 831 ventre
530 794 706 842 virginali
1019 795 1068 831 Et
1100 796 1154 831 sic
1187 795 1283 843 iube,
1318 794 1418 841 quod
1450 805 1614 841 agamus.

201 852 407 898 Tamquam
431 862 591 896 sponsus
615 852 846 897 processisti.
1019 852 1122 887 luter
1154 858 1299 897 cuncta,
1332 861 1427 898 quae
1459 851 1621 899 requiro,

203 908 265 945 Sic
295 908 332 944 in
365 908 489 944 carnis
522 912 709 944 vetustate
1022 909 1144 947 Unum
1178 914 1247 951 est,
1285 907 1333 944 ad
1366 907 1465 954 quod
1497 907 1662 955 suspiro,

152 967 160 1003 ζ
201 965 454 1002 Conversatus
485 964 565 1001 sine
595 964 693 1011 labe,
935 967 987 1002 45
1021 965 1130 1009 Quod
1163 975 1325 1011 exposco
1357 964 1567 1011 speciatim,

201 1022 251 1059 L‘t
285 1026 319 1058 et
351 1032 444 1068 opus
476 1021 706 1067 adimpleres
1023 1021 1105 1058 Hoc
1137 1026 1173 1057 et
1206 1031 1319 1067 posco
1352 1021 1582 1069 nominatim,

201 1078 250 1115 Et
282 1078 496 1124 exemplum
527 1077 634 1114 nobis
668 1078 801 1123 dares;
1024 1078 1163 1115 Contra
1196 1078 1319 1114 carnis
1352 1078 1608 1123 corruptelam

199 1134 314 1181 Opus,
348 1134 513 1181 inquam,
546 1135 716 1182 pietatis,
1020 1135 1055 1171 A
1088 1138 1124 1171 te
1156 1133 1285 1182 flagito
1318 1134 1518 1171 medelam.

198 1191 389 1238 Superans
421 1190 595 1228 affectum
627 1192 774 1231 mentis.
1025 1191 1184 1237 Propter
1214 1195 1316 1228 tuam
1351 1191 1530 1237 pietatem

203 1247 450 1286 Contumeliis
483 1252 639 1285 vexatus
936 1249 986 1285 50
1018 1248 1129 1284 Dona
1159 1248 1251 1284 mihi
1280 1248 1493 1284 castitatem

200 1305 251 1341 Et
283 1304 320 1340 in
354 1311 502 1341 erucem
533 1304 751 1342 sublevatus
1019 1306 1067 1342 Et
1101 1314 1159 1341 me
1190 1305 1311 1351 ipsum
1343 1308 1378 1340 et
1410 1308 1447 1340 te
1479 1312 1603 1349 nosse,

201 1360 400 1398 Generalis
431 1361 564 1398 mortis
594 1362 677 1398 iura
1021 1361 1126 1397 Sicut
1158 1366 1213 1397 est
1244 1361 1444 1397 humanum
1477 1369 1599 1406 posse.

199 1417 433 1454 Destruxisti
465 1422 586 1454 morte
617 1423 693 1455 tua.
1020 1417 1102 1466 His,
1135 1428 1181 1455 ex
1209 1417 1343 1464 quibus
1375 1417 1527 1454 voluisti

199 1474 432 1523 Dormivisti,
466 1475 682 1521 surrexisti,
1018 1474 1083 1511 Me
1114 1475 1317 1511 secundum
1351 1484 1501 1510 carnem
1541 1473 1659 1520 nasci,

200 1530 323 1577 Super
354 1531 479 1568 caelos
510 1531 732 1576 ascendisti,
935 1533 986 1569 55
1021 1530 1069 1567 Et
1101 1531 1305 1568 maioribus
1336 1530 1503 1576 ipsorum

202 1589 296 1624 Inde
328 1587 455 1624 venies
487 1588 524 1624 in
555 1587 641 1630 fine,
1020 1587 1257 1634 Computatis
1290 1592 1545 1623 retroversum

199 1646 302 1690 Quae
334 1643 470 1692 fecisti,
503 1645 684 1694 iudicare,
1020 1644 1173 1681 Cunctis
1203 1649 1368 1691 praesta,
1402 1643 1504 1680 Deus
1538 1643 1658 1691 ‹liveS,

198 1701 433 1738 Redditurus
466 1701 581 1751 digna
612 1700 723 1738 factis
1021 1701 1142 1738 Vitam
1176 1702 1275 1737 inter
1305 1706 1388 1736 tuos
1421 1699 1535 1737 cives.

199 1757 290 1795 Cum
324 1758 539 1795 redditione
571 1759 708 1797 carnis,
1018 1759 1174 1795 Fratres
1207 1768 1308 1794 meos
1339 1760 1376 1793 ct:
1407 1766 1556 1792 sorores

198 1814 445 1862 Deus-homo,
477 1815 562 1852 Iesu
595 1815 759 1863 Clniste,
933 1815 983 1852 60
1017 1814 1087 1850 His
1114 1815 1151 1850 in
1185 1814 1293 1851 donis
1324 1811 1384 1850 fac
1415 1817 1633 1859 consortes;

200 1871 441 1918 Miserorum,
473 1872 679 1921 miserer0;
1019 1871 1221 1908 Parentela
1252 1870 1343 1906 mihi
1374 1869 1536 1915 iunctos,

199 1927 446 1973 Deus-homo,
478 1938 545 1965 rex
579 1929 781 1975 caelorum,
1017 1927 1191 1965 Clemens
1214 1926 1327 1972 Deus,
1356 1927 1463 1964 salva
1491 1929 1658 1962 cunctos.

196 1985 382 2022 Miserere
414 1984 646 2023 miserorum.
1015 1984 1165 2031 Omnes,
1198 1983 1261 2030 qui
1293 1983 1422 2019 fideles
1455 1983 1588 2019 vivunt

192 2041 313 2078 Huius
345 2041 433 2077 fidei
466 2039 672 2087 confessor,
1021 2041 1090 2076 Vel
1123 2040 1254 2077 fideles
1285 2039 1476 2084 obierunt,

195 2097 303 2135 Licet
334 2108 420 2134 reus
452 2102 489 2134 et
519 2102 778 2144 transgressor
931 2099 982 2136 65
1016 2097 1253 2143 Sempitcrna
1285 2095 1345 2133 fac
1375 2095 1500 2142 quiete

196 2154 360 2202 Duplex,
390 2166 469 2202 oro,
506 2156 592 2192 Iesu
622 2155 784 2203 Christe,
1015 2153 1106 2190 Frui
1138 2155 1219 2190 sine
1249 2157 1348 2190 meta
1379 2157 1514 2190 metae.

194 2211 340 2248 Nomen
372 2222 486 2258 super
516 2222 649 2248 nomen
682 2221 802 2260 omne,
1015 2210 1073 2248 Sit
1104 2211 1184 2247 laus
1215 2210 1316 2256 patri
1347 2209 1579 2254 sempiterno

195 2267 248 2305 Ut
277 2272 435 2314 peccata
467 2268 658 2305 confitenti
1011 2267 1185 2313 Filioque
1217 2271 1429 2313 coaeternO,

194 2324 245 2361 Et
275 2325 434 2361 virtutes
465 2324 659 2361 anhelanti
1013 2323 1113 2362 Tibi.
1145 2322 1281 2360 flamen
1312 2322 1521 2368 utriusque,

195 2381 299 2417 Haec
331 2381 534 2427 condones,
566 2381 652 2418 illas
686 2381 815 2428 dones,
932 2381 982 2419 70
1016 2380 1116 2417 Laus
1149 2380 1197 2416 sit
1229 2390 1347 2426 aequa
1379 2389 1461 2415 cum
1483 2382 1657 2424 utroque.

187 2480 411 2523 Beaugendre
430 2481 495 2513 col.
523 2479 619 2512 1555.
638 2499 682 2502 —
700 2481 777 2522 Vgl.
797 2480 858 2512 das
875 2489 937 2511 zur
954 2479 1260 2521 vorhergehenden
1279 2480 1444 2510 Nummer
1463 2478 1658 2510 Bemerkte.

443 2660 524 2696 5013.
560 2660 617 2700 (Sa
657 2659 799 2696 oratio
827 2659 877 2694 ad
902 2659 1082 2695 sanctam
1109 2657 1292 2693 Mariam.

208 2754 237 2792 O
271 2759 401 2791 sancta
433 2756 538 2801 virgo
571 2755 770 2802 virginum.

207 2812 310 2856 Quae
341 2811 501 2857 genuisti
534 2811 747 2857 Dominum,

206 2867 532 2914 Triumphatorem
565 2868 701 2912 zabuli,

210 2923 482 2970 Reparatorem
515 2923 667 2971 saeculi,

957 2755 994 2791 2.

1027 2753 1107 2799 Ego
1139 2757 1317 2799 peccator
1348 2752 1499 2788 nimium

1026 2811 1059 2846 A
1090 2814 1126 2845 te
1158 2819 1273 2856 posco
1305 2809 1526 2856 remedium,

1027 2866 1120 2902 Esto
1152 2871 1312 2912 patrona
1344 2865 1493 2912 misero,

1024 2922 1133 2959 Salus
1165 2927 1275 2969 atque
1308 2919 1490 2961 defensio.
