<?xml version="1.0" encoding="UTF-8"?>
<!DOCTYPE html PUBLIC "-//W3C//DTD XHTML 1.0 Transitional//EN"
    "http://www.w3.org/TR/xhtml1/DTD/xhtml1-transitional.dtd">
<html xmlns="http://www.w3.org/1999/xhtml" xml:lang="en" lang="en">
 <head>
  <title>
</title>
<meta http-equiv="Content-Type" content="text/html;charset=utf-8" />
  <meta name='ocr-system' content='tesseract 3.04.00' />
  <meta name='ocr-capabilities' content='ocr_page ocr_carea ocr_par ocr_line ocrx_word'/>
</head>
<body>
  <div class='ocr_page' id='page_1' title='image "./hymnographilatin01drevuoft_0583.png"; bbox 0 0 1914 3223; ppageno 0'>
   <div class='ocr_carea' id='block_1_1' title="bbox 92 311 1453 361">
    <p class='ocr_par' dir='ltr' id='par_1_1' title="bbox 92 311 1453 361">
     <span class='ocr_line' id='line_1_1' title="bbox 92 311 1453 361; baseline 0 -12"><span class='ocrx_word' id='word_1_1' title='bbox 92 314 127 352; x_wconf 90' lang='lat'>1.</span> <span class='ocrx_word' id='word_1_2' title='bbox 161 312 230 356; x_wconf 85' lang='lat' dir='ltr'>Da,</span> <span class='ocrx_word' id='word_1_3' title='bbox 264 320 371 358; x_wconf 74' lang='lat' dir='ltr'>puer,</span> <span class='ocrx_word' id='word_1_4' title='bbox 403 311 600 359; x_wconf 83' lang='lat' dir='ltr'>plectrum,</span> <span class='ocrx_word' id='word_1_5' title='bbox 636 311 784 349; x_wconf 69' lang='lat' dir='ltr'>choreis</span> <span class='ocrx_word' id='word_1_6' title='bbox 904 315 940 349; x_wconf 71' lang='lat'>5.</span> <span class='ocrx_word' id='word_1_7' title='bbox 974 313 1061 358; x_wconf 87' lang='lat' dir='ltr'>Ipse</span> <span class='ocrx_word' id='word_1_8' title='bbox 1092 312 1212 356; x_wconf 80' lang='lat' dir='ltr'>iussit,</span> <span class='ocrx_word' id='word_1_9' title='bbox 1246 318 1283 348; x_wconf 88' lang='lat' dir='ltr'>et</span> <span class='ocrx_word' id='word_1_10' title='bbox 1315 316 1453 361; x_wconf 81' lang='lat' dir='ltr'>creata,</span> 
     </span>
    </p>
   </div>
   <div class='ocr_carea' id='block_1_2' title="bbox 159 366 1648 640">
    <p class='ocr_par' dir='ltr' id='par_1_2' title="bbox 159 366 1580 473">
     <span class='ocr_line' id='line_1_2' title="bbox 215 366 1575 418; baseline 0.001 -14"><span class='ocrx_word' id='word_1_11' title='bbox 215 371 256 404; x_wconf 85' lang='lat' dir='ltr'>ut</span> <span class='ocrx_word' id='word_1_12' title='bbox 287 377 417 404; x_wconf 86' lang='lat' dir='ltr'>canam</span> <span class='ocrx_word' id='word_1_13' title='bbox 452 366 627 404; x_wconf 77' lang='lat' dir='ltr'>fidelibus</span> <span class='ocrx_word' id='word_1_14' title='bbox 1009 368 1125 410; x_wconf 69' lang='lat' dir='ltr'>‚dixit</span> <span class='ocrx_word' id='word_1_15' title='bbox 1159 370 1251 418; x_wconf 82' lang='lat' dir='ltr'>ipse,</span> <span class='ocrx_word' id='word_1_16' title='bbox 1287 375 1323 404; x_wconf 77' lang='lat' dir='ltr'>et</span> <span class='ocrx_word' id='word_1_17' title='bbox 1356 367 1457 406; x_wconf 85' lang='lat' dir='ltr'>facta</span> <span class='ocrx_word' id='word_1_18' title='bbox 1488 373 1575 405; x_wconf 81' lang='lat' dir='ltr'>sunt</span> 
     </span>
     <span class='ocr_line' id='line_1_3' title="bbox 159 424 1580 473; baseline 0.001 -12"><span class='ocrx_word' id='word_1_19' title='bbox 159 424 280 461; x_wconf 86' lang='lat' dir='ltr'>Dulce</span> <span class='ocrx_word' id='word_1_20' title='bbox 311 434 461 460; x_wconf 89' lang='lat' dir='ltr'>carmen</span> <span class='ocrx_word' id='word_1_21' title='bbox 494 427 530 460; x_wconf 91' lang='lat' dir='ltr'>et</span> <span class='ocrx_word' id='word_1_22' title='bbox 561 424 764 473; x_wconf 82' lang='lat' dir='ltr'>melodum,</span> <span class='ocrx_word' id='word_1_23' title='bbox 973 425 1104 471; x_wconf 82' lang='lat' dir='ltr'>Terra,</span> <span class='ocrx_word' id='word_1_24' title='bbox 1138 425 1295 472; x_wconf 72' lang='lat' dir='ltr'>caelum,</span> <span class='ocrx_word' id='word_1_25' title='bbox 1330 424 1429 462; x_wconf 89' lang='lat' dir='ltr'>fossa</span> <span class='ocrx_word' id='word_1_26' title='bbox 1461 426 1580 473; x_wconf 85' lang='lat' dir='ltr'>ponti,</span> 
     </span>
    </p>

    <p class='ocr_par' dir='ltr' id='par_1_3' title="bbox 159 479 1648 585">
     <span class='ocr_line' id='line_1_4' title="bbox 215 479 1506 529; baseline 0.002 -13"><span class='ocrx_word' id='word_1_27' title='bbox 215 484 320 527; x_wconf 83' lang='lat' dir='ltr'>gesta</span> <span class='ocrx_word' id='word_1_28' title='bbox 351 479 491 518; x_wconf 85' lang='lat' dir='ltr'><strong>Christi</strong></span> <span class='ocrx_word' id='word_1_29' title='bbox 522 480 706 528; x_wconf 80' lang='lat' dir='ltr'>insignia3</span> <span class='ocrx_word' id='word_1_30' title='bbox 1030 481 1130 517; x_wconf 87' lang='lat' dir='ltr'>trina</span> <span class='ocrx_word' id='word_1_31' title='bbox 1163 493 1286 518; x_wconf 88' lang='lat' dir='ltr'>rerum</span> <span class='ocrx_word' id='word_1_32' title='bbox 1319 482 1506 529; x_wconf 75' lang='lat' dir='ltr'>machina,</span> 
     </span>
     <span class='ocr_line' id='line_1_5' title="bbox 159 537 1648 585; baseline 0.001 -11"><span class='ocrx_word' id='word_1_33' title='bbox 159 537 269 574; x_wconf 90' lang='lat' dir='ltr'>Hunc</span> <span class='ocrx_word' id='word_1_34' title='bbox 301 547 456 574; x_wconf 82' lang='lat' dir='ltr'>camena</span> <span class='ocrx_word' id='word_1_35' title='bbox 486 541 614 573; x_wconf 89' lang='lat' dir='ltr'>nostra</span> <span class='ocrx_word' id='word_1_36' title='bbox 644 537 762 574; x_wconf 90' lang='lat' dir='ltr'>solum</span> <span class='ocrx_word' id='word_1_37' title='bbox 973 538 1149 585; x_wconf 80' lang='lat' dir='ltr'>Quaeque</span> <span class='ocrx_word' id='word_1_38' title='bbox 1181 540 1217 574; x_wconf 91' lang='lat' dir='ltr'>in</span> <span class='ocrx_word' id='word_1_39' title='bbox 1250 539 1307 574; x_wconf 84' lang='lat' dir='ltr'>liis</span> <span class='ocrx_word' id='word_1_40' title='bbox 1332 539 1458 585; x_wconf 82' lang='lat' dir='ltr'>vigent</span> <span class='ocrx_word' id='word_1_41' title='bbox 1479 538 1548 576; x_wconf 90' lang='lat' dir='ltr'>sub</span> <span class='ocrx_word' id='word_1_42' title='bbox 1569 539 1648 576; x_wconf 85' lang='lat' dir='ltr'>alto</span> 
     </span>
    </p>

    <p class='ocr_par' dir='ltr' id='par_1_4' title="bbox 216 592 1487 640">
     <span class='ocr_line' id='line_1_6' title="bbox 216 592 1487 640; baseline 0.002 -10"><span class='ocrx_word' id='word_1_43' title='bbox 216 596 369 640; x_wconf 80' lang='lat' dir='ltr'>pangat,</span> <span class='ocrx_word' id='word_1_44' title='bbox 402 592 500 629; x_wconf 88' lang='lat' dir='ltr'>hunc</span> <span class='ocrx_word' id='word_1_45' title='bbox 530 593 660 630; x_wconf 90' lang='lat' dir='ltr'>laudet</span> <span class='ocrx_word' id='word_1_46' title='bbox 691 594 787 640; x_wconf 72' lang='lat' dir='ltr'>lyra.</span> <span class='ocrx_word' id='word_1_47' title='bbox 1032 594 1122 630; x_wconf 87' lang='lat' dir='ltr'>solis</span> <span class='ocrx_word' id='word_1_48' title='bbox 1153 601 1186 629; x_wconf 83' lang='lat' dir='ltr'>et</span> <span class='ocrx_word' id='word_1_49' title='bbox 1221 595 1331 631; x_wconf 82' lang='lat' dir='ltr'>lunae</span> <span class='ocrx_word' id='word_1_50' title='bbox 1363 595 1487 640; x_wconf 75' lang='lat' dir='ltr'>globo.</span> 
     </span>
    </p>
   </div>
   <div class='ocr_carea' id='block_1_3' title="bbox 94 717 1515 764">
    <p class='ocr_par' dir='ltr' id='par_1_5' title="bbox 94 717 1515 764">
     <span class='ocr_line' id='line_1_7' title="bbox 94 717 1515 764; baseline -0.001 -7"><span class='ocrx_word' id='word_1_51' title='bbox 94 720 135 757; x_wconf 86' lang='lat'>2.</span> <span class='ocrx_word' id='word_1_52' title='bbox 169 717 341 755; x_wconf 79' lang='lat' dir='ltr'>Christus</span> <span class='ocrx_word' id='word_1_53' title='bbox 359 721 428 764; x_wconf 89' lang='lat' dir='ltr'>est,</span> <span class='ocrx_word' id='word_1_54' title='bbox 446 727 554 763; x_wconf 91' lang='lat' dir='ltr'>quem</span> <span class='ocrx_word' id='word_1_55' title='bbox 573 728 639 754; x_wconf 83' lang='lat' dir='ltr'>rex</span> <span class='ocrx_word' id='word_1_56' title='bbox 657 718 836 755; x_wconf 82' lang='lat' dir='ltr'>sacerdos</span> <span class='ocrx_word' id='word_1_57' title='bbox 909 722 946 755; x_wconf 73' lang='lat' dir='ltr'>ti.</span> <span class='ocrx_word' id='word_1_58' title='bbox 981 719 1159 764; x_wconf 75' lang='lat' dir='ltr'>Corporis</span> <span class='ocrx_word' id='word_1_59' title='bbox 1192 718 1350 755; x_wconf 81' lang='lat' dir='ltr'>formam</span> <span class='ocrx_word' id='word_1_60' title='bbox 1383 720 1515 756; x_wconf 78' lang='lat' dir='ltr'>caduci</span> 
     </span>
    </p>
   </div>
   <div class='ocr_carea' id='block_1_4' title="bbox 87 772 1649 2028">
    <p class='ocr_par' dir='ltr' id='par_1_6' title="bbox 87 772 1649 2028">
     <span class='ocr_line' id='line_1_8' title="bbox 217 772 1535 820; baseline 0.002 -9"><span class='ocrx_word' id='word_1_61' title='bbox 217 772 437 811; x_wconf 83' lang='lat' dir='ltr'>adfuturum</span> <span class='ocrx_word' id='word_1_62' title='bbox 467 774 640 820; x_wconf 88' lang='lat' dir='ltr'>protinus</span> <span class='ocrx_word' id='word_1_63' title='bbox 1035 774 1203 812; x_wconf 82' lang='lat' dir='ltr'>membra</span> <span class='ocrx_word' id='word_1_64' title='bbox 1229 776 1340 812; x_wconf 90' lang='lat' dir='ltr'>morti</span> <span class='ocrx_word' id='word_1_65' title='bbox 1371 775 1535 813; x_wconf 85' lang='lat' dir='ltr'>obnoxia</span> 
     </span>
     <span class='ocr_line' id='line_1_9' title="bbox 164 828 1495 878; baseline 0 -10"><span class='ocrx_word' id='word_1_66' title='bbox 164 828 352 868; x_wconf 85' lang='lat' dir='ltr'>lnfulatus</span> <span class='ocrx_word' id='word_1_67' title='bbox 384 830 605 867; x_wconf 86' lang='lat' dir='ltr'>concinebat</span> <span class='ocrx_word' id='word_1_68' title='bbox 979 831 1119 877; x_wconf 82' lang='lat' dir='ltr'>Induit,</span> <span class='ocrx_word' id='word_1_69' title='bbox 1155 843 1200 867; x_wconf 86' lang='lat' dir='ltr'>ne</span> <span class='ocrx_word' id='word_1_70' title='bbox 1231 842 1322 877; x_wconf 74' lang='lat' dir='ltr'>gens</span> <span class='ocrx_word' id='word_1_71' title='bbox 1353 832 1495 878; x_wconf 84' lang='lat' dir='ltr'>periret</span> 
     </span>
     <span class='ocr_line' id='line_1_10' title="bbox 221 886 1564 937; baseline 0.001 -14"><span class='ocrx_word' id='word_1_72' title='bbox 221 897 323 935; x_wconf 80' lang='lat' dir='ltr'>voce,</span> <span class='ocrx_word' id='word_1_73' title='bbox 359 886 501 923; x_wconf 88' lang='lat' dir='ltr'>chorda</span> <span class='ocrx_word' id='word_1_74' title='bbox 533 892 570 923; x_wconf 86' lang='lat' dir='ltr'>et.</span> <span class='ocrx_word' id='word_1_75' title='bbox 603 895 796 934; x_wconf 83' lang='lat' dir='ltr'>tympano,</span> <span class='ocrx_word' id='word_1_76' title='bbox 1038 887 1278 934; x_wconf 84' lang='lat' dir='ltr'>primoplasti</span> <span class='ocrx_word' id='word_1_77' title='bbox 1309 898 1353 924; x_wconf 76' lang='lat' dir='ltr'>ex</span> <span class='ocrx_word' id='word_1_78' title='bbox 1386 889 1564 937; x_wconf 79' lang='lat' dir='ltr'>germine,</span> 
     </span>
     <span class='ocr_line' id='line_1_11' title="bbox 164 942 1622 991; baseline 0.001 -10"><span class='ocrx_word' id='word_1_79' title='bbox 164 943 348 990; x_wconf 86' lang='lat' dir='ltr'>Spiritum</span> <span class='ocrx_word' id='word_1_80' title='bbox 380 943 484 980; x_wconf 87' lang='lat' dir='ltr'>caelo</span> <span class='ocrx_word' id='word_1_81' title='bbox 514 942 731 980; x_wconf 89' lang='lat' dir='ltr'>influentem</span> <span class='ocrx_word' id='word_1_82' title='bbox 978 945 1167 981; x_wconf 80' lang='lat' dir='ltr'>Merserat</span> <span class='ocrx_word' id='word_1_83' title='bbox 1197 955 1306 991; x_wconf 84' lang='lat' dir='ltr'>quem</span> <span class='ocrx_word' id='word_1_84' title='bbox 1338 946 1399 981; x_wconf 80' lang='lat' dir='ltr'>lex</span> <span class='ocrx_word' id='word_1_85' title='bbox 1432 943 1622 991; x_wconf 87' lang='lat' dir='ltr'>profundo</span> 
     </span>
     <span class='ocr_line' id='line_1_12' title="bbox 218 999 1385 1046; baseline 0.003 -10"><span class='ocrx_word' id='word_1_86' title='bbox 218 1010 286 1046; x_wconf 88' lang='lat' dir='ltr'>per</span> <span class='ocrx_word' id='word_1_87' title='bbox 317 999 503 1036; x_wconf 78' lang='lat' dir='ltr'>medullas</span> <span class='ocrx_word' id='word_1_88' title='bbox 537 1000 724 1041; x_wconf 77' lang='lat' dir='ltr'>hauriens.</span> <span class='ocrx_word' id='word_1_89' title='bbox 1036 1001 1195 1038; x_wconf 80' lang='lat' dir='ltr'>noxialis</span> <span class='ocrx_word' id='word_1_90' title='bbox 1227 1006 1385 1040; x_wconf 82' lang='lat' dir='ltr'>tartare.</span> 
     </span>
     <span class='ocr_line' id='line_1_13' title="bbox 96 1123 1420 1172; baseline 0.002 -12"><span class='ocrx_word' id='word_1_91' title='bbox 96 1126 131 1164; x_wconf 82' lang='lat'>3.</span> <span class='ocrx_word' id='word_1_92' title='bbox 165 1123 284 1161; x_wconf 86' lang='lat' dir='ltr'>Facta</span> <span class='ocrx_word' id='word_1_93' title='bbox 312 1135 378 1161; x_wconf 90' lang='lat' dir='ltr'>nos</span> <span class='ocrx_word' id='word_1_94' title='bbox 410 1129 447 1160; x_wconf 86' lang='lat' dir='ltr'>et</span> <span class='ocrx_word' id='word_1_95' title='bbox 476 1124 550 1161; x_wconf 79' lang='lat' dir='ltr'>iam</span> <span class='ocrx_word' id='word_1_96' title='bbox 582 1125 744 1172; x_wconf 88' lang='lat' dir='ltr'>probata</span> <span class='ocrx_word' id='word_1_97' title='bbox 913 1127 948 1165; x_wconf 84' lang='lat'>7.</span> <span class='ocrx_word' id='word_1_98' title='bbox 982 1125 1011 1164; x_wconf 97' lang='grc' dir='ltr'><strong>Ο</strong></span> <span class='ocrx_word' id='word_1_99' title='bbox 1044 1125 1175 1162; x_wconf 82' lang='lat' dir='ltr'>beatus</span> <span class='ocrx_word' id='word_1_100' title='bbox 1207 1131 1312 1162; x_wconf 85' lang='lat' dir='ltr'>ortus</span> <span class='ocrx_word' id='word_1_101' title='bbox 1342 1126 1420 1171; x_wconf 67' lang='lat' dir='ltr'>illc,</span> 
     </span>
     <span class='ocr_line' id='line_1_14' title="bbox 221 1180 1477 1229; baseline 0.002 -13"><span class='ocrx_word' id='word_1_102' title='bbox 221 1180 418 1228; x_wconf 86' lang='lat' dir='ltr'>pangimus</span> <span class='ocrx_word' id='word_1_103' title='bbox 450 1181 646 1227; x_wconf 78' lang='lat' dir='ltr'>miracula,</span> <span class='ocrx_word' id='word_1_104' title='bbox 1037 1183 1143 1229; x_wconf 89' lang='lat' dir='ltr'>virgo</span> <span class='ocrx_word' id='word_1_105' title='bbox 1175 1193 1257 1219; x_wconf 87' lang='lat' dir='ltr'>cum</span> <span class='ocrx_word' id='word_1_106' title='bbox 1290 1192 1477 1229; x_wconf 88' lang='lat' dir='ltr'>puerpera</span> 
     </span>
     <span class='ocr_line' id='line_1_15' title="bbox 166 1237 1501 1286; baseline 0.001 -12"><span class='ocrx_word' id='word_1_107' title='bbox 166 1237 290 1274; x_wconf 89' lang='lat' dir='ltr'>Testis</span> <span class='ocrx_word' id='word_1_108' title='bbox 322 1242 380 1273; x_wconf 91' lang='lat' dir='ltr'>est</span> <span class='ocrx_word' id='word_1_109' title='bbox 410 1237 526 1286; x_wconf 89' lang='lat' dir='ltr'>orbis,</span> <span class='ocrx_word' id='word_1_110' title='bbox 558 1249 628 1275; x_wconf 90' lang='lat' dir='ltr'>nec</span> <span class='ocrx_word' id='word_1_111' title='bbox 658 1239 741 1286; x_wconf 87' lang='lat' dir='ltr'>ipsa</span> <span class='ocrx_word' id='word_1_112' title='bbox 979 1239 1114 1277; x_wconf 87' lang='lat' dir='ltr'>Edidit</span> <span class='ocrx_word' id='word_1_113' title='bbox 1145 1243 1312 1275; x_wconf 87' lang='lat' dir='ltr'>nostram</span> <span class='ocrx_word' id='word_1_114' title='bbox 1343 1239 1501 1276; x_wconf 87' lang='lat' dir='ltr'>salutem</span> 
     </span>
     <span class='ocr_line' id='line_1_16' title="bbox 219 1294 1453 1345; baseline 0.002 -15"><span class='ocrx_word' id='word_1_115' title='bbox 219 1298 336 1339; x_wconf 77' lang='lat' dir='ltr'>terra,</span> <span class='ocrx_word' id='word_1_116' title='bbox 369 1294 469 1340; x_wconf 92' lang='lat' dir='ltr'>quod</span> <span class='ocrx_word' id='word_1_117' title='bbox 501 1295 612 1344; x_wconf 86' lang='lat' dir='ltr'>vidit,</span> <span class='ocrx_word' id='word_1_118' title='bbox 643 1302 768 1342; x_wconf 75' lang='lat' dir='ltr'>negat,</span> <span class='ocrx_word' id='word_1_119' title='bbox 1034 1294 1112 1332; x_wconf 82' lang='lat' dir='ltr'>seta</span> <span class='ocrx_word' id='word_1_120' title='bbox 1143 1300 1273 1332; x_wconf 90' lang='lat' dir='ltr'>sancto</span> <span class='ocrx_word' id='word_1_121' title='bbox 1304 1296 1453 1345; x_wconf 86' lang='lat' dir='ltr'>spiritu,</span> 
     </span>
     <span class='ocr_line' id='line_1_17' title="bbox 161 1350 1562 1401; baseline 0.001 -15"><span class='ocrx_word' id='word_1_122' title='bbox 161 1350 376 1387; x_wconf 85' lang='lat' dir='ltr'>Comminus</span> <span class='ocrx_word' id='word_1_123' title='bbox 408 1350 527 1387; x_wconf 87' lang='lat' dir='ltr'>Deum</span> <span class='ocrx_word' id='word_1_124' title='bbox 562 1352 742 1389; x_wconf 85' lang='lat' dir='ltr'>docendis</span> <span class='ocrx_word' id='word_1_125' title='bbox 978 1352 1029 1389; x_wconf 87' lang='lat' dir='ltr'>Et</span> <span class='ocrx_word' id='word_1_126' title='bbox 1060 1362 1164 1401; x_wconf 83' lang='lat' dir='ltr'>puer,</span> <span class='ocrx_word' id='word_1_127' title='bbox 1198 1353 1417 1398; x_wconf 82' lang='lat' dir='ltr'>redemptor</span> <span class='ocrx_word' id='word_1_128' title='bbox 1447 1351 1562 1396; x_wconf 89' lang='lat' dir='ltr'>orbis,</span> 
     </span>
     <span class='ocr_line' id='line_1_18' title="bbox 218 1406 1471 1455; baseline 0.002 -13"><span class='ocrx_word' id='word_1_129' title='bbox 218 1406 408 1453; x_wconf 88' lang='lat' dir='ltr'>proditum</span> <span class='ocrx_word' id='word_1_130' title='bbox 441 1408 676 1445; x_wconf 84' lang='lat' dir='ltr'>mortalibus.</span> <span class='ocrx_word' id='word_1_131' title='bbox 1020 1420 1060 1445; x_wconf 93' lang='lat' dir='ltr'>os</span> <span class='ocrx_word' id='word_1_132' title='bbox 1092 1412 1279 1445; x_wconf 84' lang='lat' dir='ltr'>sacratum</span> <span class='ocrx_word' id='word_1_133' title='bbox 1312 1409 1471 1455; x_wconf 87' lang='lat' dir='ltr'>protulit</span> 
     </span>
     <span class='ocr_line' id='line_1_19' title="bbox 87 1531 1452 1581; baseline 0.001 -12"><span class='ocrx_word' id='word_1_134' title='bbox 87 1534 124 1570; x_wconf 90' lang='lat'>4.</span> <span class='ocrx_word' id='word_1_135' title='bbox 157 1531 280 1569; x_wconf 86' lang='lat' dir='ltr'>Corde</span> <span class='ocrx_word' id='word_1_136' title='bbox 310 1537 420 1569; x_wconf 89' lang='lat' dir='ltr'>natus</span> <span class='ocrx_word' id='word_1_137' title='bbox 451 1543 496 1568; x_wconf 84' lang='lat' dir='ltr'>ex</span> <span class='ocrx_word' id='word_1_138' title='bbox 527 1533 696 1578; x_wconf 88' lang='lat' dir='ltr'>parentis</span> <span class='ocrx_word' id='word_1_139' title='bbox 901 1535 938 1573; x_wconf 87' lang='lat'>8.</span> <span class='ocrx_word' id='word_1_140' title='bbox 972 1533 1117 1570; x_wconf 83' lang='lat' dir='ltr'>Psallat</span> <span class='ocrx_word' id='word_1_141' title='bbox 1149 1534 1313 1570; x_wconf 86' lang='lat' dir='ltr'>altitudo</span> <span class='ocrx_word' id='word_1_142' title='bbox 1345 1534 1452 1581; x_wconf 75' lang='lat' dir='ltr'>caeli,</span> 
     </span>
     <span class='ocr_line' id='line_1_20' title="bbox 212 1589 1521 1638; baseline 0.002 -14"><span class='ocrx_word' id='word_1_143' title='bbox 212 1593 299 1625; x_wconf 87' lang='lat' dir='ltr'>ante</span> <span class='ocrx_word' id='word_1_144' title='bbox 332 1589 463 1625; x_wconf 88' lang='lat' dir='ltr'>mundi</span> <span class='ocrx_word' id='word_1_145' title='bbox 493 1589 699 1636; x_wconf 88' lang='lat' dir='ltr'>exordium,</span> <span class='ocrx_word' id='word_1_146' title='bbox 1028 1591 1194 1636; x_wconf 85' lang='lat' dir='ltr'>psallant</span> <span class='ocrx_word' id='word_1_147' title='bbox 1225 1601 1353 1627; x_wconf 87' lang='lat' dir='ltr'>omnes</span> <span class='ocrx_word' id='word_1_148' title='bbox 1383 1591 1521 1638; x_wconf 85' lang='lat' dir='ltr'>angeli,</span> 
     </span>
     <span class='ocr_line' id='line_1_21' title="bbox 155 1645 1649 1694; baseline 0.002 -13"><span class='ocrx_word' id='word_1_149' title='bbox 155 1645 283 1691; x_wconf 89' lang='lat' dir='ltr'>Alpha</span> <span class='ocrx_word' id='word_1_150' title='bbox 312 1649 349 1681; x_wconf 88' lang='lat' dir='ltr'>et</span> <span class='ocrx_word' id='word_1_151' title='bbox 380 1657 414 1682; x_wconf 86' lang='grc' dir='ltr'>ω</span> <span class='ocrx_word' id='word_1_152' title='bbox 446 1647 741 1692; x_wconf 79' lang='lat' dir='ltr'>cognominatus,</span> <span class='ocrx_word' id='word_1_153' title='bbox 969 1647 1161 1694; x_wconf 81' lang='lat' dir='ltr'>Quidquid</span> <span class='ocrx_word' id='word_1_154' title='bbox 1202 1652 1259 1683; x_wconf 89' lang='lat' dir='ltr'>est</span> <span class='ocrx_word' id='word_1_155' title='bbox 1291 1647 1442 1684; x_wconf 88' lang='lat' dir='ltr'>virtutis</span> <span class='ocrx_word' id='word_1_156' title='bbox 1474 1657 1649 1693; x_wconf 78' lang='lat' dir='ltr'>usquam,</span> 
     </span>
     <span class='ocr_line' id='line_1_22' title="bbox 166 1700 1537 1752; baseline 0.002 -15"><span class='ocrx_word' id='word_1_157' title='bbox 166 1748 170 1752; x_wconf 17' lang='grc' dir='ltr'>ἱ</span> <span class='ocrx_word' id='word_1_158' title='bbox 211 1701 293 1748; x_wconf 86' lang='lat' dir='ltr'>ipse</span> <span class='ocrx_word' id='word_1_159' title='bbox 324 1700 407 1738; x_wconf 83' lang='lat' dir='ltr'>fons</span> <span class='ocrx_word' id='word_1_160' title='bbox 439 1706 475 1738; x_wconf 88' lang='lat' dir='ltr'>et</span> <span class='ocrx_word' id='word_1_161' title='bbox 506 1702 675 1740; x_wconf 86' lang='lat' dir='ltr'>clausula</span> <span class='ocrx_word' id='word_1_162' title='bbox 1030 1704 1170 1750; x_wconf 85' lang='lat' dir='ltr'>psallat</span> <span class='ocrx_word' id='word_1_163' title='bbox 1201 1704 1238 1740; x_wconf 92' lang='lat' dir='ltr'>in</span> <span class='ocrx_word' id='word_1_164' title='bbox 1269 1703 1420 1740; x_wconf 88' lang='lat' dir='ltr'>laudem</span> <span class='ocrx_word' id='word_1_165' title='bbox 1454 1704 1537 1751; x_wconf 89' lang='lat' dir='ltr'>Dei,</span> 
     </span>
     <span class='ocr_line' id='line_1_23' title="bbox 154 1757 1528 1809; baseline 0.001 -15"><span class='ocrx_word' id='word_1_166' title='bbox 154 1757 341 1803; x_wconf 80' lang='lat' dir='ltr'>Omnium,</span> <span class='ocrx_word' id='word_1_167' title='bbox 374 1768 470 1804; x_wconf 87' lang='lat' dir='ltr'>quae</span> <span class='ocrx_word' id='word_1_168' title='bbox 500 1764 598 1803; x_wconf 87' lang='lat' dir='ltr'>sunt,</span> <span class='ocrx_word' id='word_1_169' title='bbox 632 1758 785 1796; x_wconf 86' lang='lat' dir='ltr'>fuerunt</span> <span class='ocrx_word' id='word_1_170' title='bbox 973 1761 1088 1797; x_wconf 88' lang='lat' dir='ltr'>Nulla</span> <span class='ocrx_word' id='word_1_171' title='bbox 1119 1761 1331 1807; x_wconf 85' lang='lat' dir='ltr'>linguarum</span> <span class='ocrx_word' id='word_1_172' title='bbox 1364 1761 1528 1809; x_wconf 79' lang='lat' dir='ltr'>silescat,</span> 
     </span>
     <span class='ocr_line' id='line_1_24' title="bbox 213 1814 1544 1862; baseline 0.003 -11"><span class='ocrx_word' id='word_1_173' title='bbox 213 1825 381 1861; x_wconf 89' lang='lat' dir='ltr'>quaeque</span> <span class='ocrx_word' id='word_1_174' title='bbox 412 1820 498 1862; x_wconf 88' lang='lat' dir='ltr'>post</span> <span class='ocrx_word' id='word_1_175' title='bbox 529 1814 656 1853; x_wconf 88' lang='lat' dir='ltr'>futura</span> <span class='ocrx_word' id='word_1_176' title='bbox 687 1822 784 1855; x_wconf 88' lang='lat' dir='ltr'>sunt.</span> <span class='ocrx_word' id='word_1_177' title='bbox 1031 1828 1102 1854; x_wconf 85' lang='lat' dir='ltr'>vox</span> <span class='ocrx_word' id='word_1_178' title='bbox 1135 1822 1171 1853; x_wconf 89' lang='lat' dir='ltr'>et</span> <span class='ocrx_word' id='word_1_179' title='bbox 1201 1818 1321 1854; x_wconf 89' lang='lat' dir='ltr'>omnis</span> <span class='ocrx_word' id='word_1_180' title='bbox 1353 1823 1544 1855; x_wconf 83' lang='lat' dir='ltr'>consonet.</span> 
     </span>
     <span class='ocr_line' id='line_1_25' title="bbox 181 1938 1647 1979; baseline 0.001 -11"><span class='ocrx_word' id='word_1_181' title='bbox 181 1938 310 1979; x_wconf 79' lang='lat' dir='ltr'>Hymn.</span> <span class='ocrx_word' id='word_1_182' title='bbox 336 1949 397 1970; x_wconf 88' lang='lat' dir='ltr'>ms.</span> <span class='ocrx_word' id='word_1_183' title='bbox 424 1939 458 1971; x_wconf 82' lang='lat' dir='ltr'>S.</span> <span class='ocrx_word' id='word_1_184' title='bbox 483 1939 657 1971; x_wconf 81' lang='lat' dir='ltr'>Johannis</span> <span class='ocrx_word' id='word_1_185' title='bbox 684 1940 888 1972; x_wconf 82' lang='lat' dir='ltr'>Laudunen.</span> <span class='ocrx_word' id='word_1_186' title='bbox 914 1950 1003 1972; x_wconf 81' lang='lat' dir='ltr'>saec.</span> <span class='ocrx_word' id='word_1_187' title='bbox 1032 1938 1083 1972; x_wconf 88' lang='lat'>10.</span> <span class='ocrx_word' id='word_1_188' title='bbox 1126 1940 1207 1972; x_wconf 79' lang='lat' dir='ltr'>Cod.</span> <span class='ocrx_word' id='word_1_189' title='bbox 1234 1941 1381 1972; x_wconf 67' lang='lat' dir='ltr'>Beruen.</span> <span class='ocrx_word' id='word_1_190' title='bbox 1406 1939 1483 1972; x_wconf 77' lang='lat'>4:35.</span> <span class='ocrx_word' id='word_1_191' title='bbox 1511 1958 1549 1961; x_wconf 45' lang='lat'>⁴—</span> <span class='ocrx_word' id='word_1_192' title='bbox 1577 1938 1606 1978; x_wconf 86' lang='grc'>6,</span> <span class='ocrx_word' id='word_1_193' title='bbox 1627 1938 1647 1970; x_wconf 81' lang='grc'>2</span> 
     </span>
     <span class='ocr_line' id='line_1_26' title="bbox 92 1983 1647 2028; baseline 0.001 -14"><span class='ocrx_word' id='word_1_194' title='bbox 92 1983 228 2014; x_wconf 83' lang='lat' dir='ltr'>mortali</span> <span class='ocrx_word' id='word_1_195' title='bbox 261 1985 423 2016; x_wconf 79' lang='lat' dir='ltr'>obnoxia.</span> <span class='ocrx_word' id='word_1_196' title='bbox 455 2003 498 2006; x_wconf 86' lang='lat'><strong>—</strong></span> <span class='ocrx_word' id='word_1_197' title='bbox 523 1983 553 2025; x_wconf 84' lang='lat'>6,</span> <span class='ocrx_word' id='word_1_198' title='bbox 580 1983 601 2017; x_wconf 85' lang='lat'>5</span> <span class='ocrx_word' id='word_1_199' title='bbox 626 1995 740 2026; x_wconf 86' lang='lat' dir='ltr'>quam.</span> <span class='ocrx_word' id='word_1_200' title='bbox 766 2003 809 2007; x_wconf 90' lang='lat'><strong>—</strong></span> <span class='ocrx_word' id='word_1_201' title='bbox 834 1983 865 2025; x_wconf 88' lang='lat'>8,</span> <span class='ocrx_word' id='word_1_202' title='bbox 898 1983 919 2017; x_wconf 83' lang='lat'><em>2</em></span> <span class='ocrx_word' id='word_1_203' title='bbox 950 1986 1100 2028; x_wconf 82' lang='lat' dir='ltr'>psallite.</span> <span class='ocrx_word' id='word_1_204' title='bbox 1128 1986 1262 2017; x_wconf 89' lang='lat' dir='ltr'>Edit.—-</span> <span class='ocrx_word' id='word_1_205' title='bbox 1293 1987 1362 2017; x_wconf 90' lang='lat' dir='ltr'>Der</span> <span class='ocrx_word' id='word_1_206' title='bbox 1387 1986 1574 2017; x_wconf 79' lang='lat' dir='ltr'>Rundreim</span> <span class='ocrx_word' id='word_1_207' title='bbox 1603 1987 1647 2016; x_wconf 72' lang='lat' dir='ltr'>ist</span> 
     </span>
    </p>
   </div>
   <div class='ocr_carea' id='block_1_5' title="bbox 90 2028 780 2062">
    <p class='ocr_par' dir='ltr' id='par_1_7' title="bbox 90 2028 780 2062">
     <span class='ocr_line' id='line_1_27' title="bbox 90 2028 780 2062; baseline 0.003 -2"><span class='ocrx_word' id='word_1_208' title='bbox 90 2028 325 2061; x_wconf 83' lang='lat' dir='ltr'>selbstredend</span> <span class='ocrx_word' id='word_1_209' title='bbox 349 2030 446 2061; x_wconf 82' lang='lat' dir='ltr'>nicht</span> <span class='ocrx_word' id='word_1_210' title='bbox 468 2041 538 2062; x_wconf 89' lang='lat' dir='ltr'>von</span> <span class='ocrx_word' id='word_1_211' title='bbox 562 2030 780 2062; x_wconf 82' lang='lat' dir='ltr'>Prudentius.</span> 
     </span>
    </p>
   </div>
   <div class='ocr_carea' id='block_1_6' title="bbox 518 2209 1215 2252">
    <p class='ocr_par' dir='ltr' id='par_1_8' title="bbox 518 2209 1215 2252">
     <span class='ocr_line' id='line_1_28' title="bbox 518 2209 1215 2252; baseline 0.003 -9"><span class='ocrx_word' id='word_1_212' title='bbox 518 2209 575 2245; x_wconf 68' lang='lat'>28.</span> <span class='ocrx_word' id='word_1_213' title='bbox 612 2211 670 2252; x_wconf 85' lang='lat'>(7.)</span> <span class='ocrx_word' id='word_1_214' title='bbox 705 2210 751 2244; x_wconf 85' lang='lat' dir='ltr'>In</span> <span class='ocrx_word' id='word_1_215' title='bbox 777 2210 914 2245; x_wconf 85' lang='lat' dir='ltr'>Natali</span> <span class='ocrx_word' id='word_1_216' title='bbox 938 2211 1215 2246; x_wconf 84' lang='lat' dir='ltr'>Innocentum.</span> 
     </span>
    </p>
   </div>
   <div class='ocr_carea' id='block_1_7' title="bbox 88 2288 1645 2377">
    <p class='ocr_par' dir='ltr' id='par_1_9' title="bbox 88 2288 1645 2377">
     <span class='ocr_line' id='line_1_29' title="bbox 88 2288 1645 2334; baseline 0.001 -12"><span class='ocrx_word' id='word_1_217' title='bbox 88 2289 253 2326; x_wconf 74' lang='lat' dir='ltr'>(Cathena.</span> <span class='ocrx_word' id='word_1_218' title='bbox 271 2291 350 2331; x_wconf 84' lang='lat' dir='ltr'>XII,</span> <span class='ocrx_word' id='word_1_219' title='bbox 380 2288 572 2324; x_wconf 77' lang='lat'>125-1282</span> <span class='ocrx_word' id='word_1_220' title='bbox 603 2290 676 2327; x_wconf 78' lang='lat'>134,</span> <span class='ocrx_word' id='word_1_221' title='bbox 705 2289 779 2329; x_wconf 77' lang='grc'>129,</span> <span class='ocrx_word' id='word_1_222' title='bbox 807 2289 881 2330; x_wconf 89' lang='grc'>130,</span> <span class='ocrx_word' id='word_1_223' title='bbox 909 2290 984 2329; x_wconf 80' lang='grc'>132,</span> <span class='ocrx_word' id='word_1_224' title='bbox 1010 2290 1063 2329; x_wconf 82' lang='grc'>93,</span> <span class='ocrx_word' id='word_1_225' title='bbox 1089 2290 1143 2331; x_wconf 87' lang='grc'>94,</span> <span class='ocrx_word' id='word_1_226' title='bbox 1169 2291 1222 2329; x_wconf 86' lang='grc'>97,</span> <span class='ocrx_word' id='word_1_227' title='bbox 1244 2291 1317 2325; x_wconf 79' lang='grc'>101,</span> <span class='ocrx_word' id='word_1_228' title='bbox 1339 2290 1419 2324; x_wconf 82' lang='grc'>102;</span> <span class='ocrx_word' id='word_1_229' title='bbox 1452 2291 1645 2334; x_wconf 54' lang='lat' dir='ltr'>lin—1123</span> 
     </span>
     <span class='ocr_line' id='line_1_30' title="bbox 464 2334 1274 2377; baseline 0.001 -10"><span class='ocrx_word' id='word_1_230' title='bbox 464 2334 539 2375; x_wconf 86' lang='lat'>117,</span> <span class='ocrx_word' id='word_1_231' title='bbox 567 2335 641 2375; x_wconf 84' lang='lat'>114,</span> <span class='ocrx_word' id='word_1_232' title='bbox 671 2334 744 2375; x_wconf 84' lang='lat'>113,</span> <span class='ocrx_word' id='word_1_233' title='bbox 773 2335 850 2371; x_wconf 71' lang='lat'>115:</span> <span class='ocrx_word' id='word_1_234' title='bbox 880 2335 953 2375; x_wconf 85' lang='lat'>134,</span> <span class='ocrx_word' id='word_1_235' title='bbox 982 2336 1055 2374; x_wconf 77' lang='lat'>137,</span> <span class='ocrx_word' id='word_1_236' title='bbox 1083 2335 1160 2375; x_wconf 73' lang='lat'>138,</span> <span class='ocrx_word' id='word_1_237' title='bbox 1193 2336 1274 2377; x_wconf 78' lang='lat'>1:34).</span> 
     </span>
    </p>
   </div>
   <div class='ocr_carea' id='block_1_8' title="bbox 97 2449 1535 2668">
    <p class='ocr_par' dir='ltr' id='par_1_10' title="bbox 97 2449 1535 2668">
     <span class='ocr_line' id='line_1_31' title="bbox 97 2449 1469 2499; baseline 0.001 -13"><span class='ocrx_word' id='word_1_238' title='bbox 97 2450 130 2486; x_wconf 92' lang='lat'>1.</span> <span class='ocrx_word' id='word_1_239' title='bbox 163 2449 324 2497; x_wconf 86' lang='lat' dir='ltr'>Salvete,</span> <span class='ocrx_word' id='word_1_240' title='bbox 355 2450 468 2488; x_wconf 85' lang='lat' dir='ltr'>flores</span> <span class='ocrx_word' id='word_1_241' title='bbox 499 2455 720 2498; x_wconf 85' lang='lat' dir='ltr'>martyrum,</span> <span class='ocrx_word' id='word_1_242' title='bbox 903 2454 939 2490; x_wconf 82' lang='lat'>3.</span> <span class='ocrx_word' id='word_1_243' title='bbox 972 2452 1093 2489; x_wconf 83' lang='lat' dir='ltr'>Audit</span> <span class='ocrx_word' id='word_1_244' title='bbox 1123 2456 1305 2499; x_wconf 86' lang='lat' dir='ltr'>tyrannus</span> <span class='ocrx_word' id='word_1_245' title='bbox 1336 2453 1469 2489; x_wconf 84' lang='lat' dir='ltr'>anxius</span> 
     </span>
     <span class='ocr_line' id='line_1_32' title="bbox 163 2506 1535 2555; baseline -0.001 -12"><span class='ocrx_word' id='word_1_246' title='bbox 163 2506 262 2552; x_wconf 78' lang='lat' dir='ltr'>Quos</span> <span class='ocrx_word' id='word_1_247' title='bbox 292 2507 395 2544; x_wconf 90' lang='lat' dir='ltr'>lucis</span> <span class='ocrx_word' id='word_1_248' title='bbox 416 2507 499 2554; x_wconf 90' lang='lat' dir='ltr'>ipso</span> <span class='ocrx_word' id='word_1_249' title='bbox 529 2508 568 2544; x_wconf 91' lang='lat' dir='ltr'>in</span> <span class='ocrx_word' id='word_1_250' title='bbox 599 2508 727 2545; x_wconf 90' lang='lat' dir='ltr'>limine</span> <span class='ocrx_word' id='word_1_251' title='bbox 973 2509 1121 2546; x_wconf 90' lang='lat' dir='ltr'>Adesse</span> <span class='ocrx_word' id='word_1_252' title='bbox 1151 2519 1280 2555; x_wconf 85' lang='lat' dir='ltr'>regum</span> <span class='ocrx_word' id='word_1_253' title='bbox 1312 2508 1535 2555; x_wconf 85' lang='lat' dir='ltr'>principem.</span> 
     </span>
     <span class='ocr_line' id='line_1_33' title="bbox 165 2562 1514 2602; baseline 0.001 -2"><span class='ocrx_word' id='word_1_254' title='bbox 165 2562 304 2600; x_wconf 85' lang='lat' dir='ltr'>Christi</span> <span class='ocrx_word' id='word_1_255' title='bbox 334 2563 527 2601; x_wconf 85' lang='lat' dir='ltr'>insecutor</span> <span class='ocrx_word' id='word_1_256' title='bbox 557 2564 708 2602; x_wconf 86' lang='lat' dir='ltr'>sustulit</span> <span class='ocrx_word' id='word_1_257' title='bbox 974 2566 1177 2602; x_wconf 82' lang='lat' dir='ltr'>Exclamat</span> <span class='ocrx_word' id='word_1_258' title='bbox 1206 2576 1334 2602; x_wconf 88' lang='lat' dir='ltr'>amens</span> <span class='ocrx_word' id='word_1_259' title='bbox 1362 2564 1514 2602; x_wconf 81' lang='lat' dir='ltr'>nuntio:</span> 
     </span>
     <span class='ocr_line' id='line_1_34' title="bbox 163 2618 1528 2668; baseline 0.001 -13"><span class='ocrx_word' id='word_1_260' title='bbox 163 2618 212 2656; x_wconf 90' lang='lat' dir='ltr'>Ut</span> <span class='ocrx_word' id='word_1_261' title='bbox 244 2619 355 2657; x_wconf 89' lang='lat' dir='ltr'>turbo</span> <span class='ocrx_word' id='word_1_262' title='bbox 384 2618 561 2658; x_wconf 89' lang='lat' dir='ltr'>florentes</span> <span class='ocrx_word' id='word_1_263' title='bbox 592 2631 710 2659; x_wconf 88' lang='lat' dir='ltr'>rosas.</span> <span class='ocrx_word' id='word_1_264' title='bbox 975 2621 1149 2667; x_wconf 85' lang='lat' dir='ltr'>Ferrum,</span> <span class='ocrx_word' id='word_1_265' title='bbox 1181 2622 1347 2664; x_wconf 87' lang='lat' dir='ltr'>satelles,</span> <span class='ocrx_word' id='word_1_266' title='bbox 1379 2621 1528 2668; x_wconf 78' lang='lat' dir='ltr'>arripe!</span> 
     </span>
    </p>
   </div>
   <div class='ocr_carea' id='block_1_9' title="bbox 97 2743 1644 2953">
    <p class='ocr_par' dir='ltr' id='par_1_11' title="bbox 97 2743 1644 2953">
     <span class='ocr_line' id='line_1_35' title="bbox 97 2743 1560 2791; baseline 0.001 -11"><span class='ocrx_word' id='word_1_267' title='bbox 97 2743 136 2782; x_wconf 86' lang='lat'>2.</span> <span class='ocrx_word' id='word_1_268' title='bbox 164 2743 259 2788; x_wconf 82' lang='lat' dir='ltr'>Quid</span> <span class='ocrx_word' id='word_1_269' title='bbox 301 2744 442 2781; x_wconf 89' lang='lat' dir='ltr'>crimen</span> <span class='ocrx_word' id='word_1_270' title='bbox 474 2745 665 2781; x_wconf 82' lang='lat' dir='ltr'>Herodem</span> <span class='ocrx_word' id='word_1_271' title='bbox 702 2744 834 2782; x_wconf 78' lang='lat' dir='ltr'>iuvat?</span> <span class='ocrx_word' id='word_1_272' title='bbox 905 2749 943 2783; x_wconf 91' lang='lat'>4.</span> <span class='ocrx_word' id='word_1_273' title='bbox 977 2744 1061 2782; x_wconf 82' lang='lat' dir='ltr'>Mas</span> <span class='ocrx_word' id='word_1_274' title='bbox 1092 2747 1212 2782; x_wconf 89' lang='lat' dir='ltr'>omnis</span> <span class='ocrx_word' id='word_1_275' title='bbox 1243 2744 1368 2782; x_wconf 83' lang='lat' dir='ltr'>infans</span> <span class='ocrx_word' id='word_1_276' title='bbox 1399 2745 1560 2791; x_wconf 89' lang='lat' dir='ltr'>occidat,</span> 
     </span>
     <span class='ocr_line' id='line_1_36' title="bbox 165 2798 1520 2850; baseline 0.002 -15"><span class='ocrx_word' id='word_1_277' title='bbox 165 2798 238 2836; x_wconf 91' lang='lat' dir='ltr'>Vos</span> <span class='ocrx_word' id='word_1_278' title='bbox 269 2800 390 2846; x_wconf 88' lang='lat' dir='ltr'>prima</span> <span class='ocrx_word' id='word_1_279' title='bbox 421 2801 562 2840; x_wconf 87' lang='lat' dir='ltr'>Christi</span> <span class='ocrx_word' id='word_1_280' title='bbox 593 2801 758 2847; x_wconf 89' lang='lat' dir='ltr'>victima,</span> <span class='ocrx_word' id='word_1_281' title='bbox 975 2800 1154 2838; x_wconf 86' lang='lat' dir='ltr'>Scrutare</span> <span class='ocrx_word' id='word_1_282' title='bbox 1184 2802 1372 2838; x_wconf 87' lang='lat' dir='ltr'>nutricum</span> <span class='ocrx_word' id='word_1_283' title='bbox 1403 2802 1520 2850; x_wconf 89' lang='lat' dir='ltr'>sinus,</span> 
     </span>
     <span class='ocr_line' id='line_1_37' title="bbox 164 2854 1644 2904; baseline 0.001 -12"><span class='ocrx_word' id='word_1_284' title='bbox 164 2854 266 2892; x_wconf 80' lang='lat' dir='ltr'>Grex</span> <span class='ocrx_word' id='word_1_285' title='bbox 296 2856 574 2894; x_wconf 87' lang='lat' dir='ltr'>immolatorum</span> <span class='ocrx_word' id='word_1_286' title='bbox 607 2863 716 2894; x_wconf 83' lang='lat' dir='ltr'>tener</span> <span class='ocrx_word' id='word_1_287' title='bbox 976 2857 1097 2894; x_wconf 86' lang='lat' dir='ltr'>Fraus</span> <span class='ocrx_word' id='word_1_288' title='bbox 1129 2868 1175 2894; x_wconf 90' lang='lat' dir='ltr'>ne</span> <span class='ocrx_word' id='word_1_289' title='bbox 1202 2869 1275 2904; x_wconf 83' lang='lat' dir='ltr'>qua</span> <span class='ocrx_word' id='word_1_290' title='bbox 1297 2857 1426 2895; x_wconf 84' lang='lat' dir='ltr'>furtim</span> <span class='ocrx_word' id='word_1_291' title='bbox 1445 2858 1644 2896; x_wconf 84' lang='lat' dir='ltr'>subtrahat</span> 
     </span>
     <span class='ocr_line' id='line_1_38' title="bbox 166 2911 1464 2953; baseline 0.003 -5"><span class='ocrx_word' id='word_1_292' title='bbox 166 2911 295 2949; x_wconf 89' lang='lat' dir='ltr'>Palma</span> <span class='ocrx_word' id='word_1_293' title='bbox 324 2918 361 2949; x_wconf 37' lang='lat' dir='ltr'>et.</span> <span class='ocrx_word' id='word_1_294' title='bbox 393 2914 541 2951; x_wconf 87' lang='lat' dir='ltr'>coronis</span> <span class='ocrx_word' id='word_1_295' title='bbox 571 2914 718 2952; x_wconf 80' lang='lat' dir='ltr'>luditiS.</span> <span class='ocrx_word' id='word_1_296' title='bbox 979 2914 1125 2950; x_wconf 88' lang='lat' dir='ltr'>Prolem</span> <span class='ocrx_word' id='word_1_297' title='bbox 1158 2914 1277 2951; x_wconf 87' lang='lat' dir='ltr'>virilis</span> <span class='ocrx_word' id='word_1_298' title='bbox 1309 2915 1464 2953; x_wconf 77' lang='lat' dir='ltr'>indolis,</span> 
     </span>
    </p>
   </div>
  </div>
 </body>
</html>
