1914 3223
168 1085 233 1123 28.

167 2639 233 2677 30.

899 194 921 210 ⁸)

785 214 839 218 —
898 213 922 229 ,)

174 303 239 342 27.
272 298 356 344 Nos
387 305 538 352 scimus,
573 306 672 353 quod
698 319 771 344 non
795 307 908 345 aliter

276 360 438 399 Nostrae
469 373 602 409 preces
634 364 779 400 utiliter

328 419 551 456 Ascendunt
578 420 625 457 ad
649 424 698 467 te,
722 421 903 469 Domine,

273 474 471 513 Credimus
502 486 649 523 quoque
681 476 853 514 firmiter.

270 532 375 578 Quod
409 533 617 570 ascendunt
652 534 846 584 velociter,

329 588 367 625 Si
399 590 472 626 sint
506 590 586 627 sine
620 590 804 637 rubigine,

273 644 311 682 Si
344 645 585 683 lacrimarum
618 647 770 685 flumine

273 701 398 740 Corda
430 713 512 740 cum
545 704 783 750 plenitudine

327 759 520 797 Laventur
551 759 770 811 efficaciter,

270 815 320 852 Et
350 817 491 854 munda
519 828 623 855 mens
655 830 677 855 a
708 819 877 868 crimine,

269 873 323 912 Ut
354 874 411 911 vis
445 874 543 911 valet
575 875 612 911 in
645 876 808 923 homine,

326 930 380 968 Te
412 933 578 978 requirat
612 932 817 971 humiliter.

268 1081 552 1137 Dimittimus,
585 1086 616 1122 si
649 1087 818 1124 corditus

268 1141 422 1179 Cunctis
457 1143 637 1191 dieamus,
671 1143 820 1190 penitus

324 1199 406 1236 Hoc
438 1206 557 1237 totum
587 1201 687 1238 valet
709 1201 900 1249 supplere,

269 1255 309 1293 Si
341 1257 495 1303 spiritus
528 1258 749 1304 paraclitus,

266 1312 457 1354 Dexterae
491 1319 577 1351 tuae
609 1315 761 1362 digitus,

324 1371 387 1408 Ad
420 1370 492 1408 hoc
523 1372 613 1408 velit
644 1384 711 1408 nos
742 1372 899 1419 docer03

271 1425 360 1464 Sine
385 1427 469 1474 ipso
500 1440 690 1476 nunquam
724 1439 811 1465 vere

269 1483 431 1521 Iniurias
462 1485 659 1533 indulgere

327 1541 456 1579 Potest
487 1554 668 1590 arrogans
698 1543 868 1589 spiritus,

267 1597 365 1635 Nam
397 1598 508 1637 nimis
540 1601 699 1638 credens
732 1600 860 1637 valere

266 1655 327 1692 Ad
361 1656 510 1693 modum
544 1661 723 1694 cornutae
754 1655 858 1693 ferae

323 1713 524 1764 Monstrat,
537 1715 636 1761 quod
648 1714 924 1752 sitindomituS.

223 1893 230 1902 .
266 1862 549 1907 Debitoribus
580 1867 668 1905 ideo

266 1923 498 1971 Quandoque
529 1924 640 1962 nimis
673 1924 797 1961 ferreo

324 1980 448 2017 Corde
481 1981 546 2018 dat
577 1982 849 2029 indulgentiam

266 2035 426 2075 Dicens:
460 2039 553 2075 satis
585 2039 763 2087 indulgeo

266 2093 316 2130 Et
347 2095 439 2131 satis
470 2097 703 2142 supersedeo

319 2150 448 2198 Usque
479 2153 517 2189 in
549 2153 678 2191 horam
710 2153 845 2199 aliam3

267 2206 342 2244 Sed
374 2212 413 2245 tu
444 2209 542 2246 hanc
575 2208 883 2257 fraudulentiam,

266 2263 381 2314 Deus,
415 2277 605 2312 nunquam
637 2268 686 2304 ad
720 2267 865 2304 veniam

323 2322 520 2360 Convertis
553 2324 612 2360 vel
646 2324 712 2361 das
744 2335 813 2371 pro
841 2335 897 2373 eo,

265 2379 383 2416 Immo
415 2380 463 2416 ad
495 2381 729 2418 iracundiam

265 2435 319 2471 Te
350 2447 420 2482 per
447 2439 782 2484 aequipollentiam

323 2493 571 2531 Provocatum
605 2495 735 2532 reddis
767 2506 823 2534 eo,

266 2635 437 2681 Nostris
470 2641 586 2688 igitur
617 2643 805 2679 mentibus

265 2697 459 2735 Induratis
491 2703 529 2735 et
560 2699 717 2736 rudibus

319 2753 411 2792 Tria
441 2760 527 2792 sunt
558 2756 795 2794 necessaria:

263 2809 321 2846 De
353 2812 560 2849 commissis
592 2813 759 2850 reatibus

263 2867 388 2913 Atque
420 2869 681 2916 iniquitatibus

322 2924 465 2962 Crebra
499 2927 791 2976 reminiscentia,

994 730 1059 768 31.

985 2305 1007 2341 02

1015 2306 1048 2341 50

1093 309 1330 356 Frequenter
1362 310 1441 358 pati
1473 309 1598 348 tristia

1092 367 1182 403 Cum
1216 378 1337 413 poena
1369 373 1405 404 et
1436 368 1592 414 angaria

1148 424 1195 460 Et
1231 435 1312 460 cum
1345 424 1644 471 infirmitatibus,

1091 480 1221 517 Sancti
1255 481 1411 528 spiritus
1443 482 1566 531 gratia

1092 537 1148 573 De
1181 538 1276 574 cella
1307 539 1559 586 unguentaria

1149 593 1329 632 Fundens
1347 607 1512 633 amorem
1533 595 1724 634 cordibus.

1092 726 1148 769 Et
1180 731 1266 767 ideo
1298 735 1334 768 te
1364 737 1398 768 et
1432 733 1552 781 illum,

1091 788 1161 833 Qui
1194 788 1427 826 rubricatum
1461 790 1639 827 vexillum

1147 844 1254 882 Gerit
1287 850 1323 882 et
1355 857 1459 884 arma
1491 846 1619 896 rubea,

1090 901 1161 947 Qui
1194 913 1295 938 mare
1329 901 1419 939 fecit
1451 904 1696 950 tranquillum

1089 958 1140 995 Et
1170 963 1339 996 nostrum
1373 964 1500 1007 portat
1531 961 1695 1008 sigillum

1146 1015 1356 1053 Exaratum
1387 1029 1407 1054 a
1439 1018 1584 1067 lancea,

1088 1072 1158 1117 Qui
1189 1079 1294 1110 veste
1326 1078 1447 1111 tectus
1479 1076 1577 1113 lutea

1088 1130 1130 1166 In
1163 1141 1230 1167 sua
1261 1131 1399 1168 stravit
1429 1143 1518 1170 area

1144 1185 1337 1225 Infernale
1368 1189 1627 1240 crocodillum,

1090 1244 1270 1292 Petimus,
1303 1250 1344 1282 ut
1376 1246 1430 1282 sic
1463 1246 1586 1284 ferrea

1087 1301 1213 1338 Corda
1244 1300 1462 1349 frangamus
1494 1314 1562 1350 per
1593 1315 1649 1352 ea,

1144 1361 1248 1404 Quae
1283 1364 1371 1396 sunt
1402 1365 1599 1407 praetacta
1629 1373 1721 1409 pau-

1451 1417 1598 1456 xillum.

1045 1572 1053 1579 .
1087 1537 1145 1580 Ne
1179 1551 1257 1581 nos
1289 1538 1471 1582 inducas
1503 1544 1617 1581 etiam

1087 1599 1129 1635 In
1163 1597 1338 1635 festinam
1371 1601 1608 1645 sententiam,

1143 1657 1239 1702 Quia
1271 1657 1344 1693 cito
1373 1657 1594 1707 periremus,

1088 1712 1278 1759 Exspecta
1309 1724 1376 1750 nos
1408 1724 1477 1760 per
1506 1715 1666 1761 gratiam

1082 1769 1134 1806 Et
1164 1781 1233 1816 per
1264 1774 1366 1807 tuam
1398 1771 1635 1810 clementiam

1138 1826 1187 1863 Et
1221 1826 1351 1878 differ,
1383 1832 1422 1864 ut
1456 1830 1719 1880 emendemus3

1083 1884 1127 1920 In
1158 1885 1299 1921 mundo
1331 1884 1426 1921 nihil
1458 1885 1639 1923 habemus

1086 1940 1182 1987 Nisi,
1215 1946 1256 1977 ut
1286 1946 1432 1978 nosmet
1461 1948 1633 1989 aptemus

1141 1998 1204 2034 Ad
1235 1998 1452 2035 intrandum
1487 2000 1525 2036 in
1547 2001 1718 2046 gloriam,

1085 2053 1160 2091 Sed
1193 2065 1303 2103 caro,
1335 2055 1373 2092 in
1405 2066 1479 2102 qua
1510 2068 1715 2101 manemus,

1084 2111 1163 2147 Nos
1197 2112 1313 2160 ducit,
1346 2117 1388 2148 ut
1419 2114 1623 2163 deviemus,

1143 2168 1218 2205 Per
1248 2168 1346 2205 viam
1378 2170 1490 2206 nimis
1522 2171 1675 2210 inviam.

1082 2301 1130 2343 ln
1163 2302 1496 2359 temptationem
1528 2307 1601 2344 ruit

1084 2361 1134 2398 Et
1166 2362 1308 2399 labitur
1338 2367 1450 2409 atque
1481 2362 1577 2411 fluit,

1138 2418 1246 2456 Licet
1277 2420 1385 2467 longe
1409 2421 1457 2456 sit
1484 2424 1716 2470 temptator3

1084 2475 1282 2522 Nunquam
1298 2474 1401 2522 facit,
1418 2478 1517 2524 quod
1532 2479 1715 2526 congruit,

1083 2532 1159 2569 Sed
1192 2532 1327 2570 bonum
1362 2544 1471 2570 omne
1504 2535 1678 2584 destruit,

1139 2590 1246 2636 Quod
1283 2591 1467 2627 construit
1498 2591 1714 2640 habitator:

1083 2645 1198 2692 Deus,
1231 2647 1394 2684 omnium
1427 2652 1587 2696 creator,

1083 2702 1139 2739 Tu
1170 2714 1239 2749 pro
1272 2703 1378 2740 nobis
1409 2705 1460 2740 sis
1492 2709 1692 2753 pugnator,

1141 2759 1245 2797 Sicut
1276 2765 1404 2797 nostra
1436 2772 1522 2807 spes
1553 2763 1688 2812 arguit,

1082 2815 1131 2851 Et
1165 2817 1289 2854 carnis
1321 2817 1371 2854 sis
1403 2819 1458 2854 sic
1491 2818 1675 2866 domator,

1084 2872 1135 2909 L't
1167 2873 1245 2910 cius
1277 2874 1325 2910 sit
1358 2874 1612 2921 triumphator

1139 2929 1315 2980 Spiritus,
1348 2931 1411 2978 qui
1444 2932 1654 2971 succubuit.
