2031 3289
987 155 1290 195 —448—

676 271 714 308 2.
747 269 943 316 Ingressus
973 269 1035 305 hic
1064 268 1213 305 nuntiat
1241 279 1418 306 amoena:

746 326 844 372 Ave,
875 325 1010 372 inquit,
1040 325 1163 372 gratia
1192 329 1232 361 tu
1262 325 1386 373 plena,

744 381 867 418 Heres
897 387 1019 418 tecum
1048 386 1187 429 manet,
1219 381 1320 417 vitae
1351 391 1456 425 vena,

746 438 850 474 Inter
879 448 1008 474 omnes
1037 436 1195 473 feminas
1226 447 1372 475 serena.

677 523 716 561 3.
747 521 862 560 Cuius
892 521 928 558 in
962 531 1133 558 sermone
1164 521 1255 558 haec
1286 521 1440 559 turbata

747 577 958 624 Cogitabat,
991 588 1057 614 cur
1086 578 1140 613 sic
1171 577 1220 613 sit
1249 577 1403 624 adfata;

747 634 879 680 Stupet
912 635 1029 682 virgo,
1062 634 1161 680 quod
1192 634 1240 670 sit
1271 634 1434 670 salutata

749 691 851 727 Voce
882 690 985 736 prius
1015 701 1202 736 nunquam
1231 690 1383 729 usitata.

679 777 717 814 4.
750 774 809 811 Ne
838 775 983 815 timeas,
1016 774 1150 822 inquit,
1181 785 1203 810 0
1233 774 1370 823 Maria,

748 831 930 868 Dominus
962 842 1046 867 nam
1078 836 1200 867 tecum
1231 835 1367 879 exstat,
1401 830 1475 878 dia,

748 887 936 924 Altissimi
966 886 1083 924 filium
1115 892 1154 923 tu
1185 887 1271 933 quia

750 943 902 990 Gignes.
962 945 1113 992 Precor,
1149 942 1246 989 veni,
1278 954 1300 980 o
1331 942 1485 981 Messia.

681 1031 717 1066 5.
750 1028 956 1075 Quomodo,
987 1028 1110 1075 legate
1138 1038 1374 1075 arcanorum,

750 1085 900 1122 Pariam
930 1085 1029 1121 hunc
1060 1094 1183 1131 regem
1215 1083 1461 1130 angelorum?

750 1140 927 1189 Coniugis
957 1152 1042 1177 nam
1073 1151 1262 1187 nunquam
1291 1140 1378 1177 novi
1409 1141 1572 1190 thorum,

749 1197 897 1244 Virgini
928 1197 999 1234 hoc
1025 1201 1151 1233 manet
1179 1197 1413 1234 indecorum.

681 1284 719 1322 6.
750 1283 884 1320 Almus
916 1283 1037 1319 sancti
1067 1282 1222 1328 spiritus
1254 1281 1397 1329 radius,

749 1339 878 1386 Virgo,
910 1343 993 1375 tuos
1024 1338 1264 1376 obumbrabit
1294 1339 1411 1385 sinus,

749 1395 809 1432 Ex
841 1400 878 1432 te
910 1395 1008 1431 enim
1039 1395 1139 1432 exiet
1168 1395 1317 1431 divinus

748 1452 809 1488 Ab
840 1455 993 1489 aeterno
1024 1452 1170 1498 genitus
1201 1450 1313 1490 filius,

683 1538 718 1575 7.
750 1536 863 1583 Ecce,
897 1536 969 1573 Dei
999 1536 1150 1573 humilis
1181 1536 1330 1581 ancilla,

748 1593 835 1630 Fiat
865 1593 1033 1638 verbum,
1066 1593 1165 1639 quod
1198 1593 1304 1641 dicis,
1338 1592 1375 1629 in
1406 1592 1486 1640 illa,

5 1629 37 1712 ’,ἶ
748 1650 793 1687 In
824 1660 883 1686 me
913 1650 1050 1686 sistunt
1081 1655 1186 1686 vates
1217 1654 1254 1685 et
1285 1649 1444 1696 Sybilla,

0 1704 12 1778 ’,Α
751 1706 824 1742 Per
853 1716 913 1742 me
943 1711 1027 1743 ruat
1056 1706 1161 1743 Evae
1190 1706 1292 1742 necis
1323 1706 1439 1743 stilla.

681 1793 715 1830 8.
749 1792 958 1829 Laetentur
988 1791 1226 1828 christicolae
1256 1791 1370 1827 soluti

748 1847 958 1886 Pharaonis
989 1847 1148 1884 vinculis
1179 1847 1332 1896 versuti,

749 1904 881 1941 Liberi
913 1905 1127 1941 deserviant
1160 1904 1302 1945 virtuti.

746 1961 884 1997 Mundi
914 1971 1072 2007 pompas
1102 1961 1290 1998 calcantes
1319 1960 1469 2007 polluti.

456 2038 528 2069 Fol.
565 2035 627 2069 156
647 2048 677 2069 a.
726 2038 790 2069 Am
816 2038 954 2070 Raude:
991 2039 1063 2079 „De
1095 2036 1402 2077 annuntiatione“;
1436 2038 1551 2069 hinter
1575 2038 1650 2070 dem
1676 2037 1798 2070 Liede:
1833 2035 1924 2079 „Ex-

364 2083 511 2125 pliciunt
535 2084 751 2122 cantilenae,
779 2083 905 2124 quibus
931 2085 1058 2125 poterit
1082 2087 1160 2126 quis
1186 2094 1246 2125 pro
1273 2084 1490 2115 orationibus
1517 2082 1599 2114 uti.“
1627 2101 1670 2104 —
1696 2083 1762 2116 Str.
1789 2080 1810 2114 8
1832 2081 1925 2126 steht

365 2128 417 2160 als
443 2129 618 2170 Repetitio
642 2127 856 2168 (Rundreim)
882 2129 998 2160 hinter
1022 2129 1169 2171 Strophe
1194 2127 1224 2160 2.
1255 2146 1296 2150 —
1322 2129 1399 2171 Vgl.
1425 2129 1525 2160 Anal.
1551 2130 1577 2166 Ι,
1606 2126 1669 2160 123
1695 2139 1745 2170 sq.

0 2314 16 2370 Σ
1010 2284 1273 2327 Orationes.

32 2369 35 2374 '
807 2380 888 2416 423.
924 2380 1005 2422 (35.)
1039 2381 1097 2416 ne
1123 2380 1272 2417 Sancto
1300 2379 1470 2425 Spiritu.

382 2468 417 2506 1.
448 2469 543 2518 Ave,
576 2479 684 2506 sacer
714 2469 883 2515 spirituS,
1197 2471 1234 2507 2.
1266 2470 1361 2513 Ave,
1395 2469 1528 2506 doctor
1554 2469 1706 2519 optime,

506 2524 649 2562 Lumen
681 2526 805 2563 cordis
837 2526 919 2570 mei,
1320 2526 1536 2562 Illustrator
1566 2525 1657 2574 veri,

449 2581 519 2627 Qui
550 2582 696 2619 vocaris
730 2582 869 2629 digitus
1263 2582 1343 2619 Tuo
1375 2582 1476 2619 claro
1507 2581 1638 2619 iubare

506 2638 644 2675 Manus
675 2639 832 2676 dextrae
863 2638 947 2686 Dei,
1320 2638 1398 2675 Nos
1429 2638 1515 2675 iube
1545 2638 1698 2688 repleri,

450 2695 575 2732 Patris
605 2700 717 2741 atque
747 2694 829 2745 filii,
1261 2695 1313 2733 Ut
1343 2699 1427 2741 post
1455 2698 1518 2732 tua
1548 2705 1704 2732 munera

505 2751 690 2788 Miserere
721 2751 805 2799 mei,
1319 2752 1509 2789 Possimus
1540 2749 1653 2788 fateri

449 2807 656 2845 Amborum
689 2808 884 2857 connexio,
1263 2808 1345 2845 Tua
1374 2818 1523 2854 semper
1552 2808 1679 2846 munia

506 2863 636 2902 Robur
665 2869 816 2902 nostrae
846 2864 937 2911 spei.
1321 2864 1364 2901 In
1396 2867 1598 2911 conspectu
1629 2863 1734 2903 cleri.
