1914 3223
83 2172 145 2210 10.

83 2437 148 2477 11.

696 177 750 182 --
812 155 886 196 101
949 178 1004 182 -—

143 296 151 304 .
186 267 350 306 Prima
380 271 584 305 creator
622 269 818 306 saeculi

187 324 261 361 Die
292 324 469 362 tenebras
501 324 667 372 effugans

186 380 307 427 Aquis
338 381 463 418 adhuc
493 380 754 418 absconditum

187 437 390 484 Lampavit
420 437 550 474 orbem
581 438 734 476 lumine.

150 569 157 576 .
191 538 304 576 Lucis
335 538 448 576 beata
477 539 625 586 gaudiis

188 595 324 632 Mundi
355 595 519 642 replevit
548 596 690 633 incolas

181 652 319 688 Aetate
349 663 435 689 mox
465 652 674 690 altissimus

183 708 348 746 Prima
380 712 581 746 creator
602 709 811 747 saeculi.

182 811 402 848 Locatur
431 811 569 848 inter
600 811 810 848 caerula

179 867 251 905 Die
281 867 446 905 secunda
477 868 662 905 maximus

184 924 265 962 Poli
295 924 440 971 globus,
475 924 670 971 divisaque
701 928 757 961 est

181 981 379 1027 Utrimque
409 981 564 1028 lympha
594 980 734 1019 labilis.

141 1113 149 1121 .
182 1082 308 1121 Primo
339 1082 527 1120 secundae
558 1087 729 1129 tempore

181 1139 329 1176 Aetatis
361 1150 449 1176 arca
479 1140 641 1186 mystica

183 1196 283 1233 Hinc
313 1196 403 1233 inde
433 1196 696 1233 concurrentia

180 1252 404 1290 Locatur
431 1252 568 1289 inter
591 1253 808 1291 caerula.

140 1355 406 1392 ‚Lucente
436 1355 598 1392 saecli
629 1354 791 1392 tertia

178 1411 250 1448 Die
280 1410 399 1448 fluens
429 1411 498 1448 sub
529 1412 683 1448 aethere

185 1467 357 1514 Abyssus
389 1468 466 1505 alta
493 1467 677 1517 subsidet,

180 1524 391 1571 Virensque
422 1528 531 1571 paret
562 1525 682 1563 arida.

138 1657 144 1664 .
177 1626 333 1664 Electra
364 1627 490 1674 proles
520 1626 700 1664 Abrahae

179 1683 238 1721 De
268 1683 501 1730 perfidorum
533 1683 710 1720 fluctibus

179 1741 318 1778 Aetate
347 1739 487 1777 florens
515 1741 651 1777 claruit

179 1798 404 1834 Lucente
440 1797 602 1834 saecli
633 1797 805 1835 tertia.

177 1901 353 1946 Quarta
388 1898 522 1936 iubar
552 1898 811 1936 sublimium

179 1955 250 1993 Die
285 1955 471 1992 emicabat
502 1956 681 2006 siderum,

180 2013 267 2050 Solo
298 2013 459 2059 poloque
490 2012 674 2059 fulgidam

179 2069 292 2106 Lucis
326 2070 501 2107 daturum
532 2070 705 2116 gratiam.

178 2170 356 2208 Hebraea
386 2181 477 2218 gens
509 2171 696 2208 Davidico

177 2228 309 2275 Regno
340 2226 490 2264 refulsit
520 2227 652 2264 inclita

177 2285 315 2321 Aetate
347 2285 519 2331 pandens
550 2289 700 2321 actuum

179 2341 351 2387 Quarta
379 2341 512 2378 iubar
533 2341 808 2381 sublimium.

181 2437 350 2475 Novum
368 2448 506 2485 genus
523 2438 824 2485 progignitur

179 2494 316 2540 Quinta
349 2495 409 2531 die
442 2495 488 2531 de
519 2495 687 2541 limpidis

179 2550 351 2588 Nascens
382 2551 488 2598 aquis
517 2552 728 2588 natantium

180 2608 470 2654 Volantiumque
501 2607 569 2644 sub
601 2607 700 2654 polo.

142 2733 150 2742 .
181 2704 318 2741 Aetate
349 2704 480 2751 quinta
510 2705 548 2741 in
577 2703 747 2742 Chaldea

180 2761 341 2798 Poenam
372 2761 498 2798 luente
528 2760 646 2797 Iudea

180 2816 367 2854 Fidelium
403 2818 449 2854 de
482 2816 640 2864 perfidis

179 2873 351 2911 Novum
373 2885 516 2922 genus
534 2873 842 2920 progignitur.

908 270 976 308 13.-

906 541 970 578 14.

899 813 963 851 15.

901 1084 966 1124 16.

898 1355 962 1393 17.

900 1628 963 1667 18.

902 1900 965 1938 19.

896 2172 961 2210 20.

898 2440 964 2476 21.

1004 270 1139 308 Sexta
1174 273 1358 309 ,creatus
1397 274 1465 306 est
1504 269 1631 307 homo

1003 326 1085 374 Die,
1119 326 1301 363 creatoris
1332 325 1388 363 sui

1003 383 1206 430 Imaginem
1239 383 1301 429 qui
1333 381 1554 429 praeferens

1002 438 1159 486 Semper
1189 439 1321 476 beatus
1353 439 1509 477 viveret.

1003 539 1175 577 Summus
1207 544 1355 577 creator
1386 541 1562 586 omnium,

1002 598 1076 634 Per
1106 607 1213 643 quem
1248 602 1397 634 creatus
1429 602 1483 634 est
1506 597 1628 644 homo,

1000 654 1138 690 Aetate
1170 653 1268 690 tilius
1299 654 1368 691 Dei

999 710 1152 747 Sexta
1181 715 1361 747 creatus
1391 709 1629 748 esthemo.

997 811 1334 850 obdormiente
1377 811 1631 858 splendida

994 868 1212 905 Plasmatur
1243 868 1352 905 Adae
1385 867 1535 912 femina,

996 925 1046 963 Os
1076 924 1179 962 illius
1210 935 1255 961 ex
1288 924 1449 970 ossibus,

991 981 1049 1018 De
1081 992 1193 1018 carne
1225 991 1377 1019 carnem
1409 981 1597 1021 obtinens.

1000 1083 1057 1120 De
1091 1093 1205 1120 carne
1236 1083 1386 1121 Christo
1418 1083 1576 1130 propria

995 1140 1046 1177 Et
1078 1139 1270 1187 sanguinis
1301 1140 1481 1187 mysterio

996 1198 1074 1234 Iam
1105 1207 1244 1244 sponsa
1266 1201 1355 1233 nata
1379 1200 1435 1233 est
1456 1197 1492 1233 in
1516 1207 1630 1234 cruce

995 1252 1330 1291 Obdormiente
1358 1253 1628 1300 splendida.

996 1355 1108 1392 Post
1130 1354 1173 1391 fa
1187 1358 1259 1391 cta
1279 1354 1403 1391 celsa
1419 1354 1631 1392 conditor

996 1411 1068 1448 Die
1098 1411 1296 1458 quiescens
1327 1411 1488 1457 septima

995 1468 1089 1505 Eam
1122 1468 1248 1505 vocari
1279 1467 1317 1504 in
1351 1468 1503 1505 saecula

996 1524 1047 1561 Et
1078 1535 1160 1561 esse
1190 1524 1301 1561 iussit
1331 1524 1543 1563 sabbatum.

998 1627 1115 1664 Aetas
1146 1627 1282 1673 quietis
1313 1627 1475 1674 septima

996 1685 1100 1722 Bene
1133 1681 1332 1720 defunctos
1364 1683 1518 1730 excipit,

997 1741 1078 1786 Qua
1109 1740 1323 1777 sabbatizat
1356 1751 1438 1777 cum
1470 1740 1547 1777 suis

993 1795 1242 1834 Postfacta
1259 1798 1385 1834 celsa
1402 1796 1628 1834 conditor.

1000 1899 1142 1937 Octava
1173 1902 1292 1935 restat
1325 1898 1462 1935 ceteris

997 1955 1199 1993 Aetatibus
1231 1955 1441 2004 sublimior,

997 2012 1089 2050 Cum
1123 2012 1263 2051 mortui
1296 2012 1342 2048 de
1373 2012 1535 2059 pristino

995 2069 1138 2106 Terrae
1170 2072 1368 2115 resurgent
1398 2078 1548 2115 aggere.

992 2171 1220 2217 Vultumque
1253 2170 1396 2208 Christi
1436 2170 1628 2217 perpetim

996 2227 1090 2265 Iusti
1123 2231 1277 2264 cernent
1308 2226 1508 2264 amabilem

995 2285 1192 2331 Eruntque
1224 2284 1321 2320 sicut
1351 2284 1473 2331 angeli

995 2341 1161 2379 Caelesti
1193 2341 1230 2377 in
1263 2350 1351 2377 arce
1382 2338 1530 2387 fulgidi.

998 2438 1106 2474 Hanc
1136 2437 1185 2474 ad
1216 2447 1255 2474 se
1286 2437 1387 2474 vitae
1418 2437 1590 2476 semitam

994 2494 1171 2533 Ostendit
1202 2494 1284 2542 ipse
1315 2493 1492 2542 praevius

993 2551 1050 2588 De
1082 2555 1202 2588 matre
1233 2554 1343 2587 natus
1375 2550 1522 2598 virgine

994 2607 1096 2644 Deus
1128 2607 1274 2653 Deique
1305 2606 1416 2646 filius.

899 2710 906 2721 ⁴
957 2734 965 2742 .
999 2704 1094 2741 Nam
1114 2707 1233 2740 morte
1250 2708 1409 2740 mortem
1428 2703 1626 2740 destruens

998 2761 1115 2798 Sexta
1145 2760 1293 2807 subegit
1325 2759 1488 2810 sabbati,

998 2816 1148 2863 Quievit
1179 2821 1213 2853 et
1245 2818 1283 2853 in
1314 2816 1472 2854 sabbato

999 2874 1041 2910 lu
1073 2873 1187 2910 corde
1217 2878 1343 2911 terrae
1374 2873 1561 2914 conditus,
