2031 3289
895 200 1203 241 —488—

394 317 430 353 3.
477 315 507 353 O
539 325 645 351 mons
677 314 826 352 clausae
855 314 1004 361 mentis,
1035 318 1076 352 tu
1107 314 1259 351 assidue
1280 315 1478 362 pulchram
1500 313 1634 352 faciem
1656 315 1840 361 aperuisti

277 373 315 409 in
347 371 501 418 speculo
531 370 741 408 columbae.

390 430 428 467 4.
475 427 532 464 Tu
552 427 591 464 in
613 427 798 464 absconso
818 426 975 476 latuisti,
1006 426 1216 463 inebriatus
1238 426 1356 463 odore
1376 424 1522 476 florum,
1555 437 1625 473 per
1651 427 1837 464 cancellos

276 488 492 521 sanctorum
523 483 687 520 emicans
717 483 813 522 Deo,
1677 479 1682 483 ’

391 543 428 579 5.
475 540 506 578 Ο
538 539 685 576 culmen
715 539 753 575 in
785 538 955 577 clavibus
987 538 1096 586 caeli,
1129 538 1229 585 quod
1260 542 1420 585 propter
1449 538 1690 586 perspicuam
1720 538 1837 576 vitam

275 597 456 633 mundum
487 595 709 641 vendidisti,
741 595 812 632 hoc
843 598 1057 638 certamen,
1100 595 1198 632 alme
1229 592 1443 643 confessor,
1476 605 1625 641 semper
1654 594 1771 633 habes
1799 595 1839 632 in

276 653 451 692 Domino.

392 711 429 747 6.
476 709 522 746 In
561 711 627 745 tua
667 707 766 744 enim
806 710 932 743 mente
972 704 1056 743 fons
1097 706 1204 744 vivus
1245 706 1459 744 clarissima
1500 706 1584 743 luce
1614 706 1840 753 purissimos

279 765 421 802 rivulos
452 765 584 802 eduxit
615 774 685 810 per
714 763 811 800 viam
845 763 989 801 salutis.

393 823 428 860 7.
475 821 534 858 Tu
578 831 715 867 magna
758 819 875 856 turris
914 822 1002 856 ante
1042 819 1163 856 altare
1204 819 1339 856 summi
1381 818 1454 856 Dei
1494 822 1530 855 et
1571 819 1680 856 huius
1721 819 1840 856 turris

276 878 423 915 culmen
455 876 691 915 obumbrasti
722 886 792 923 per
823 874 965 913 fumum
996 880 1220 914 aromatum.

395 935 432 972 8.
480 934 510 971 Ο
542 933 750 981 Disibode‚
792 933 830 969 in
869 936 933 969 tuo
966 931 1108 969 lumine
1138 942 1209 978 per
1239 931 1414 978 exempla
1443 931 1529 977 puri
1559 931 1641 968 soni
1672 931 1841 969 membra

276 990 461 1028 mirificae
492 990 617 1027 laudis
648 987 860 1026 aedificasti
889 988 929 1025 in
961 987 1106 1025 duabus
1138 988 1312 1034 partibus
1343 998 1412 1035 per
1441 986 1561 1024 filium
1593 988 1766 1026 hominis,

389 1049 426 1085 9.
474 1046 517 1083 In
558 1046 636 1083 alto
677 1049 755 1082 stas
795 1056 870 1082 non
910 1043 1136 1081 erubescens
1175 1048 1264 1082 ante
1294 1044 1416 1082 Deum
1446 1044 1572 1082 vivum
1604 1048 1642 1081 et
1671 1044 1840 1092 protegis

276 1103 392 1142 viridi
425 1112 511 1140 rore
541 1101 742 1140 laudantes
773 1101 895 1138 Deum
925 1101 1000 1138 ista
1030 1110 1144 1138 voce:

392 1160 457 1199 10.
503 1159 534 1197 O
567 1158 688 1195 dulcis
720 1158 800 1195 vita
830 1163 867 1196 et
898 1168 919 1194 o
950 1156 1062 1194 beata
1092 1155 1391 1204 perseverantia,
1433 1166 1530 1203 quae
1560 1156 1599 1194 in
1629 1156 1700 1194 hoc
1730 1156 1842 1194 beato

275 1215 462 1254 Disibodo
492 1215 697 1262 gloriosum
728 1215 854 1251 lumen
885 1212 1098 1251 aedificasti
1129 1213 1168 1250 in
1199 1212 1355 1249 caelesti
1388 1212 1615 1250 Ierusalem!

396 1273 460 1310 11.
507 1271 619 1308 Nunc
658 1271 708 1308 sit
748 1271 830 1308 laus
872 1270 953 1308 Deo
994 1270 1034 1307 in
1075 1267 1198 1307 forma
1238 1268 1422 1315 pulchrae
1460 1273 1639 1306 tonsurae
1679 1269 1843 1307 viriliter

276 1332 460 1376 operante

396 1386 461 1425 12.
507 1384 560 1422 Et
605 1384 760 1431 superni
806 1383 907 1421 cives
953 1382 1142 1429 gaudeant
1187 1381 1235 1419 de
1281 1381 1362 1430 his,
1407 1381 1472 1428 qui
1516 1391 1578 1419 eos
1619 1382 1690 1419 hoc
1730 1382 1842 1420 modo

276 1442 486 1480 imitantur.
1077 1453 1079 1455 ’

595 1628 677 1664 331.
716 1629 773 1669 (ὅ.)
810 1628 868 1662 De
894 1627 1044 1663 Sancto
1070 1626 1269 1663 Euchario
1296 1625 1528 1670 Sequentia.

395 1757 431 1795 1.
478 1757 508 1794 Ο
540 1755 723 1803 Euchari‚
755 1755 888 1792 inclita
918 1755 981 1792 via
1011 1754 1229 1803 ambulasti,
1260 1753 1325 1790 ubi
1357 1764 1439 1790 cum
1463 1752 1541 1791 filio
1563 1752 1636 1790 Dei
1656 1752 1840 1798 mansisti,

214 1803 219 1805 ³
284 1814 390 1851 illum
422 1812 614 1860 tangendo
642 1815 677 1849 et
709 1812 893 1849 miracula
923 1811 1015 1859 eius,
1047 1821 1142 1858 quae
1173 1809 1276 1857 fecit,
1308 1810 1486 1849 videndo.

393 1883 429 1920 2.
479 1881 537 1918 Tu
568 1891 650 1917 eum
682 1878 853 1927 perfecte
883 1879 1032 1927 amasti,
1066 1889 1148 1916 cum
1181 1878 1331 1916 sodales
1362 1878 1416 1914 tui
1449 1877 1623 1916 exterriti
1646 1881 1754 1916 erant
1774 1888 1844 1925 pro

277 1948 343 1986 eo,
388 1937 488 1984 quod
518 1936 686 1975 homines
719 1939 848 1984 erant,
890 1946 959 1973 nec
990 1934 1283 1982 possibilitatem
1314 1934 1508 1972 habebant
1536 1934 1636 1972 bona
1665 1933 1837 1981 perfecte

276 1994 429 2032 intueri.

395 2063 433 2100 3.
479 2061 536 2098 Tu
566 2063 692 2097 autem
722 2059 761 2097 in
792 2059 951 2096 ardente
980 2069 1108 2097 amore
1140 2059 1276 2106 plenae
1308 2058 1482 2096 caritatis
1512 2058 1617 2096 illum
1646 2059 1843 2106 amplexus

277 2128 331 2166 es,
366 2128 447 2154 cum
478 2116 691 2164 manipulos
722 2119 1014 2163 praeceptorum
1045 2116 1125 2153 eius
1156 2116 1206 2153 ad
1237 2120 1274 2152 te
1306 2115 1507 2162 collegisti.

395 2186 434 2223 4.
479 2185 510 2223 Ο
542 2183 721 2231 Euchari‚
753 2183 866 2220 valde
897 2183 1032 2220 beatus
1065 2181 1182 2231 fuisti,
1217 2193 1299 2220 cum
1329 2182 1486 2220 verbum
1518 2182 1590 2220 Dei
1621 2187 1658 2220 te
1689 2183 1726 2220 in
1757 2183 1844 2230 igne

282 2241 478 2279 columbae
518 2239 675 2290 imbuit,
717 2239 782 2277 ubi
823 2243 864 2276 tu
904 2240 1012 2286 quasi
1051 2250 1190 2277 aurora
1219 2239 1453 2277 illuminatus
1484 2250 1524 2276 es
1555 2243 1593 2276 et
1622 2240 1677 2276 sic
1706 2238 1841 2278 funda-

281 2303 446 2335 mentum
479 2297 662 2334 ecclesiae
693 2295 919 2335 aedificasti.

395 2369 431 2403 5.
478 2365 530 2402 Et
569 2364 608 2400 in
649 2367 804 2410 pectore
848 2367 912 2401 tuo
954 2367 1128 2401 coruscat
1169 2363 1273 2411 dies,
1313 2363 1351 2400 in
1393 2373 1466 2411 quo
1496 2363 1571 2401 tn'a
1599 2363 1844 2402 tabernacula

280 2433 397 2469 supra
427 2431 676 2459 marmoream
709 2420 920 2457 columnam
951 2423 1053 2458 stant
1083 2421 1122 2457 in
1158 2420 1314 2458 civitate
1345 2419 1430 2458 Dei.

397 2492 434 2529 6.
481 2490 558 2527 Per
608 2499 649 2525 os
700 2492 804 2524 tuum
854 2488 1016 2525 ecclesia
1066 2488 1231 2525 ruminat
1278 2491 1385 2525 vetus
1431 2491 1468 2524 et
1517 2497 1654 2525 novum
1700 2487 1841 2536 vinum,

282 2546 459 2584 videlicet
491 2545 666 2592 poculum
698 2544 923 2581 sanctitatis.

396 2613 432 2651 7.
480 2612 555 2650 Sed
593 2615 631 2649 et
669 2612 707 2648 in
750 2615 814 2649 tua
856 2612 1030 2649 doctrina
1071 2612 1231 2650 ecclesia
1271 2610 1406 2648 effecta
1445 2614 1503 2648 est
1543 2610 1739 2648 rationalis
1774 2610 1839 2660 ita,

280 2670 381 2716 quod
422 2680 538 2717 supra
578 2672 724 2706 montes
769 2668 967 2715 clamavit,
1008 2672 1050 2706 ut
1091 2669 1206 2706 colles
1247 2673 1283 2705 et
1325 2668 1427 2715 ligna
1458 2677 1498 2704 se
1530 2667 1766 2704 declinarent
1796 2675 1841 2704 ac

278 2726 466 2763 mamillas
497 2725 598 2762 illius
629 2728 818 2772 sugerent.

398 2795 434 2833 8.
483 2793 593 2830 Nunc
633 2793 671 2830 in
712 2797 777 2830 tua
819 2793 922 2831 clara
953 2803 1043 2830 voce
1073 2790 1191 2830 filium
1223 2792 1295 2830 Dei
1326 2802 1393 2829 ora
1423 2802 1493 2839 pro
1523 2791 1594 2829 hac
1622 2789 1753 2840 turba,
1794 2799 1841 2827 ne

284 2850 322 2886 in
356 2850 601 2887 caeremoniis
633 2849 704 2888 Dei
749 2849 923 2896 deficiat,
966 2848 1034 2886 sed
1075 2853 1114 2886 ut
1152 2848 1283 2887 vivens
1314 2849 1573 2886 holocaustum
1603 2851 1691 2885 ante
1720 2847 1841 2885 altare

280 2905 352 2942 Dei
384 2906 460 2945 fiat.
