2031 3289
910 189 1105 230 —362
1167 214 1217 218 —

825 322 906 358 280.
943 322 1024 365 (17.)
1057 322 1116 358 De
1140 322 1319 365 Angelis.

839 428 875 465 1.
921 427 1101 474 Michael,
1136 426 1306 475 Gabriel,

919 483 1104 530 Raphael,
1134 484 1320 530 adestote,

297 587 367 623 2a.
410 583 585 622 Summae
616 584 800 621 trinitatis
1114 584 1185 625 2b.
1226 584 1320 621 Tres
1349 584 1471 622 tribus
1502 584 1638 623 officiis

463 641 586 678 nuntii
615 641 762 690 summi,
1282 641 1502 688 praepositi.

296 743 368 781 3a.
411 742 509 779 Nam
539 748 580 779 tu
610 743 850 780 sacerdotum
1112 742 1186 781 3b.
1219 743 1331 780 quta
1362 753 1467 779 aram
1497 743 1629 789 templi

407 798 488 835 Deo
519 798 799 835 ministrantum
1227 798 1395 836 director
1424 799 1568 836 incensi

408 855 666 892 comminister
1225 865 1379 892 aureum
1411 865 1479 902 per

408 921 461 960 es,
492 911 671 961 Michael,
1227 911 1446 950 turibulum.

295 1015 365 1051 4a.
409 1012 485 1050 Sed
516 1017 568 1063 tu,
602 1012 772 1058 Gabriel,
1113 1012 1187 1054 4b.
1230 1014 1371 1052 Contra
1402 1016 1596 1059 peccatum

406 1069 488 1106 sine
517 1067 591 1106 fine
622 1070 746 1107 Iesum
1226 1069 1470 1106 administras
1502 1080 1656 1116 regnum

406 1125 558 1163 nuntias
589 1131 847 1173 regnaturum,
1226 1125 1394 1163 iustitiae
1423 1126 1618 1164 invictum.

296 1228 368 1266 59..
410 1226 481 1273 Tu,
513 1226 698 1276 Raphael,
1116 1225 1191 1265 5b.
1232 1226 1314 1264 Deo
1344 1230 1521 1275 mentem,

410 1283 638 1320 medicando
1230 1283 1346 1320 menti
1377 1293 1528 1320 carnem

412 1343 526 1386 atque
556 1340 708 1387 nuptias
1231 1343 1336 1377 casto
1366 1339 1487 1377 socias

410 1396 624 1433 ordinando
1230 1396 1414 1443 coniugio.

301 1499 372 1538 6a.
418 1498 481 1537 Sic
510 1502 570 1535 tus
602 1502 639 1535 et
669 1509 800 1535 aurum
1120 1497 1194 1537 6b.
1236 1497 1481 1536 Sacerdotale

413 1565 655 1601 murramque
686 1566 752 1592 vos
783 1554 925 1592 offertis
1232 1565 1386 1601 regnum
1418 1554 1458 1590 in
1489 1553 1662 1592 castitate

413 1615 450 1649 et
482 1611 618 1649 offerre
650 1612 797 1649 docetis
1234 1611 1470 1657 disponendo
1502 1610 1696 1649 ecclesiae.

659 1715 680 1727 P-

665 1724 695 1752 1.
743 1714 844 1760 Quae
875 1717 1026 1751 sacrata
1054 1717 1096 1750 ut
1126 1713 1257 1761 regina

743 1771 943 1807 coniuncta
973 1769 1124 1808 Christo

741 1826 816 1863 iam
846 1827 958 1873 plene
988 1826 1094 1864 vobis
1127 1826 1362 1873 collaetetur,

741 1894 811 1930 per
841 1895 909 1922 vos
940 1887 1159 1930 vestrosque
1189 1883 1290 1920 cives
1320 1883 1482 1920 iuvetur.

391 1994 495 2029 Grad.
521 2005 583 2025 mS.
610 1993 868 2035 Secoviense(‘?)
893 2004 980 2027 saec.
1009 1992 1061 2029 12.
1107 1993 1189 2026 Cod.
1213 1994 1457 2026 Vindobonen.
1486 1990 1611 2026 13314.
1637 2011 1679 2015 —
1704 1992 1859 2024 wieder.-

300 2040 378 2072 holt
401 2049 463 2071 aus
489 2039 589 2074 Anal.
616 2041 658 2077 Χ,
687 2038 763 2075 267.

680 2208 761 2243 281.
796 2207 878 2251 (18.)
912 2208 970 2243 De
995 2209 1117 2243 beata
1142 2207 1274 2242 Maria
1298 2206 1479 2250 Virgine.

745 2302 781 2340 1.
828 2302 955 2339 Mater
986 2301 1127 2339 dilecta

835 2358 964 2395 dilecti
996 2369 1042 2395 ex
1075 2358 1226 2403 dilecto,

837 2414 1051 2452 dilectionis
1082 2414 1205 2461 gratia
1235 2413 1361 2460 plena,

835 2481 985 2518 semper
1015 2471 1133 2519 virgo,

834 2531 966 2565 sancta
993 2527 1132 2566 Maria.

306 2621 376 2658 2a.
418 2618 516 2655 Nam
547 2622 589 2654 ut
619 2629 728 2655 ovum
760 2618 923 2655 volucris
1117 2616 1189 2655 2b.
1233 2616 1295 2654 Sic
1325 2621 1366 2652 tu
1395 2615 1542 2662 integra
1573 2615 1703 2652 divino

420 2674 500 2712 fotu
532 2678 569 2711 et
599 2675 725 2712 calore
1230 2673 1421 2710 calescens
1451 2681 1578 2709 amore

416 2731 620 2768 animatum
1229 2729 1350 2766 virum
1380 2739 1517 2765 novum

418 2787 654 2824 circumdare
1229 2784 1491 2823 circumdabas

418 2844 656 2891 cognoscitur
686 2844 785 2881 intra
1229 2843 1337 2879 iuxta
1367 2841 1547 2878 Ieremiae

417 2910 457 2936 se
486 2899 615 2946 fotum,
1227 2898 1476 2945 praedictum.
