2031 3289
982 175 1286 218 -354—

375 293 440 331 19.
473 291 621 329 Uacans
651 291 879 328 utilitatibus
1183 291 1250 329 20.
1283 291 1382 328 Kalo
1413 291 1566 329 Xristus
1596 291 1792 328 xeniorum

474 347 591 394 Uirgo
622 347 898 384 universalibus
1283 347 1468 384 Kalendis
1499 347 1787 384 Xristianorum

526 404 757 442 Uerificatur
786 404 902 450 utiliS,
1341 403 1616 440 Kalendizatus
1647 403 1803 451 zeletur,

472 461 682 498 Uenustata
711 459 917 506 ualoribus,
1282 458 1490 498 Xristifera
1520 459 1736 505 zipheorum

473 517 622 564 uirens,
654 526 816 553 uernans
847 515 1051 552 uirtutibus
1284 516 1453 553 Zelatrix
1485 516 1715 561 ydoneorum

529 573 717 618 Uulgatur
746 571 990 618 uenerabilis,
1342 572 1473 609 Zelata
1504 572 1752 621 ymaginetur,

474 629 614 667 Unitur
643 634 684 664 ut
714 628 867 665 unibilis
1285 628 1464 665 Yschiros
1495 624 1763 676 ysocheletur,¹

474 685 602 724 Uerbo
632 685 733 721 uitae
760 684 899 721 uermis
929 683 1016 720 uilis
1284 684 1462 730 Ypostasi
1493 684 1705 731 ymnizetur

528 741 754 778 Uivificatur
784 740 941 786 uiribus,
1341 741 1438 777 Ylen
1470 740 1566 785 ydea
1597 751 1806 787 ymnorum,

471 797 601 835 Uictos
633 797 776 834 uersuti
807 796 932 843 uigilis
1286 797 1433 833 Ydibus
1463 797 1673 843 ydiocetur‚

472 853 600 892 Uincit
629 858 738 890 utens
768 853 934 890 ualibilis
1286 853 1449 890 Zabulus
1479 853 1696 899 yronizetur

528 910 719 956 Uirgineis
750 909 942 946 uberibus.
1341 909 1495 946 Yconiis
1526 909 1737 955 ydolorum.

450 1021 592 1053 Collect.
618 1032 680 1051 ms.
699 1019 980 1051 claraevallense
1005 1029 1096 1051 saec.
1123 1017 1174 1051 15.
1215 1019 1300 1060 Οοᾶ».
1318 1020 1461 1052 Trecen.
1486 1019 1582 1051 1612.
1607 1038 1651 1041 —
1674 1018 1705 1059 6,
1731 1019 1750 1051 7
1771 1019 1919 1051 Ysooho-

357 1068 452 1100 latur
476 1067 647 1104 Christus,
675 1067 768 1107 quia,
794 1067 883 1097 sicut
904 1066 1000 1096 Deus
1025 1068 1078 1097 est
1102 1066 1214 1096 trinus
1239 1066 1276 1096 in
1301 1067 1458 1106 personis
1480 1069 1514 1097 et
1538 1076 1626 1097 unus
1652 1067 1688 1097 in
1712 1066 1919 1103 substantia,

359 1114 411 1145 sie
436 1112 595 1144 Christus
621 1113 734 1142 trinus
760 1115 811 1142 est
837 1111 872 1140 in
899 1111 1106 1142 substantiis
1131 1112 1166 1142 et
1188 1120 1279 1141 unus
1303 1112 1340 1141 in
1367 1112 1532 1152 personis.
1582 1111 1646 1141 Hs.

595 1301 676 1335 351).
711 1301 791 1343 (14.)
826 1299 1040 1335 Dictamen
1064 1300 1112 1335 de
1136 1299 1214 1336 hoc
1241 1302 1345 1345 quod
1371 1301 1470 1336 dicit
1494 1301 1686 1337 Dominus

376 1522 411 1560 1.
445 1520 485 1558 Si
517 1530 680 1566 unquam
708 1531 791 1557 reus
823 1520 940 1557 valuit
1194 1522 1230 1558 3.
1262 1520 1506 1566 Firmatoque
1538 1520 1592 1555 sic
1624 1519 1773 1565 pessulo

446 1577 675 1623 Comparare
706 1577 764 1612 vel
797 1577 928 1614 debuit.
1260 1577 1312 1614 Et
1342 1577 1464 1623 posito
1495 1576 1689 1613 obstaculo

503 1634 638 1671 Coram
670 1638 719 1680 te,
752 1637 882 1670 sancta
913 1634 1076 1680 trinitas,
1318 1634 1413 1680 Argi
1445 1633 1589 1670 cunetis
1621 1631 1813 1669 obtutibus

448 1690 487 1727 Si
520 1691 577 1726 vel
609 1700 799 1726 aceessum
832 1689 964 1727 habuit
1262 1690 1506 1737 Caligatoque
1536 1689 1643 1725 oculo

448 1746 618 1793 Unquam
652 1751 688 1782 et
718 1758 792 1783 non
823 1746 1019 1784 abhorruit
1261 1746 1312 1783 Et
1342 1751 1495 1783 causato
1527 1745 1747 1792 crepusculo

503 1803 598 1840 Eum
629 1807 694 1840 tua
724 1803 950 1850 benignitas,
1320 1804 1380 1841 Ex
1409 1803 1526 1839 radiis
1557 1801 1757 1846 solaribus,

446 1860 526 1896 Reo
557 1859 647 1896 mihi
679 1858 844 1896 facilitas
1264 1859 1329 1896 Nil
1361 1859 1432 1896 nisi
1464 1870 1510 1896 ex
1541 1858 1746 1895 luminibus

445 1916 617 1954 Donetur
649 1920 685 1952 et
716 1916 922 1953 auotoritas
1267 1916 1339 1952 Per
1369 1916 1485 1952 rimas
1516 1915 1788 1952 resultantibus

503 1973 566 2009 Ad
598 1978 647 2018 te,
677 1973 773 2009 sicut
804 1983 890 2019 spes
921 1971 1057 2019 arguit,
1324 1973 1372 2010 Et
1405 1971 1580 2009 refractis
1611 1982 1656 2008 ex
1687 1970 1842 2018 speculo

447 2029 667 2066 Aeeedendi
696 2034 733 2065 et
763 2029 888 2066 licitas
1264 2029 1411 2077 Habeo,
1443 2040 1515 2075 quo
1546 2033 1583 2064 te
1614 2027 1789 2065 laudibus

450 2086 523 2122 Per
553 2090 590 2122 te
621 2086 780 2122 habeam
813 2085 965 2122 semitas
1265 2086 1395 2123 Colam
1426 2087 1465 2122 in
1497 2085 1668 2131 personis
1697 2083 1818 2120 tribus

501 2143 712 2188 Exarandi,
744 2142 844 2188 quod
876 2141 1060 2188 congruit.
1320 2142 1397 2179 Sub
1428 2142 1583 2178 unitatis
1616 2141 1742 2180 titulo.

378 2268 416 2305 2.
449 2266 506 2302 Tu
538 2276 589 2313 eS‚
621 2265 736 2311 Deus,
767 2265 958 2302 exhibitor
1188 2268 1226 2304 4.
1259 2265 1458 2312 Speculum
1491 2275 1622 2302 sacrae
1652 2265 1813 2313 paginae

448 2322 520 2359 Tui
551 2323 726 2368 solusque
756 2322 896 2359 ianitor
1263 2322 1317 2359 Te
1349 2320 1508 2358 reflectit
1540 2322 1578 2358 in
1610 2321 1779 2368 margine

503 2379 554 2415 Et
583 2379 695 2415 ianua
727 2383 763 2415 et
793 2379 942 2423 ostium,
1322 2379 1477 2415 Trinum
1510 2383 1545 2415 et
1575 2389 1688 2415 unum
1720 2377 1875 2426 pariter,

449 2435 520 2472 Tui
551 2436 674 2471 nullus
705 2439 762 2471 est
793 2436 962 2481 cognitor
1265 2436 1419 2472 Trinum
1452 2436 1489 2471 in
1520 2446 1593 2472 uno
1621 2434 1785 2481 numine,

447 2492 578 2538 Neque
611 2497 734 2528 rectus
767 2492 971 2538 expo-nor,
1265 2492 1464 2529 Trinitatis
1495 2492 1657 2538 imagine

506 2548 590 2584 Nisi
620 2548 693 2584 iter
725 2549 790 2584 des
822 2549 1017 2594 praevium
1320 2548 1547 2585 Distinetum
1580 2547 1844 2594 personaliter,

446 2604 509 2641 Ad
540 2609 626 2641 tuae
658 2605 752 2641 lucis
784 2605 952 2647 radium;
1263 2605 1387 2643 Unum
1420 2605 1672 2641 essentialiter

453 2661 580 2697 Labor
607 2662 685 2698 alta
715 2661 975 2710 scrutantium,
1265 2663 1389 2708 Atque
1420 2661 1733 2707 substantialiter,

508 2717 596 2766 Fili,
630 2717 764 2754 flamen
797 2722 832 2754 et
862 2718 1021 2765 genitor,
1321 2718 1450 2765 Alpha
1481 2722 1667 2754 carentem
1700 2722 1736 2753 et
1765 2715 1850 2763 fine,

452 2774 676 2811 Frustratur
707 2779 745 2810 et
774 2775 982 2820 tripudium
1266 2775 1394 2820 Alpini
1425 2780 1460 2811 et
1492 2775 1521 2812 O
1554 2775 1718 2823 realiter,

451 2831 670 2867 intellectus
700 2834 736 2867 et
767 2831 932 2868 studium
1266 2833 1473 2868 Aeternum
1507 2831 1760 2876 coaequaliter

513 2885 726 2931 Patiuntur‚
759 2892 798 2923 ut
826 2887 1004 2925 meditor.
1324 2887 1436 2924 Nullo
1467 2887 1620 2924 confuso
1651 2887 1795 2924 ordine.
