1914 3223
736 181 929 223 —407
996 204 1041 209 -

124 296 188 335 61.
219 295 350 342 Soror,
381 298 517 332 nostra
549 295 714 339 dilectio,

222 352 371 390 Mecum
403 352 534 388 matris
566 352 602 388 in
635 352 779 399 gremio

278 408 436 455 Semper
465 409 613 445 uterina
645 407 728 455 fuit,

219 465 410 502 Alendain
442 465 490 502 ab
523 465 679 502 exordio

220 521 308 559 Tibi
343 521 431 558 dedi
464 532 533 568 pro
564 522 702 569 pretio,

276 578 385 625 Quod
416 583 506 615 tunc
528 578 610 615 dari
633 590 706 617 non
729 578 853 629 licuit;

222 633 297 672 Sed
330 635 454 682 video,
486 634 586 681 quod
618 634 762 681 profuit

223 692 374 735 Parum,
408 691 495 738 quia
525 692 705 738 apparuit

279 748 375 785 Mihi
398 759 527 795 parva
560 754 596 784 et
626 749 699 785 iani
732 748 825 798 scio,

220 805 327 850 Quod
361 804 532 851 candem,
565 810 603 841 ut
637 806 776 853 decuit,

221 861 306 898 Non
338 862 502 907 nutristi,
534 862 633 908 quod
666 862 790 909 arguit

280 919 407 956 Prima
437 919 493 955 sui
525 918 702 958 ostensio.

941 297 1006 334 62.
1036 295 1291 333 Fertilissima
1320 297 1439 333 ubera

1039 352 1205 389 Deberet
1237 359 1273 389 et
1304 352 1480 391 laetifera

1098 404 1258 456 Propter
1289 412 1480 456 proximos
1513 411 1667 459 habere,

1038 467 1072 503 A
1103 466 1259 503 sinistra
1290 472 1325 502 et
1357 467 1515 505 dextera

1039 523 1152 569 Quasi
1183 534 1300 569 usque
1330 525 1379 560 ad
1413 524 1557 561 viscera

1098 579 1346 626 Semetipsam
1379 581 1581 629 exhibere3

1039 635 1091 672 Et
1122 636 1208 681 iam,
1242 641 1279 672 ut
1312 641 1437 682 potest
1468 642 1612 685 patere,

1039 691 1169 730 Ubera
1199 704 1277 728 own
1309 693 1418 730 habet
1449 705 1551 740 vere,

1048 758 1051 761 ·
1098 749 1200 786 Nulli
1233 755 1288 785 cst
1321 750 1549 798 pabulifera‚

1039 806 1165 843 Aliter
1195 806 1296 842 illius
1327 817 1416 853 gere

1039 864 1189 909 Curam,
1222 863 1254 899 si
1287 863 1341 900 vis
1372 863 1545 900 obtinere

1098 919 1288 957 Promissa
1317 920 1406 957 inde
1437 931 1606 957 munera.

627 1083 798 1120 Filius
837 1083 896 1121 ad
931 1086 1149 1122 matrem.

122 1187 186 1226 63.
219 1185 322 1234 Quid
349 1185 538 1232 faciemus
568 1185 692 1223 sorori

219 1242 396 1291 Nostrae,
430 1242 529 1279 inter
559 1253 626 1279 nos
659 1242 804 1291 maiori,

275 1299 382 1336 Licet
415 1310 556 1345 parvae
587 1299 625 1335 in
657 1299 821 1347 saeculo,

218 1355 271 1393 In
301 1355 361 1393 die
390 1352 606 1401 salubriori,

219 1412 384 1461 Quando
418 1416 470 1450 est
501 1413 625 1450 medio
651 1413 752 1449 thori

273 1468 519 1516 Alloquenda
550 1481 619 1516 pro
650 1468 824 1516 populo?

1040 1186 1112 1222 Per
1142 1190 1190 1231 te,
1223 1190 1357 1234 mater,
1389 1197 1448 1223 me
1477 1187 1631 1224 consulo

1038 1243 1073 1280 A
1104 1247 1141 1279 te
1172 1254 1362 1290 saepeque
1392 1244 1542 1290 postulo

1097 1299 1314 1349 Consilium,
1348 1304 1388 1336 ut
1419 1300 1554 1337 honori

1039 1356 1120 1393 Tuo
1152 1357 1295 1406 cedam,
1330 1367 1412 1393 cum
1445 1357 1557 1394 titulo

1039 1413 1092 1449 Te
1125 1413 1272 1460 cupiam
1304 1414 1343 1450 in
1375 1414 1504 1460 patulo

1096 1469 1295 1507 Honorare
1329 1470 1505 1518 digniori.

646 1634 813 1671 Mater
850 1634 911 1672 ad
951 1632 1134 1673 filium.

121 1737 186 1775 64.
216 1736 261 1774 Si
290 1747 425 1774 murus
456 1738 508 1774 est
540 1736 706 1784 dilectio,

218 1793 269 1831 Ut
300 1793 429 1830 mundi
460 1794 508 1830 sit
538 1792 710 1830 defensio

272 1850 386 1897 Quasi
416 1849 587 1887 flammea
619 1851 813 1901 rumphea,

215 1906 473 1954 Aedifieemus
505 1907 607 1954 regio

217 1963 328 2000 Cultu
359 1970 393 2000 et
426 1963 587 2001 artificio

270 2021 396 2067 Super
426 2031 507 2058 eam
539 2022 721 2068 aryentea

215 2077 530 2125 Propzeynacuza,
563 2088 659 2125 quae
689 2087 774 2115 mea

217 2134 423 2172 Praeconia
452 2135 621 2182 virginea

274 2190 364 2228 Cum
395 2197 459 2227 tuo
493 2202 644 2237 semper
673 2190 830 2238 praevio

215 2247 332 2284 Verbi
365 2248 484 2285 divini
516 2247 660 2286 framea

215 2302 434 2342 Defendant
466 2304 566 2342 facta
596 2305 706 2353 ignea

272 2361 366 2398 Toto
397 2361 487 2398 fidei
519 2363 663 2400 studio.

936 1738 1002 1776 65.
1035 1737 1087 1774 Et
1116 1737 1150 1774 si
1179 1737 1263 1784 ipsa
1294 1740 1346 1774 cst
1376 1737 1516 1775 ostium

1033 1794 1244 1840 Expellens
1273 1805 1382 1830 omne
1410 1794 1556 1842 vitium,

1089 1850 1202 1888 Illud
1230 1851 1371 1888 tabulis
1403 1851 1570 1889 cedrinis

1035 1907 1351 1961 Compinyaigms,
1383 1913 1423 1944 ut
1454 1908 1652 1955 proprium

1036 1964 1092 2001 Sit
1125 1965 1158 2000 ei
1189 1975 1272 2001 sese
1303 1965 1454 2001 obvium

1092 2021 1195 2058 Dare
1225 2022 1363 2068 linguis
1394 2022 1637 2069 serpentinis,

1034 2078 1078 2114 In
1110 2079 1284 2115 omnibus
1318 2079 1531 2127 disciplinis

1034 2135 1161 2182 Atque
1192 2136 1305 2172 etiam
1339 2136 1521 2172 doctrinis

1092 2192 1325 2239 Iungendum
1358 2197 1415 2228 est
1446 2192 1654 2229 remedium

1034 2250 1089 2288 Ut
1119 2259 1269 2297 semper
1300 2249 1347 2285 sit
1378 2249 1498 2286 bonus
1529 2248 1626 2297 finis,

1033 2305 1085 2343 Et
1116 2310 1289 2343 servetur
1319 2318 1341 2343 a
1371 2306 1490 2342 ruinis

1091 2362 1397 2400 Consummatum
1428 2363 1631 2410 negotium.

1657 2224 1669 2242 9

624 2521 776 2568 Virgo
816 2521 876 2559 ad
912 2521 1133 2568 angelos,

124 2621 189 2659 66.
219 2619 258 2658 Si
288 2632 416 2659 murus
447 2626 502 2659 est
535 2623 702 2671 dilectio,

215 2677 298 2726 Eyo
329 2690 486 2728 muru83
517 2680 712 2726 probatio:

274 2734 369 2772 Nam
399 2746 519 2773 meum
542 2742 601 2775 est
625 2736 846 2783 defendere,

216 2789 322 2836 Quod
354 2792 487 2830 claudo
518 2798 555 2830 et
583 2794 752 2842 recupio,

215 2845 267 2884 Et
295 2848 358 2894 qui
385 2849 580 2887 conamine
611 2851 674 2897 pio

273 2903 321 2941 Se
350 2905 440 2942 mihi
472 2906 602 2944 volunt
631 2907 799 2957 iungere,

1031 2624 1106 2661 Pro
1137 2624 1237 2660 omni
1268 2634 1350 2660 meo
1380 2634 1517 2671 genere

1031 2680 1183 2717 Volenti
1213 2691 1253 2716 se
1285 2681 1520 2718 committere

1089 2737 1200 2786 Mihi,
1233 2747 1300 2784 ego
1333 2735 1504 2774 defensio

1032 2794 1151 2831 Facta
1183 2805 1278 2841 sum,
1310 2794 1432 2830 sciens
1464 2794 1608 2840 pellere

1032 2850 1171 2887 Hostes
1203 2855 1315 2897 atque
1347 2851 1550 2888 excludere

1087 2906 1145 2944 De
1176 2907 1282 2955 locis,
1316 2918 1408 2954 quos
1440 2907 1626 2948 custodio.
