2031 3289
947 163 1255 204 ——386—

999 299 1137 338 caput
1160 299 1210 331 V.

1003 368 1038 406 A
1049 379 1074 405 u
1089 371 1167 406 cto
1178 380 1208 406 r.

339 460 375 498 1.
407 459 539 507 δια-99,
571 456 701 504 aquilo
733 457 907 503 pessime,

410 516 552 551 Ventus
582 524 695 550 urens
727 513 966 560 nequissime,

464 570 659 615 Egredere
691 570 737 606 de
768 570 917 606 hortulo

408 628 496 664 Meo
528 632 564 662 et
596 626 760 662 claustro
791 626 938 663 animae

409 684 606 721 Recedens
638 682 871 718 velocissime

466 739 585 776 Facto
616 738 707 775 alibi
738 738 891 784 nidulo;

411 796 468 832 De
499 796 576 832 alto
608 794 824 831 habitaculo

413 852 612 890 Caelorum
645 856 680 886 et
711 851 870 887 latibulo

469 908 573 957 Veni,
608 910 737 944 auster
769 907 997 955 dulcissime,

408 964 459 1002 Et
489 965 527 1001 in
559 974 640 1000 meo
671 964 889 1011 pectusculo

407 1021 506 1058 Dato
539 1020 733 1057 doctrinae
764 1020 902 1066 pabulo

466 1077 668 1114 Descende
700 1076 979 1123 benignissime.

1153 460 1190 497 2.
1221 458 1349 504 Persia
1381 468 1426 494 ex
1452 468 1550 493 nune
1570 457 1723 495 hortum
1742 467 1881 507 meum,

1223 514 1273 552 Ut
1305 524 1437 560 queam
1470 514 1584 550 decus
1614 524 1767 550 aureum

1283 570 1449 616 Virginis
1481 570 1679 606 enucleare

1224 626 1464 672 Titulumque
1497 626 1702 672 virgineum
1750 617 1755 621 ⁵

1225 682 1319 720 Eius
1350 689 1462 728 atque
1492 683 1679 718 sidercum

1284 739 1450 776 Canticis
1479 738 1682 786 elucidare,

1230 795 1280 833 Ut
1301 806 1374 841 per
1406 801 1543 831 terram
1572 799 1683 840 atque
1715 805 1818 832 mare

1225 850 1376 888 Fluant
1404 854 1582 888 aromata
1613 851 1714 887 clare

1281 907 1399 944 Illius
1429 918 1498 954 per
1525 918 1583 943 me
1613 910 1790 957 terreum,

1228 964 1429 1010 Indignum
1461 974 1540 1000 eam
1572 964 1730 1000 laudare

1226 1019 1300 1057 Seu
1329 1020 1460 1057 laudes
1492 1021 1571 1056 eius
1601 1029 1723 1065 orare,

1286 1076 1476 1114 Calamum
1510 1075 1650 1113 factum
1682 1076 1835 1114 luteum.

845 1194 994 1241 Virgo
1034 1193 1094 1232 ad
1129 1195 1396 1242 angelum«

344 1282 382 1320 3.
419 1280 557 1317 Veniat
588 1291 687 1317 nunc
718 1279 789 1317 Dei
821 1279 937 1325 Deus,

411 1337 532 1374 Filius
564 1336 720 1374 dilectus
750 1346 856 1373 ‘meus

466 1393 518 1430 In
540 1403 599 1429 me
622 1392 760 1429 factam
777 1392 927 1429 hortum
945 1403 1073 1441 suam,

413 1451 572 1488 Paratus
604 1455 659 1486 est
692 1450 882 1496 virgineus

414 1507 536 1543 Locus
566 1506 639 1542 sibi
671 1510 707 1542 et
737 1505 875 1542 floreus

471 1563 643 1599 Virorem
677 1563 772 1599 dans
800 1562 1029 1608 continuum,

415 1621 528 1658 Suum
561 1629 643 1655 esse
674 1623 898 1665 perpetuum

414 1676 466 1713 Et
496 1687 602 1712 suum
634 1676 754 1711 locum
787 1676 946 1712 arduum

473 1732 557 1769 Non
592 1733 769 1769 deserens
803 1731 994 1768 Nazareus

414 1789 500 1825 Fiat
532 1799 601 1834 per
633 1799 690 1824 me
721 1787 943 1835 proficuum,

412 1845 474 1882 Sic
505 1849 561 1882 est
592 1845 704 1881 valde
735 1849 772 1880 et
802 1855 1020 1892 congruum,

472 1902 525 1940 Ut
555 1902 718 1948 respiret
749 1901 859 1937 homo
890 1911 987 1938 reus.

1157 1281 1195 1319 4.
1232 1280 1281 1317 Ut
1311 1280 1484 1317 comedat
1514 1278 1721 1317 infantulus

1229 1337 1317 1375 Sive
1347 1340 1455 1383 sugat
1483 1340 1523 1373 ut
1556 1336 1732 1383 parvulus

1285 1393 1470 1430 Fructum
1508 1393 1665 1429 uberum
1705 1402 1886 1441 meorum,

1230 1450 1365 1486 Veniat
1398 1454 1434 1485 et
1464 1450 1696 1495 iuvenculas,

1228 1506 1299 1543 His
1330 1516 1370 1542 se
1401 1510 1533 1552 pascat
1562 1506 1740 1552 puerulus

1286 1563 1386 1599 Loco
1410 1573 1619 1609 pomorum
1649 1572 1822 1607 suorum,

1231 1618 1408 1656 Sanctum
1441 1619 1562 1655 cibum
1597 1619 1780 1655 viatorum

1229 1676 1355 1722 Atque
1386 1686 1520 1721 panem
1552 1676 1768 1722 angelorum

1289 1732 1327 1769 Si
1359 1742 1485 1781 pasco,
1519 1732 1639 1768 omnis
1669 1731 1799 1768 oculus

1232 1788 1422 1825 Fidelium
1453 1788 1733 1834 redemptorum

1232 1845 1330 1882 Mihi
1361 1855 1429 1891 per
1460 1845 1599 1881 cultum
1631 1845 1810 1880 honorum

1292 1901 1415 1938 Debet
1446 1900 1527 1938 fieri
1559 1901 1721 1948 patulus

853 2019 1020 2056 Filius
1057 2019 1115 2057 ad
1157 2024 1372 2059 matrem.

347 2108 385 2143 5.
421 2105 517 2142 Vemz
548 2109 585 2141 et
615 2108 666 2151 tu,
698 2116 809 2142 soror
837 2116 937 2153 mea,

418 2162 585 2208 Sponsa,
618 2167 738 2198 mater
767 2162 947 2209 virginea,

474 2218 526 2255 In
547 2218 700 2255 hortum
722 2229 844 2255 meum
865 2218 1079 2264 mentalem,

419 2274 630 2312 Affectione
661 2275 771 2321 ignea

420 2331 471 2368 Et
503 2332 643 2368 virtute
675 2332 848 2367 intranea

478 2388 664 2424 Desidero
695 2391 732 2424 te
764 2387 938 2435 totalem,

1236 2105 1320 2142 Non
1353 2105 1450 2150 volo,
1482 2104 1580 2151 quod
1613 2103 1814 2150 aliqualem

1236 2161 1377 2198 Nidum
1410 2173 1528 2207 ponas
1560 2161 1763 2207 specialem

1293 2218 1377 2254 Nisi
1408 2219 1445 2254 in
1476 2229 1547 2263 me,
1580 2218 1643 2264 qui
1674 2221 1807 2263 postea

1236 2274 1398 2311 Hortum
1431 2274 1528 2311 flabo
1560 2274 1614 2310 sic
1646 2273 1850 2318 vernalem,

1237 2331 1342 2376 Quod
1375 2342 1561 2377 nunquam
1595 2329 1724 2367 vidisti
1755 2329 1869 2367 talem

1296 2387 1582 2425 Pulchritudine
1612 2386 1741 2424 florea.

810 2505 1044 2543 Christus
1083 2506 1142 2544 ad
1178 2507 1423 2553 populum,

350 2592 388 2630 6.
422 2590 606 2626 Murram
648 2601 770 2626 meam
809 2595 898 2626 tunc
928 2590 1082 2638 messui,

425 2648 517 2683 Cum
550 2651 728 2683 extensus
761 2657 870 2683 cruce
902 2645 955 2683 fui

481 2703 586 2740 Fixis
618 2703 734 2739 clavis
765 2703 802 2739 in
833 2702 1018 2752 manibus,

424 2759 514 2795 ldco
545 2765 686 2795 metere
718 2760 832 2807 volui,

423 2818 514 2853 Cum
549 2817 645 2852 lianc
676 2817 831 2853 mixtam
864 2816 1006 2853 recolui

481 2874 575 2909 (ἀτη
608 2873 702 2910 meis
733 2872 996 2917 aromatibus3

1240 2591 1340 2627 Visis
1371 2600 1529 2637 namque
1560 2601 1604 2626 ex
1635 2589 1815 2640 gravibus

1239 2647 1452 2684 Tormentis
1484 2647 1627 2693 magnis
1659 2645 1845 2682 fructibus

1297 2703 1497 2741 Continerc
1527 2714 1599 2740 non
1633 2703 1752 2749 potui,

1239 2760 1335 2805 Quin
1367 2771 1435 2806 pro
1467 2760 1558 2795 meis
1589 2758 1799 2795 hominibus

1241 2817 1282 2853 ln
1315 2815 1630 2853 amaritudinibus

1295 2873 1533 2919 Exponcrem
1565 2882 1623 2908 me
1656 2871 1770 2908 casui.
