2031 3289
256 319 293 356 7.
324 318 448 365 Reges
477 317 587 354 multi
618 324 731 363 atque
758 315 861 362 iusti,

385 374 457 411 Per
488 373 658 410 divinam
689 372 850 419 gratiam

325 429 520 476 Inspirati‚
551 429 606 466 tui
637 428 716 466 nati

383 485 594 524 Poscebant
626 484 896 532 praesentiam.

257 616 293 653 8.
327 615 357 653 Ο
390 615 514 652 beata.
547 613 717 650 revelata

386 671 461 708 Per
490 674 528 706 te
560 679 658 706 nunc
689 667 913 716 prophetica

331 726 425 764 Sunt
457 731 605 763 secreta
635 730 672 762 et
703 724 890 771 completa

387 783 499 830 Legis
531 782 681 829 priscae
711 781 885 829 mystica.

264 915 300 952 9.
334 913 450 959 Virgo
481 910 612 949 florem
645 916 776 948 contra
806 920 948 948 morem

385 970 513 1015 Atque
545 966 710 1005 fructum
740 967 850 1004 arida

331 1025 583 1072 Germinavit‚
615 1034 710 1071 quae
741 1023 917 1070 signavit.

388 1081 496 1126 Quod
527 1086 568 1117 tu
600 1079 701 1117 fores
733 1079 904 1127 gravida.

233 1213 299 1251 10.
333 1212 390 1248 Tu
420 1210 596 1248 nimirum
627 1219 815 1255 nunquam
837 1209 959 1246 virum

392 1268 511 1304 Passa
541 1266 686 1314 prolem
720 1265 861 1312 regiam

338 1323 503 1361 Edidisti
537 1333 610 1362 nec
641 1322 793 1358 sensisti

393 1380 549 1417 Pariens
581 1379 790 1416 tristitiam.

240 1511 305 1548 11.
337 1508 456 1546 Stella
472 1507 600 1551 maris,
618 1517 724 1556 quae,
745 1507 831 1544 dum
845 1507 960 1555 paris,

393 1564 478 1602 Non
509 1564 640 1611 perdis
671 1563 904 1611 signaculum

337 1621 546 1662 Castitatis,
579 1631 599 1657 a
631 1620 796 1667 peccatis

391 1677 513 1714 Tuum
545 1677 649 1713 solve
679 1677 882 1713 servulum.

949 201 1031 242 452

1046 316 1112 353 16.
1144 316 1248 353 Iesse
1278 315 1396 364 virga,
1429 319 1534 352 tuum
1565 326 1656 364 roga

1198 371 1447 408 Benedictum
1477 371 1608 416 filium,

1143 428 1195 467 Ut
1227 438 1293 464 nos
1324 432 1449 465 servet
1480 432 1519 464 et
1547 432 1704 465 enervet

1201 483 1374 522 Fraudes
1405 481 1698 523 adversantium.

1050 611 1114 651 17.
1147 612 1177 650 Ο
1209 611 1331 660 beata,
1362 611 1554 658 postulata

1204 667 1323 705 Nobis
1355 668 1518 705 clemens
1551 666 1697 716 obtine,

1145 724 1281 762 Redde
1311 728 1412 761 tutos
1443 729 1481 760 et
1511 727 1642 761 exutos

1204 780 1284 817 Nos
1313 780 1361 817 ab
1391 781 1492 817 omni
1523 778 1690 819 crimine.

1051 910 1115 949 18.
1147 909 1219 946 Dei
1250 913 1383 955 mater,
1414 910 1649 947 incessanter

1203 966 1323 1003 Nobis
1355 976 1469 1012 posce
1500 966 1647 1003 veniam

1146 1022 1197 1060 Et
1229 1027 1447 1059 cunctorum
1479 1022 1761 1059 commodorum

1205 1077 1345 1116 Confer
1375 1077 1619 1118 affluentiam.

1053 1209 1117 1249 19.
1149 1207 1272 1248 Aufer
1301 1207 1403 1245 bella
1433 1213 1470 1244 et
1499 1206 1651 1254 flagella

1207 1266 1375 1311 Famem,
1405 1267 1563 1311 pestem,
1594 1263 1776 1311 gladium,

1152 1321 1363 1358 Tribulatis
1395 1320 1549 1367 pietatis

1206 1378 1389 1424 Impende
1420 1377 1611 1415 solacium.

1049 1508 1118 1546 20.
1152 1506 1232 1543 Pax
1263 1512 1299 1543 et
1330 1507 1435 1552 quies
1466 1510 1616 1543 nostros
1648 1505 1729 1542 dies

1202 1563 1361 1600 Faciant
1392 1563 1632 1608 laetissimos,

1148 1619 1209 1656 Xe
1239 1620 1440 1666 languores
1469 1624 1533 1656 aut
1564 1629 1758 1656 maerores

1205 1675 1367 1713 Nostros
1398 1680 1557 1723 gravent
1585 1675 1745 1715 animos

245 1804 307 1840 12.
340 1801 457 1848 Virgo
469 1799 797 1846 splendeuS‚quae
810 1798 1020 1836 ascendens
1054 1799 1120 1837 21.
1152 1798 1279 1835 Mater
1308 1797 1420 1845 bona,
1452 1797 1560 1834 nobis
1591 1797 1690 1835 dona

395 1857 500 1894 Sicut
531 1854 622 1893 fumi
653 1856 801 1902 virgula

337 1912 583 1952 Procedentis
614 1923 660 1950 ex
688 1911 891 1959 pigmentis

395 1969 506 2008 Omni
538 1979 644 2006 cares
675 1969 834 2014 macula,

243 2095 306 2133 13.
340 2094 394 2131 Sit
426 2092 560 2130 salutis
591 2102 705 2129 causa
737 2091 892 2140 cunctis,

397 2148 504 2196 Quod
536 2154 573 2185 te
604 2148 724 2185 Deum
758 2147 946 2184 credimus

341 2206 524 2244 Genuisse
555 2209 592 2241 et
622 2204 806 2241 mansisse

397 2261 590 2309 Virginem
621 2261 838 2298 asserimus.

246 2388 313 2426 14.
346 2386 376 2424 O
408 2385 544 2434 Maria,
577 2395 692 2432 prece
721 2385 785 2432 pia

398 2441 517 2479 Nobis
549 2440 607 2478 fer
636 2441 830 2486 auxilium,

345 2498 458 2537 Cuius
487 2508 621 2535 nomen
655 2498 719 2535 dat
748 2497 915 2534 solamen

399 2554 553 2592 Miseris
584 2554 633 2591 ad
663 2553 854 2602 gaudium.

247 2681 312 2719 15.
348 2680 490 2717 Nomen
522 2683 709 2723 sanctum,
741 2687 811 2724 per
841 2676 941 2723 quod

640 2734 832 2781 planctum

407 2794 615 2829 Aeternum
649 2790 848 2836 evasimus,

345 2848 491 2884 Nomen
505 2847 655 2894 bonum,
668 2856 738 2894 per
749 2846 848 2893 quod
861 2845 998 2882 donum

403 2903 543 2941 Salutis
573 2904 801 2950 accepimus.

1207 1855 1324 1892 Tuum
1358 1854 1620 1904 patrocinium,

1155 1911 1205 1950 L‘t
1239 1921 1437 1958 regnemus
1468 1915 1505 1947 et
1535 1911 1732 1948 laudemus

1210 1968 1329 2004 Tuum
1361 1977 1511 2014 semper
1540 1966 1674 2005 filium.

1061 2091 1126 2128 22.
1159 2089 1300 2127 Factor
1331 2089 1446 2135 orbis,
1478 2090 1542 2136 qui
1574 2100 1644 2137 pro
1673 2088 1782 2128 nobis

1213 2146 1334 2183 Natus
1365 2156 1404 2182 es
1431 2156 1477 2183 ex
1509 2144 1660 2196 femina,

1157 2202 1287 2240 Crucis
1317 2213 1439 2249 poena
1470 2202 1595 2240 aliena

1214 2259 1283 2303 Qui
1314 2259 1485 2305 purgasti
1516 2258 1685 2308 crimina,

1061 2384 1127 2420 23.
1159 2382 1221 2419 Ad
1253 2388 1291 2418 te
1321 2382 1455 2427 clamo,
1487 2385 1528 2418 ut
1558 2392 1603 2418 ex
1634 2381 1746 2419 hamo

1213 2438 1277 2475 Me
1307 2438 1455 2484 peccati
1485 2437 1623 2475 liberes

1157 2494 1207 2532 Et
1237 2504 1398 2531 coronae
1428 2494 1686 2540 sempiternae

1215 2550 1403 2588 Donativo
1434 2560 1619 2588 muneres.

1064 2677 1129 2713 24.
1162 2675 1299 2712 Matris
1328 2685 1442 2723 prece
1472 2684 1531 2711 me
1562 2674 1609 2711 de
1638 2683 1741 2723 nece,

1219 2732 1334 2778 Quam
1367 2730 1542 2778 formido,
1573 2730 1694 2767 libera

1162 2788 1267 2826 Pelle
1297 2792 1449 2833 metum,
1482 2785 1543 2824 fac
1569 2796 1628 2823 me
1647 2786 1787 2823 laetum

1214 2843 1358 2882 Cuncta
1389 2854 1526 2881 sanans
1558 2843 1725 2880 vulnera.
