1914 3223
705 209 753 213 —
815 185 896 225 4«)ss
957 208 1009 213 —

585 344 754 382 Filius
799 344 857 382 ad
899 350 1116 383 matrem.

55 453 60 456 ·
91 447 155 488 74,
187 446 293 495 Quae
322 446 363 481 in
393 446 512 484 hortis
542 445 764 483 florentibus

187 504 233 542 In
262 501 484 549 floridisque
515 503 704 540 mentibus

243 559 425 604 Habitus,
457 570 478 596 o
510 564 631 596 mater
661 560 737 606 pia,

187 615 305 661 Scias,
338 615 439 662 quod
473 616 796 662 complacentibus

186 672 317 710 Amici
347 672 468 709 nostri
501 672 655 710 auribus

240 728 475 767 Auscultcmt
502 734 633 767 nostra
665 729 803 777 dulcia,

185 787 288 833 Quae
319 786 491 831 dicimus,
525 786 686 833 eloquia,

186 842 240 881 Ut
269 853 312 880 ea
343 846 468 879 mente
498 843 627 881 sobria

243 900 336 938 Cum
368 899 516 936 animae
546 899 743 936 affectibus

187 955 369 993 Tractent
399 960 596 1002 sperantes
625 957 795 1003 praemia

186 1013 280 1051 Inde
310 1013 606 1059 supercaelestia

243 1069 335 1108 Cum
366 1070 506 1106 nostris
538 1070 636 1107 caris
657 1070 813 1108 civibus.

905 448 970 486 75.
1004 447 1125 494 Nunc,
1158 451 1291 496 mater,
1324 447 1389 494 fac
1418 457 1477 483 me
1500 446 1639 484 audire

1007 504 1141 540 Vocem
1172 505 1293 550 tuam,
1326 515 1412 540 nam
1443 502 1550 540 abire

1058 560 1122 597 Ad
1143 560 1398 606 quaerendum
1417 564 1637 607 peccatores

1003 616 1111 657 Volo,
1144 617 1175 652 si
1209 621 1250 653 tu
1282 617 1497 653 consentire

1004 673 1110 709 Velis
1141 677 1179 709 et
1209 684 1282 710 non
1315 673 1506 710 contraire

1060 729 1203 767 odiens
1234 741 1320 767 suos
1353 740 1524 778 errores;

1004 786 1121 824 Dicas
1152 797 1241 832 ergo
1274 791 1309 823 et
1341 797 1496 833 perores

1006 845 1100 889 Iam,
1134 843 1256 889 qualis
1286 843 1446 880 interior
1477 853 1528 889 es,

1062 900 1101 937 Si
1133 900 1204 947 vis,
1236 901 1336 946 quod
1369 910 1432 936 eos
1463 900 1591 946 perire

1006 956 1136 993 Sinam
1169 956 1228 992 vel
1259 957 1405 1003 gratiae
1437 955 1537 993 fores

1003 1013 1161 1050 Eisdem
1192 1013 1407 1059 superiores

1059 1069 1229 1108 Pandam
1247 1080 1408 1117 parcens
1425 1080 1531 1107 meae
1546 1070 1640 1108 irae.

612 1229 776 1266 Mater
817 1229 876 1266 ad
918 1227 1101 1268 filium.

92 1332 155 1371 76.
186 1329 305 1378 Fuge,
338 1330 469 1369 dilecte
498 1331 566 1379 mi,
599 1331 673 1368 cito

186 1387 244 1426 De
273 1398 368 1440 meo!
386 1388 626 1435 beneplacito

243 1445 327 1492 Est,
359 1445 460 1492 quod
491 1450 531 1482 tu
554 1445 648 1482 velis
670 1445 819 1482 salvare

189 1502 327 1541 Omnes
358 1506 500 1548 gentes.
534 1502 742 1551 supposito,

188 1559 294 1604 Quod
327 1569 349 1595 a
379 1569 445 1596 suo
476 1559 611 1596 illicito

246 1615 416 1652 Humiles
446 1616 565 1653 velint
596 1626 761 1665 cessare3

1005 1331 1181 1377 Capreae
1219 1330 1438 1368 assimilare

1006 1387 1152 1425 Scienti
1183 1398 1223 1424 se
1255 1386 1438 1424 festinare

1065 1444 1322 1491 Himzuloque
1351 1444 1536 1482 indomito

1011 1502 1220 1539 Cere‘orum
1254 1501 1398 1538 nolenti
1429 1506 1531 1538 stare

1008 1558 1136 1605 Super
1164 1561 1311 1596 montes
1343 1559 1402 1595 vel
1433 1567 1596 1605 pausare

1062 1615 1295 1653 Aromatum
1330 1619 1367 1652 et
1397 1615 1556 1662 pergito.

511 1717 738 1764 Explieizmt
766 1718 918 1755 eamica
948 1717 1199 1756 cantieorum.

754 1774 808 1811 Et
837 1774 892 1812 sic
921 1774 1026 1821 finis,

168 1874 309 1908 Coilect.
335 1886 397 1907 ms.
424 1875 709 1907 Claraex-allense
735 1885 825 1907 saec.
854 1872 904 1906 15.
956 1875 1040 1907 Cod.
1065 1875 1208 1906 Trecen.
1239 1871 1335 1905 1612.
1360 1890 1404 1896 -
1430 1874 1570 1915 Caput
1599 1874 1645 1905 11.

80 1917 142 1958 21,
175 1918 216 1952 12
248 1921 415 1953 oculatus.
442 1938 482 1942 —-
511 1921 652 1962 Caput
685 1922 749 1952 ΙΙΙ.

803 1918 859 1958 18,
896 1918 936 1952 12
961 1924 1211 1962 compotorum.
1238 1937 1278 1941 —
1305 1917 1366 1959 25,
1400 1917 1421 1950 3
1446 1919 1515 1950 Seu
1540 1920 1646 1960 perti-

80 1966 220 1998 naciter.
244 1984 287 1988 —
312 1967 455 2009 Caput
488 1967 528 1999 V.
565 1965 595 2006 9,
621 1965 642 1998 9
667 1966 714 1998 Et
739 1970 846 1998 stans.
872 1983 916 1988 -
944 1964 995 2004 13,
1022 1964 1043 1997 2
1068 1976 1110 1997 zu
1136 1955 1272 1997 diesem¹
1292 1966 1381 1997 Vers
1406 1964 1565 1996 bemerkt
1589 1964 1645 1996 die

80 2010 161 2042 Hs.:
191 2011 266 2054 Ego
299 2023 375 2044 sum
407 2012 524 2054 Alpha
556 2017 589 2044 et
619 2012 668 2054 O;
701 2015 735 2044 et
768 2015 869 2050 nota,
902 2012 994 2050 quod
1026 2013 1063 2042 in
1087 2012 1245 2053 Aegypto
1276 2014 1310 2042 et
1335 2010 1439 2051 Syria
1463 2010 1646 2041 columbae

82 2059 160 2088 sunt
175 2057 315 2098 gerulae
331 2058 522 2090 literarum.
539 2076 584 2080 —
604 2057 655 2094 15,
681 2055 701 2089 9
719 2058 808 2089 dazu
825 2057 881 2089 die
898 2057 981 2088 Hs.:
1011 2057 1137 2088 Velum
1155 2060 1207 2089 est
1224 2057 1420 2088 excusatio:
1448 2056 1645 2096 „Quoniam

80 2102 191 2133 virum
214 2113 283 2134 non
307 2101 512 2146 cognosco“.
540 2121 580 2125 —
608 2101 670 2142 22,
696 2102 716 2134 5
741 2103 915 2135 letillima.
940 2119 983 2124 —
1008 2099 1069 2140 36,
1094 2101 1114 2134 5
1140 2102 1261 2134 hierzu
1285 2101 1341 2133 die
1367 2101 1447 2132 Hs.:
1475 2103 1580 2132 Cato:
1606 2102 1630 2132 ὃ

82 2146 174 2179 Deus
199 2151 252 2180 est
275 2150 422 2181 animus.
446 2168 489 2172 -
517 2147 568 2187 11,
595 2147 614 2180 7
640 2148 748 2181 danti.
775 2166 815 2170 —-
844 2150 988 2190 Caput
1021 2148 1098 2180 VII.
1136 2146 1189 2186 26,
1218 2145 1260 2180 10
1285 2147 1441 2179 olfatum.
