2031 3289
972 159 1253 200 -68—

358 277 396 313 3.
430 275 519 312 Hoc
545 279 600 311 est
622 275 736 321 salua
769 273 868 319 quod
890 272 1086 312 vincimur.

430 332 520 369 Cum
552 331 631 367 sola
662 330 767 376 virgo
799 329 962 377 degeret,

430 387 609 433 Concepit
641 396 732 422 aure
761 384 893 432 filium,

432 443 615 489 Stupente
646 440 786 478 factum
820 450 978 487 corpore

352 535 391 573 4.
428 532 623 578 Turgescit
655 532 762 568 alvus
791 531 939 577 spiritu.

429 589 535 636 Quod
567 589 695 635 lingua
724 587 824 633 iecit,
857 597 982 623 semen
1015 591 1083 634 est,

426 646 471 682 In
502 655 615 681 earne
644 642 814 680 Verbum
845 643 1055 689 stringitur.

424 702 482 739 De
517 705 636 737 matre
668 705 823 736 cunctus
854 704 982 736 noster
1013 703 1082 747 est,

350 796 396 830 5.
430 791 488 828 De
521 794 630 837 patre
659 790 712 826 nil
745 790 889 826 distans
920 790 1034 827 Deus.

427 848 612 893 Utrisque
642 850 772 892 partus
803 847 961 893 integer,

423 905 494 949 Qui
526 903 644 950 gignit
675 908 710 939 et
742 903 804 949 qui
835 902 1010 949 percipit..

420 961 486 997 Nil
516 959 636 996 maior
659 960 731 997 ille
762 958 935 1002 servulis,

421 1048 454 1087 4,
482 1047 498 1080 1
531 1049 715 1090 Turgiscet
739 1049 776 1079 B.
802 1065 845 1068 —
870 1046 902 1085 4,
929 1045 949 1077 2
973 1049 1061 1079 ieeet
1084 1049 1125 1079 B.
1152 1064 1195 1069 —
1221 1046 1252 1086 5,
1277 1044 1298 1078 3
1322 1048 1491 1088 praecipit
1514 1048 1553 1077 B.
1579 1063 1623 1067 —-
1648 1045 1678 1083 5,
1704 1044 1726 1077 4
1749 1047 1827 1079 Cnil
1845 1048 1895 1088 B;

1172 273 1209 311 6.
1241 272 1316 309 Sed
1347 283 1416 309 nec
1445 272 1567 309 minor
1598 276 1748 309 creante
1776 272 1829 310 fit.

1240 329 1343 366 Fons
1374 329 1476 365 dicta
1505 328 1653 365 clausus
1684 329 1836 376 accipit,

1239 384 1341 421 Fons
1380 384 1549 421 membra
1583 384 1732 422 clausus
1763 387 1894 436 egerit,

1239 440 1321 477 Nec
1347 441 1443 478 rima
1472 441 1609 477 crescit
1637 441 1756 478 artior

1173 531 1208 568 7.
1240 531 1290 567 Et
1323 541 1411 567 vera
1440 531 1567 576 proles
1598 531 1743 581 emicat.

1240 586 1324 636 Dic,
1366 591 1487 623 mater
1522 590 1558 623 et
1588 587 1706 634 virgo,
1746 597 1894 638 precor,

1238 644 1489 690 Quisquamne
1519 643 1662 680 claudit
1692 642 1850 680 exiens?

1239 703 1426 737 Artantur
1456 704 1544 736 exta
1574 698 1726 745 fetibus,

1173 791 1207 827 8.
1240 789 1414 826 Vinelum
1444 789 1600 835 pudoris
1631 793 1740 825 natus
1771 794 1839 826 est.

1239 842 1360 897 Q[uae
1390 842 1495 896 se]de
1526 845 1667 883 Christi
1699 845 1860 893 dignior,

1238 902 1355 947 Quam
1386 905 1471 938 sunt
1502 912 1678 947 superna,
1712 901 1892 947 crederis,

1238 958 1369 995 Nostri
1398 962 1584 994 memento
1613 962 1855 1004 praepotens,

332 1095 478 1127 servolis
522 1095 561 1124 B.
597 1111 637 1115 —
670 1091 707 1132 6,
741 1091 761 1124 2
795 1093 932 1133 adcepit
962 1094 1000 1124 B.
1033 1110 1078 1114 -—
1113 1091 1154 1132 6,
1186 1091 1207 1125 3
1240 1096 1355 1134 egeret
1379 1092 1417 1123 B.
1442 1109 1487 1113 —
1511 1090 1541 1130 7,
1567 1089 1588 1123 3
1623 1092 1762 1123 claudet
1784 1093 1824 1123 B.
1849 1111 1892 1114 —

333 1138 363 1179 8,
390 1137 411 1171 3
435 1139 601 1171 crederes
624 1139 664 1170 Β.
689 1157 731 1161 —
760 1139 939 1179 „Hymnus
965 1142 1104 1169 sanctae
1134 1139 1277 1176 Mariae,
1302 1137 1414 1168 dictus
1439 1147 1459 1168 a
1483 1137 1608 1168 domno
1634 1135 1828 1168 Ennodio.“
1854 1138 1894 1170 Β.

747 1269 806 1305 64.
842 1270 922 1311 (11.)
956 1271 1130 1314 Hymnus
1156 1270 1287 1306 sancti
1313 1270 1494 1306 Martini.

350 1370 387 1407 1.
420 1369 512 1406 Cum
548 1370 653 1414 gesta
682 1365 841 1403 Martini
868 1365 1015 1412 loquor,

420 1424 485 1462 Nil
517 1423 630 1460 laude
663 1422 814 1469 dignum
845 1427 1009 1463 transeo,

421 1481 555 1518 Divisa
585 1479 704 1516 virtus
736 1478 907 1515 omnibus

422 1538 547 1576 Unum
578 1540 706 1573 coacta
737 1534 928 1581 praetulit.

353 1632 389 1669 2.
421 1627 572 1666 Labore
602 1636 736 1672 magno
767 1629 913 1671 martyr
942 1628 998 1660 est

421 1685 573 1721 Victore
604 1682 730 1719 carnis
762 1681 913 1728 spiritu,

422 1741 506 1778 Hoc
537 1744 595 1776 est
625 1738 825 1784 triumphis
852 1736 1079 1785 proximum,

423 1798 462 1836 Si
494 1796 594 1833 bella
626 1795 774 1832 calcent
803 1793 946 1832 intima.

351 1892 386 1927 3.
417 1888 608 1927 Perdente
639 1886 737 1923 vires
770 1894 927 1932 corpore

418 1946 493 1982 Res
524 1943 600 1980 fixa
633 1946 780 1979 constat
811 1940 963 1988 laureis,

419 2001 609 2039 Sublimat
638 2000 782 2036 hostem
812 1997 1005 2037 mentium,

421 2058 491 2103 Qui
523 2062 610 2093 vota
639 2055 890 2092 membrorum
922 2052 1031 2091 facit.

349 2152 386 2187 4.
418 2148 493 2185 Hic
526 2146 641 2184 fontis
668 2146 790 2193 ignem
822 2144 993 2181 nesciens

421 2205 557 2241 Calore
588 2201 761 2239 fervebat
791 2201 874 2246 Dei,

419 2260 543 2299 Undis
576 2269 717 2306 vapore
748 2258 896 2294 iunctus
928 2261 999 2305 est,

418 2317 572 2356 Christo
605 2316 751 2353 dicatus
782 2314 941 2352 actibus,

1170 1368 1206 1404 5.
1242 1365 1322 1410 Qua
1354 1369 1457 1401 veste
1486 1365 1627 1401 nudum
1660 1367 1823 1409 texerat,

1239 1422 1321 1458 Hac
1352 1431 1418 1458 rex
1449 1420 1595 1457 nitebat
1625 1420 1813 1468 aetheris,

1238 1478 1423 1515 Sordente
1452 1488 1576 1523 panno
1607 1476 1832 1525 adquiritur,

1236 1536 1315 1581 Quo
1347 1533 1465 1580 fulget
1496 1538 1684 1570 astrorum
1715 1533 1860 1579 globus.

1168 1628 1203 1662 6.
1235 1626 1352 1672 Quam
1383 1624 1482 1660 iusta
1514 1623 1778 1660 commutatio!

1236 1682 1387 1718 Ostrum
1421 1681 1596 1726 rependit
1624 1679 1811 1726 indigens,

1236 1738 1288 1775 Et
1318 1748 1432 1784 regna
1463 1737 1656 1773 mendicus
1688 1741 1810 1781 parat.

1236 1795 1328 1832 Mox
1359 1804 1467 1830 sacra
1497 1794 1597 1830 vitae
1626 1792 1800 1839 contigit,

1175 1885 1209 1923 7.
1240 1884 1297 1921 De
1329 1884 1438 1930 plebe
1472 1884 1563 1920 lusit
1594 1884 1830 1929 daemonum,

1241 1941 1353 1978 Iussit
1386 1940 1527 1977 favillis
1558 1950 1723 1988 surgere,

1241 1997 1380 2034 Vixere
1408 2001 1512 2034 tactu
1543 1995 1688 2034 funera.

1239 2052 1411 2101 Flagella
1442 2063 1573 2099 passus
1605 2056 1661 2089 est
1693 2052 1824 2097 libens,

1174 2144 1209 2181 8.
1238 2144 1380 2190 Quibus
1412 2154 1585 2180 coronam
1616 2142 1760 2180 nexuit.

1242 2201 1468 2246 Compulsus
1498 2199 1548 2237 ad
1578 2199 1787 2236 antistitem

1241 2257 1376 2293 Votum
1406 2267 1618 2303 repugnans
1648 2255 1784 2302 induit,

1241 2314 1347 2359 Quod
1389 2319 1518 2350 sancta
1557 2312 1759 2359 complevit
1788 2310 1893 2349 fides.

425 2405 455 2445 3,
482 2405 504 2437 4
529 2407 619 2437 facet
637 2406 676 2436 B.
695 2421 739 2425 —-—
763 2401 793 2441 4,
819 2401 841 2434 4
863 2402 1004 2434 decatus
1030 2402 1068 2433 B.
1089 2419 1132 2423 —
1157 2401 1188 2443 5,
1213 2401 1235 2434 4
1260 2402 1359 2442 Quod
1384 2402 1421 2433 B.
1439 2419 1482 2423 ——
1508 2400 1537 2438 6,
1565 2400 1585 2433 2
1602 2401 1742 2432 Ostrum
1768 2400 1894 2441 korrig.

334 2455 369 2484 in
401 2456 532 2484 astrum
557 2452 596 2482 B.
622 2467 666 2471 -—
696 2447 732 2487 8,
767 2447 787 2480 2
818 2449 1017 2479 antestitem
1041 2448 1082 2479 Β.
1108 2464 1153 2468 -
1185 2448 1366 2489 „Hymnus
1399 2449 1510 2479 sancti
1536 2447 1699 2484 Martini,
1733 2445 1843 2477 dictus
1875 2453 1896 2475 a

332 2499 460 2530 domno
486 2493 681 2529 Ennodi0f⁴
710 2496 748 2526 B.

733 2606 791 2642 (55.
829 2605 908 2647 (12.)
944 2604 1116 2647 Hymnus
1144 2603 1275 2638 sancti
1305 2602 1506 2646 Dionysii.

1170 2699 1207 2736 2.
1241 2697 1482 2735 Constantius
1514 2700 1635 2733 vatem
1666 2695 1748 2732 loco

1240 2753 1434 2799 Quondam
1465 2757 1646 2799 tyrannus
1677 2750 1843 2800 expulit3

1239 2810 1323 2848 Non
1356 2809 1466 2845 cessit
1497 2809 1569 2845 iste
1598 2807 1764 2855 turbido,

1240 2865 1369 2904 Crevit
1400 2865 1578 2912 perieulis
1610 2863 1716 2901 fides.

350 2703 386 2739 1.
420 2701 602 2749 Dionysio
640 2700 811 2737 Christus
845 2698 951 2735 dedit

422 2762 519 2803 Quot
550 2757 664 2800 bella,
696 2760 752 2793 tot
782 2755 982 2801 victorias3

419 2814 539 2851 Exsul
571 2814 718 2860 piorum
752 2812 843 2849 civis
875 2816 943 2857 est,

423 2870 538 2908 Urbis
569 2879 754 2916 supernae
784 2869 988 2915 particeps,
