1914 3223
149 320 220 358 311.
265 317 419 355 Pietatis
449 316 528 354 adit
560 314 700 353 fontem

855 200 935 241 272³

928 314 1002 354 31).

261 376 316 411 Ac
348 373 526 411 virtutum
553 373 672 418 tangit
693 376 855 408 montem

316 430 491 468 Tendens
522 429 571 466 ad
604 428 793 466 caelestia.

149 536 220 572 421.
252 533 361 570 Mens
390 532 426 568 in
459 530 584 568 fletum
618 534 695 568 tota
727 528 819 572 fluit,

931 529 1004 568 4b.

259 589 444 633 Nuncest‚
455 588 635 635 quodiam
649 587 786 624 dudum
800 585 882 634 fuit,

315 645 433 682 Fac-ta
463 655 617 692 prorsus
647 643 733 681 alia.

314 862 494 898 Miserum
527 864 736 897 curaverat.

148 965 215 1002 fia.
261 962 462 1000 Exactoris
492 962 617 1010 iugum
650 960 774 1009 fregit,

264 1017 362 1056 Vicit
395 1019 572 1056 mundum
605 1024 640 1055 et
672 1019 783 1065 elegit

317 1075 397 1114 Sibi
428 1080 572 1122 partem
605 1075 782 1122 optimam
796 1088 804 1119 ;

264 1177 326 1216 Sic
356 1176 502 1214 accedit
535 1176 675 1215 Christi
709 1177 816 1213 donis

262 1233 367 1272 Raab
399 1239 509 1280 atque
541 1233 746 1280 Babylonis

319 1289 436 1329 Beata
468 1291 676 1337 conversio,

153 1179 221 1216 7a.

263 1393 292 1430 Ο
325 1391 486 1429 dulcedo
516 1392 650 1428 mentis
681 1392 786 1438 piae!

259 1451 388 1494 Amor,
419 1448 526 1494 tideS‚
559 1458 644 1494 spes
675 1449 822 1486 Mariae

317 1506 498 1542 Lazarum
530 1505 743 1545 resuscitat.

150 1393 219 1430 Sa.

149 1608 221 1645 aa.
263 1607 304 1643 Iu
337 1604 461 1643 futuro
492 1605 726 1652 profuturam

259 1663 371 1701 Circa
401 1663 543 1700 Christi
573 1663 804 1710 sepulturam

263 1715 482 1765 impertitur
511 1730 656 1757 ornnem
689 1730 828 1758 curam.

317 1776 366 1814 Ut
399 1776 536 1813 dilecto
567 1776 721 1815 serviat.

124 1878 173 1915 10
186 1888 220 1915 a.
262 1877 468 1914 Iucundata
499 1877 640 1915 visione

259 1934 500 1980 Resurgentis
531 1939 567 1971 et
598 1945 767 1973 sermone

261 1990 522 2039 Praeceptoris
552 1992 715 2029 iussione

314 2047 427 2084 Redit
457 2048 505 2085 ad
538 2048 754 2095 discipulos.

124 2148 217 2185 lla.
259 2149 394 2186 Omnes
425 2160 513 2196 ergo
544 2156 630 2188 voto
660 2151 743 2197 pari

259 2205 341 2241 Hoc
370 2211 518 2243 utamur
547 2207 753 2254 exemplari

257 2261 307 2298 Et
337 2261 470 2299 affectu
500 2264 679 2310 singulari

259 2317 481 2355 Studeamus
511 2320 649 2357 imitari

315 2375 460 2412 Mariae
491 2377 658 2424 vestigia.

183 2985 343 3019 Dravus,
372 2987 615 3024 Hymnographi
639 2989 753 3018 Latini.
784 2992 807 3018 1.

805 3111 824 3118 ,

184 763 215 787 ·.
260 748 342 785 Non
373 753 429 784 est
460 757 601 783 memor
636 745 856 799 pharisaeus
927 745 1000 785 51).

258 805 355 843 Suae
385 805 527 852 leprae,
561 803 607 840 de
638 814 710 849 qua
742 803 842 840 Deus

932 960 1006 1000 6b.

932 1176 1002 1214 7b.

932 1392 1005 1432 8b.

930 1607 1005 1645 9b.

902 1880 950 1918 10
965 1879 1001 1917 b.

898 2151 998 2189 11b.

1045 314 1115 352 illa
1133 313 1299 350 cursitet
1314 316 1469 349 currunt
1484 311 1677 357 lacrimae,

1041 370 1304 417 Adflicta‘eque
1326 368 1510 416 singultus
1529 368 1678 406 animae

1097 426 1223 464 Morbi
1254 430 1342 464 suut
1371 425 1529 463 indicia.

1043 530 1138 566 Arte
1169 528 1302 565 summi
1334 527 1470 564 medici

1039 586 1104 624 Fit
1135 586 1272 622 coloris
1302 585 1403 622 unici

1098 642 1215 679 I'ellis
1248 641 1358 688 pardi
1390 641 1508 680 varia.

1043 744 1276 783 paenitentis
1304 744 1352 780 ad
1385 744 1576 790 ingressus

1045 802 1208 839 Damnat
1238 801 1342 837 illam
1374 804 1411 837 et
1442 809 1618 836 excessus

1100 859 1259 896 Veteres
1289 859 1537 906 improperat.

1046 960 1209 1006 Lavans,
1240 970 1383 1006 ungens
1416 961 1453 995 et.
1484 957 1634 1004 capillis

1044 1017 1212 1065 Tergens
1246 1012 1394 1067 [pedes]
1430 1015 1514 1062 plus
1540 1013 1676 1050 inillis

1101 1073 1213 1111 Suam
1245 1073 1339 1110 lavit
1368 1073 1545 1112 animam.

1040 1176 1286 1222 Contemptus
1316 1175 1354 1212 in
1386 1175 1558 1222 granam,

1045 1234 1088 1270 In
1119 1233 1268 1270 laudem
1301 1236 1339 1269 et>
1368 1231 1527 1279 gloriam

1100 1290 1221 1327 Versa
1252 1293 1309 1326 est
1339 1287 1522 1328 confusio.

1044 1392 1139 1429 Esse
1171 1391 1293 1428 credit
1323 1391 1566 1428 hortulanum

1043 1448 1289 1498 Salvatorem,
1323 1458 1391 1484 nec
1422 1449 1460 1485 in
1492 1457 1641 1495 vanum,

1099 1505 1197 1542 Nam
1227 1506 1266 1542 in
1296 1505 1416 1542 hortis
1448 1503 1607 1542 habitat.

1047 1608 1097 1646 Ut
1129 1606 1266 1644 effulsit
1297 1608 1361 1644 lux
1395 1606 1523 1644 divina

1046 1664 1088 1700 Vi
1120 1674 1321 1701 coruscans
1352 1663 1551 1710 repentina

1040 1721 1154 1768 Quasi
1185 1721 1296 1758 stella
1327 1720 1522 1769 matutina,

1098 1779 1235 1814 Verum
1267 1777 1384 1814 solem
1414 1777 1575 1815 nuntiat.

1042 1879 1113 1916 His
1144 1878 1311 1917 infundit
1343 1879 1449 1916 verbi
1480 1879 1582 1917 rivos

1039 1936 1136 1974 Fide
1166 1935 1320 1973 firmans
1351 1936 1552 1974 semivivos

1039 1992 1264 2041 Colligitque
1294 1993 1508 2040 primitivos

1094 2049 1205 2087 Fidei
1236 2050 1460 2097 manipulos.

1038 2151 1162 2189 Simus
1193 2151 1347 2189 Martha
1377 2162 1447 2198 per
1476 2150 1645 2190 laborem

1038 2208 1088 2245 Et
1119 2208 1245 2245 Maria
1276 2218 1345 2255 per
1374 2219 1554 2257 amorem,

1038 2265 1091 2304 Ut
1122 2275 1205 2301 cum
1237 2265 1290 2302 eis
1321 2265 1550 2303 salvatorem

1036 2321 1342 2368 Contemplemur
1373 2326 1410 2358 et
1442 2322 1616 2360 decorem

1093 2378 1302 2426 Regnantis
1332 2379 1371 2415 in
1402 2379 1535 2426 gloria.

1423 2993 1462 3027 18
