1914 3223
691 162 995 201 -443-

515 279 553 315 5.
585 277 763 314 Pastores
794 276 991 319 ecclesiae,

585 332 766 372 Omnibus
796 333 891 370 haec
922 332 1038 370 dicite

641 390 684 426 In
715 387 791 426 fide
823 389 989 427 sincera:
1041 435 1047 441 .

582 445 668 491 Eia,
701 445 759 483 eia
791 445 928 491 canite,

584 504 713 550 Ipsum
746 502 959 539 benedicite

641 559 754 596 Dulci
788 559 990 597 cantilena.

159 633 232 665 Fol.
272 631 335 665 155
353 642 382 664 a.

437 633 510 673 „De
535 631 761 663 Nativitate.“
787 649 832 653 —
865 630 932 663 Str.
958 628 979 661 5
1003 630 1098 662 dient
1123 631 1175 662 als
1200 630 1388 662 Rundreim
1414 630 1502 662 nach
1531 629 1629 672 jeder

66 679 213 721 Strophe
245 678 315 710 und
348 679 393 709 isi
424 677 568 709 deshalb
604 687 649 708 an
679 676 740 708 das
771 676 870 708 Ende
902 676 1053 718 gestellt.
1106 676 1145 707 111
1177 676 1236 707 der
1270 677 1331 708 Hs.
1367 675 1460 707 steht
1492 677 1542 707 sie
1576 675 1628 708 als

65 725 240 768 Repetitio
265 723 353 755 nach
376 724 443 756 Str.
472 722 498 754 1.

84 884 122 926 1.

615 798 697 834 416.
733 798 814 841 (28.)
849 799 906 834 De
933 799 1086 834 eadem.

153 884 323 923 Phoenix
356 895 442 929 una,
474 884 580 930 virgo
611 893 717 930 pura,

153 940 286 989 Gignis
316 946 444 978 natum
476 938 655 987 frangens
684 939 769 976 iura

209 998 375 1042 Doloris,
409 997 574 1043 innoxia,

152 1054 214 1093 Ab
245 1058 399 1092 aeterno
429 1053 657 1102 praeelecta,

93 1136 99 1141 -
153 1113 198 1150 In
228 1110 420 1158 praesenti
451 1109 665 1155 benedicta,

211 1168 255 1205 In
285 1178 416 1204 aevum
447 1167 667 1214 praedoxia.

115 1275 124 1286 .
155 1247 186 1285 Ο
217 1246 347 1284 herilis
383 1246 523 1294 baiula,

155 1303 213 1341 Tu
243 1304 302 1341 via
333 1304 456 1341 vitans
489 1302 610 1352 devia,

214 1360 339 1397 Venus
370 1360 491 1397 almae
521 1358 743 1408 venustatis,

155 1417 285 1454 Ardor
320 1415 460 1453 ard'ens
490 1416 610 1459 arida,

158 1473 215 1511 Tu
243 1474 346 1510 rivus
378 1473 504 1520 rigans
534 1472 667 1520 rigida,

214 1530 335 1567 Alvus
366 1539 530 1567 summae
563 1528 729 1566 deitatis.

897 884 934 923 3.
967 881 1109 928 Sophia
1140 881 1377 931 prudentiae,

967 938 1025 975 Tu
1055 937 1150 974 resis
1182 938 1431 983 eloquentiae,

1023 994 1181 1031 Fulmen
1196 993 1338 1031 fulvum
1348 1000 1387 1031 tu
1397 993 1625 1042 splendoris,

969 1051 1112 1089 Christi
1144 1051 1362 1100 alvearium,

969 1108 1095 1156 Sidus,
1127 1108 1383 1145 sanctuarium

1024 1165 1075 1201 Et
1105 1174 1258 1211 magnes
1289 1165 1440 1202 amoris.

931 1275 938 1282 .
971 1243 1149 1289 Obsecro,
1182 1244 1234 1279 sis
1265 1254 1407 1280 memor
1438 1244 1522 1292 mei,

972 1300 1002 1338 O
1034 1300 1179 1347 asylum
1212 1300 1332 1337 bonae
1363 1301 1456 1348 spei,

1029 1356 1140 1394 Vitae
1170 1355 1420 1403 refrigerium,

973 1414 1126 1452 Scutum
1157 1417 1291 1462 tutum,
1322 1413 1416 1450 muti
1447 1411 1559 1460 fatus,

972 1472 1046 1508 Per
1076 1475 1113 1506 te
1144 1470 1217 1506 iter
1245 1474 1283 1507 et
1314 1471 1472 1508 ducatus

1029 1526 1153 1563 Datur
1183 1527 1298 1564 corde
1330 1527 1463 1566 deviis.

164 1600 239 1635 Pol.
266 1601 329 1635 155
343 1613 374 1635 a.
425 1603 498 1644 „De
523 1598 739 1634 nativitate.⁴‘
767 1618 811 1622 ——
836 1598 867 1639 2,
896 1598 910 1631 1
939 1610 988 1641 sq.
1039 1599 1068 1631 O
1093 1599 1213 1631 herilis
1240 1600 1399 1632 baiulatu
1424 1601 1483 1632 via
1507 1600 1636 1631 vitans.

78 1665 120 1671 —
147 1646 177 1688 3,
206 1646 227 1679 2
251 1650 337 1681 resis
363 1647 490 1690 (ῥῆσις)
513 1646 788 1680 Redeschmuek.
817 1663 860 1668 —
885 1646 950 1677 Am
976 1644 1114 1677 Schluss
1141 1649 1203 1677 etc.

622 1769 704 1805 417.
741 1769 822 1813 (29.)
856 1769 914 1804 De
940 1769 1092 1804 eadem.

121 1885 129 1894 .
160 1854 204 1891 In
234 1864 383 1898 vanum,
412 1853 673 1890 Hebraeorum

162 1910 317 1957 Gentes,
350 1910 411 1947 hic
440 1910 638 1947 haesitatis

217 1966 269 2004 Et
298 1970 426 2004 natum
455 1967 494 2003 in
527 1965 673 2004 foribus

162 2023 344 2061 Videntes
374 2023 570 2071 ignoratis.

163 2102 237 2141 Per
267 2106 370 2140 vates
401 2101 596 2149 figuratur,

162 2159 271 2206 Quod
302 2169 373 2205 per
403 2169 468 2196 vos
501 2160 728 2208 disputatur,

223 2216 282 2253 Ex
312 2215 454 2252 innuba
484 2215 629 2262 virgine

164 2272 270 2319 Quod
301 2272 403 2309 Deus
434 2273 616 2318 pariatur.

164 2351 260 2400 Heu,
294 2351 474 2398 quamdiu
504 2352 597 2388 atris

167 2407 374 2455 Pravisque
403 2408 578 2445 idolatris

227 2464 461 2511 Palpitanter
491 2465 638 2513 sistitis,

222 2521 329 2567 Quod
358 2517 450 2559 vera
479 2532 554 2558 non
585 2521 744 2568 gliscitis

170 2575 222 2614 Et
250 2588 324 2614 non
356 2577 623 2618 consideratis,

167 2655 276 2704 Nam,
307 2657 409 2704 quod
440 2668 515 2694 non
540 2657 690 2704 rationi,

175 2712 297 2749 Verae
327 2713 502 2751 solutioni

234 2769 353 2817 Patet,
385 2770 486 2817 quod
516 2780 616 2807 nunc
645 2769 812 2816 genitum

231 2825 348 2864 Pater
375 2826 608 2874 unigenitum

174 2880 251 2919 Dat
279 2882 541 2922 incarnationi.

906 1854 945 1892 2.
977 1852 1038 1889 Ab
1068 1851 1202 1898 angelo
1233 1857 1423 1898 narratur,

978 1908 1085 1954 Quod
1117 1919 1139 1944 a
1170 1907 1514 1956 trinamandatur,

1034 1965 1217 2011 Virginea
1250 1964 1395 2001 viscera

976 2023 1069 2060 Mox
1100 2021 1195 2058 fides
1227 2020 1448 2069 comitatur,

978 2102 1051 2139 Per
1081 2101 1164 2137 Ave
1195 2100 1394 2145 salutatur,

977 2157 1124 2204 Spiritu
1155 2156 1368 2203 roboratur,

1034 2213 1157 2259 Super
1187 2223 1315 2249 omnes
1347 2211 1508 2249 feminas

980 2270 1111 2307 Puella
1141 2269 1378 2309 sublimatur.

982 2350 1074 2387 Mox
1106 2353 1216 2396 parto
1248 2349 1438 2386 salvatore

985 2405 1189 2444 Cherubim
1217 2405 1257 2442 iu
1288 2405 1492 2451 splendore

1041 2462 1224 2499 Tenebris
1256 2462 1450 2510 indicavit,

1040 2520 1147 2565 Quod
1179 2519 1352 2557 Christus
1382 2518 1560 2564 apparuit

983 2576 1204 2614 Bethlehem
1237 2575 1400 2623 regione.

986 2655 1069 2692 Hoc
1096 2653 1324 2700 opilionibus

989 2711 1226 2757 Gregumque
1257 2709 1466 2746 rectoribus

1045 2767 1173 2804 Palam
1204 2766 1312 2802 iussit
1343 2766 1524 2815 pandere,

1046 2825 1088 2861 ln
1119 2823 1252 2860 insulis
1284 2833 1448 2870 pangere

988 2880 1145 2918 Eminus
1178 2878 1412 2927 degentibus.
