1914 3223
350 1113 415 1151 10.

353 1385 420 1427 11.

349 1660 414 1696 12.

348 1933 414 1971 13.

352 2205 418 2243 14.

351 2471 417 2527 15.

351 2737 416 2776 16.

710 181 1021 221 -495-

398 327 407 336 .
439 297 504 335 Μ6
534 297 784 344 principatus,
813 299 855 332 ut
884 295 1015 332 horum
1048 299 1105 332 est
1135 299 1268 340 status,

441 353 655 400 Principem
687 362 828 401 regum,
861 351 1089 399 principium
1124 361 1248 388 rerum

440 409 618 448 Gaudent
647 409 792 455 rimari,
825 408 998 446 rimando
1029 408 1172 455 mirari,

524 467 604 512 Quo
635 470 721 503 sunt
752 473 829 503 tam
860 465 966 502 clari.

444 568 590 607 Cuncta
620 578 679 604 me
709 577 822 614 posse
849 567 1048 614 proprium
1078 566 1127 604 ad
1159 566 1268 615 velle,

441 625 517 663 Sed
548 625 729 676 pietatem
761 634 908 661 omnem
939 634 961 660 a
991 633 1051 660 me
1082 623 1209 660 datam

440 681 535 720 Sunt
567 685 795 718 venerantes
826 680 1060 726 multumque
1091 679 1284 727 mirantes,

525 738 596 787 En,
632 740 856 785 potestates.

403 869 412 878 .
444 840 608 888 Stupore
640 840 754 887 digna
785 838 969 877 facientes
997 839 1107 887 signa
1134 856 1136 858 v

444 897 614 934 Virtutes
644 906 776 934 sacrae
807 895 971 943 probant
998 896 1036 932 in
1066 905 1106 932 se
1138 894 1252 939 clare,

442 954 550 1000 Quod
583 954 652 991 sim
684 953 866 991 virtutum
898 952 1071 990 dominus
1102 957 1325 989 cunctarum

527 1010 724 1057 Datorque
754 1010 900 1048 harum.

448 1113 501 1151 Ut
532 1111 606 1159 ipsi
637 1111 781 1159 volunt,
813 1110 1035 1158 archangeli
1064 1114 1225 1147 noscunt

442 1168 556 1206 Nude
587 1173 735 1206 secreta
766 1167 925 1205 consilia
956 1178 1051 1211 mea,

443 1225 515 1263 His
545 1226 687 1262 mundo
718 1228 837 1262 totum
868 1234 928 1261 me
958 1222 1040 1262 fore
1070 1223 1321 1268 tremendum,

530 1282 623 1320 Plus
655 1281 903 1329 diligendum.

451 1384 626 1433 Abyssus
657 1384 776 1421 multa
806 1383 948 1421 iudicia
978 1392 1073 1429 mea,

445 1441 531 1479 Non
562 1445 650 1478 sunt
679 1440 829 1478 occulta
858 1439 1002 1488 angelis
1033 1439 1127 1476 haec
1156 1438 1272 1484 ultra,

443 1498 643 1535 Nundinas
674 1498 857 1546 pandant,
887 1501 930 1534 ut
958 1507 1030 1542 me,
1061 1496 1094 1533 51
1123 1506 1198 1533 non
1229 1498 1369 1541 31113111.

528 1554 670 1592 Saltem
701 1558 921 1601 pavescant.

447 1658 509 1696 Sic
539 1668 610 1705 per
639 1661 787 1695 creatos
815 1656 972 1705 spiritus
1003 1655 1134 1692 beatos

443 1715 547 1752 Deus
577 1715 745 1751 occultus
776 1712 825 1751 fio
854 1711 1091 1758 manifestus,

442 1772 610 1810 Illucens
641 1770 776 1818 primis
809 1771 959 1807 revelor
989 1770 1047 1806 his
1077 1769 1162 1806 imis

527 1828 681 1866 Cunctis
712 1827 934 1866 communiS.

448 1931 523 1969 Seu
553 1931 629 1968 sint
660 1931 852 1980 ardentes,
884 1940 950 1967 seu
979 1929 1092 1976 plene
1122 1930 1300 1975 scientes,

443 1988 517 2026 Seu
548 1988 784 2025 dominantes
816 1987 876 2025 vel
907 1986 999 2033 quid
1030 1985 1260 2030 nuntiantes,

443 2045 550 2091 Quod
581 2050 682 2093 sunt,
714 2044 815 2092 quod
846 2043 987 2089 valent,
1018 2046 1139 2080 totum
1169 2053 1192 2079 a
1222 2051 1281 2078 me
1312 2039 1465 2088 habent,

527 2102 686 2148 Semper
718 2111 828 2148 quem
858 2100 1002 2138 vident.

452 2203 568 2241 Plene
599 2203 786 2248 cibantur,
820 2202 909 2240 dum
939 2212 999 2238 me
1030 2200 1348 2247 contemplantur,

443 2261 514 2306 Qui
544 2261 677 2298 horum
708 2264 809 2297 totus
840 2270 922 2297 sum
955 2258 1060 2295 cibus
1092 2261 1129 2294 et
1160 2262 1294 2304 potus;

444 2317 619 2364 Claritas,
652 2317 772 2355 virtus
803 2316 936 2354 horum
968 2320 1026 2352 est
1056 2314 1215 2352 vestitus

528 2374 629 2411 Mire
659 2373 814 2420 politus,

451 2470 516 2507 Me
545 2470 781 2507 incessanter
810 2468 1011 2507 laudantes
1041 2471 1222 2515 amanter,

444 2527 544 2564 Hinc
574 2526 614 2563 hi
642 2527 745 2564 beati
776 2525 964 2573 perpetim
994 2524 1147 2568 firmati,

446 2584 545 2621 Hinc
576 2583 731 2631 gloriosi
762 2593 913 2630 semper
943 2581 1132 2630 luminosi,

531 2640 680 2679 Similes
711 2640 816 2678 mihi.

450 2737 545 2775 Sunt
575 2738 615 2774 111
645 2738 815 2774 viventes
843 2746 903 2773 me
933 2736 1012 2772 vita
1042 2733 1223 2778 fruente&

448 2794 612 2831 Pulchre
641 2794 811 2831 lucentes
842 2803 902 2830 me
932 2793 1057 2830 lumen
1089 2791 1274 2835 videntes,

449 2850 545 2888 Sunt
575 2855 612 2887 et
644 2850 775 2899 divini,
808 2850 861 2887 dii
891 2859 1039 2896 quoque
1069 2847 1177 2895 igniti

533 2907 629 2945 Mihi
659 2906 767 2946 uniti.
