1914 3223
752 173 1059 214 —495—

89 309 91 312 .
122 285 186 323 19.
234 284 355 322 Stella
384 285 499 322 maris
532 283 691 333 fulgida,
940 289 1004 328 22.
1053 289 1159 337 Vale,
1193 294 1297 326 casta
1333 291 1469 336 contio,

233 341 348 388 Virgo
379 345 500 379 mater
529 342 653 390 unica,
1051 346 1139 383 Mea
1171 345 1357 393 iubila-tio,

232 397 286 434 Te
318 398 519 445 coniungat
551 397 629 435 filio
1052 402 1165 439 Vivas
1197 402 1276 438 sine
1307 403 1476 448 crimine,

232 453 405 492 Foedere
434 459 631 502 perpetuo,
1051 458 1243 496 Christum
1277 469 1428 506 semper
1460 459 1587 507 dilige.

119 577 187 616 20.
234 578 286 615 Et
317 589 376 615 me
406 583 528 616 tecum
561 579 713 616 trahere
937 583 1002 621 23.
1053 582 1108 619 Sit
1142 582 1203 619 hic
1234 583 1335 621 liber
1364 583 1481 628 utilis,

232 634 316 671 Non
350 646 472 672 cesses
503 636 722 683 precamine
1051 638 1137 676 Tibi
1171 639 1407 676 delectabilis

229 691 292 728 Ad
323 703 501 739 sponsum
535 693 805 740 dulcissimum,
1050 695 1098 731 Et
1131 706 1204 732 non
1238 706 1362 732 cesses
1395 697 1547 733 volvere

229 748 465 795 Virginalem
499 748 629 789 filium.
1049 751 1162 788 Hunc
1192 752 1230 788 in
1262 757 1326 789 tuo
1357 757 1522 798 pectore.

116 871 182 910 21.
231 873 283 911 Ut
312 876 400 910 tuae
430 873 625 922 victoriae,
775 872 777 876 ’
937 877 1001 914 24.
1051 875 1109 912 Ne
1140 886 1244 913 more
1274 876 1486 913 struthineo

228 928 332 966 Tuae
363 939 520 976 magnae
551 930 694 977 gloriae
1051 931 1240 979 Subrepat
1271 932 1411 970 oblivio

230 985 427 1032 Particeps
456 986 642 1027 inveniar.
1049 989 1100 1025 Et
1130 999 1177 1025 ne
1209 989 1307 1027 viam
1341 989 1507 1039 deseras,

228 1041 285 1078 De
315 1043 478 1079 terrenis
509 1053 634 1082 eruar.
1050 1046 1264 1092 Antequam
1293 1046 1507 1092 pervenias.

203 1161 403 1206 Engelhard
429 1177 460 1207 p.
489 1163 562 1197 121.
589 1167 629 1198 A.
655 1183 698 1188 ——
722 1166 890 1198 Albrecht
914 1177 946 1208 p.
973 1164 1049 1199 283.
1076 1169 1113 1199 Β.
1139 1186 1183 1189 ——
1212 1167 1249 1208 1,
1279 1167 1299 1200 2
1328 1168 1679 1210 Hohenburgensium

114 1209 153 1240 B.
182 1226 227 1230 —
251 1209 290 1248 4,
317 1208 338 1242 2
364 1212 507 1252 Sperne,
533 1222 674 1252 quaeso,
701 1213 879 1244 saeculum
905 1214 943 1244 B.
968 1231 1011 1235 —
1037 1211 1067 1252 5,
1094 1212 1115 1244 4
1141 1216 1208 1253 Qui
1233 1215 1289 1245 vel
1314 1218 1347 1246 te
1373 1214 1550 1246 desiderat
1575 1216 1613 1246 Β.
1638 1231 1683 1236 -

120 1252 159 1292 8,
193 1251 214 1286 3
239 1256 340 1287 Nunc
366 1260 542 1298 exspectes
571 1258 608 1289 B.
637 1275 677 1278 —
707 1256 765 1296 11,
800 1255 820 1288 2
845 1258 995 1290 reclama
1022 1259 1060 1290 A.
1086 1276 1130 1280 —
1160 1258 1214 1299 11,
1247 1258 1269 1291 4
1294 1261 1423 1291 caritas
1449 1260 1488 1291 B.
1513 1277 1558 1280 —
1587 1258 1637 1298 12,
1662 1258 1683 1291 3

113 1309 298 1332 consumas
325 1302 362 1333 B.
389 1319 432 1323 -—
462 1300 520 1340 12,
553 1300 575 1333 4
599 1303 675 1334 Tua
700 1303 827 1345 gradus
853 1303 893 1334 A.
919 1321 960 1326 —
989 1302 1049 1342 13,
1076 1302 1097 1336 3
1121 1305 1233 1336 Verus
1259 1306 1354 1337 Deus
1382 1307 1421 1336 B.
1445 1322 1489 1326 —
1517 1303 1566 1343 15,
1593 1304 1613 1336 3
1639 1305 1680 1338 de

109 1354 198 1377 nave
223 1346 370 1388 prodeas
396 1348 435 1378 B.
461 1364 505 1368 -α
534 1346 584 1387 16,
612 1345 633 1379 2
658 1351 778 1380 tenens
804 1351 899 1380 aeria
924 1350 962 1380 B.
992 1367 1038 1370 —
1065 1347 1117 1387 16,
1141 1348 1162 1381 3
1188 1350 1246 1382 fiet
1271 1352 1308 1382 Β.
1326 1368 1370 1372 -
1390 1349 1441 1388 17,
1472 1348 1486 1381 1
1514 1350 1595 1382 Tibi
1622 1361 1681 1383 rex

109 1391 149 1422 B.
174 1407 219 1412 ——
247 1390 307 1430 17,
338 1390 359 1423 3
385 1396 419 1424 te
445 1393 609 1425 reclamet
634 1393 681 1433 A,
715 1396 748 1425 te
775 1394 956 1425 redamnat
979 1394 1018 1426 B.
1043 1412 1089 1416 ——
1116 1393 1175 1434 17,
1208 1394 1230 1427 4
1255 1396 1386 1427 relevet
1412 1396 1457 1433 A;
1494 1396 1521 1426 A
1548 1398 1679 1428 maiore

110 1436 223 1468 reluat
248 1438 286 1468 B.
307 1455 353 1458 —
373 1436 424 1477 19,
449 1436 470 1470 3
494 1439 544 1470 Te
567 1440 783 1480 coniungens
812 1440 849 1471 13.
867 1459 908 1462 -
928 1437 982 1478 20,
1012 1437 1032 1471 2
1057 1441 1109 1472 Ne
1135 1451 1248 1473 cesses
1275 1442 1312 1472 B.
1332 1458 1376 1462 —
1393 1438 1448 1480 21,
1473 1438 1494 1472 3
1520 1442 1676 1473 inveniat

108 1481 149 1513 A.
176 1499 217 1503 —
244 1480 306 1521 21,
338 1481 360 1514 4
385 1487 484 1515 eruat
508 1485 547 1515 A.
572 1502 618 1505 —
642 1482 704 1523 23,
736 1482 757 1516 3
782 1486 861 1516 Non
886 1495 1000 1517 cesses
1026 1486 1206 1518 revolvere
1230 1488 1270 1518 B.
1296 1503 1339 1508 —-
1364 1485 1424 1523 24,
1451 1484 1472 1517 2
1499 1486 1673 1528 Suri-ipiat

111 1527 152 1558 B.
178 1546 220 1550 -
248 1526 302 1566 24,
328 1526 350 1560 4
375 1531 562 1570 provenias
588 1531 626 1561 A.

455 1685 537 1721 339.
575 1686 632 1728 (2.)
669 1686 892 1731 Rhythmus
918 1687 965 1722 de
990 1687 1121 1731 primo
1148 1686 1323 1722 homine.

139 1789 174 1828 1.
222 1789 372 1827 Primus
403 1801 542 1838 parens
573 1791 778 1839 hominum,
960 1795 998 1830 4.
1045 1793 1157 1829 Hunc
1189 1796 1224 1828 et
1257 1792 1529 1838 spoliaverant,

219 1846 365 1884 Lumen
399 1857 556 1884 cernens
590 1849 783 1898 caelicum,
1044 1849 1273 1886 Semivivum
1305 1848 1507 1895 liquerant,

219 1903 279 1940 Ita
310 1901 383 1940 fuit
416 1904 602 1952 conditus,
1042 1906 1111 1944 Cui
1143 1905 1318 1942 subvenit
1348 1905 1472 1951 gratia

222 1959 360 1997 Coetus
392 1964 433 1997 ut
464 1961 658 2008 angelicus
1041 1962 1112 1998 Ille
1144 1961 1190 1998 de
1221 1961 1403 2007 Samaria,

222 2015 386 2054 Consors
418 2022 519 2054 esset
547 2018 650 2055 illius
1041 2017 1198 2056 Stabulo
1228 2018 1444 2061 induxerat,

217 2073 275 2110 Ac
306 2071 405 2111 foret
435 2078 655 2121 perpetuus,
1041 2075 1180 2113 Curam
1211 2075 1289 2111 eius
1317 2078 1458 2122 egerat,

135 2197 174 2235 2.
223 2195 387 2244 Serpens
418 2197 518 2235 hunc
547 2198 765 2247 deceperat,
953 2203 990 2238 5.
1037 2199 1130 2237 Eius
1161 2209 1299 2236 sanans
1329 2198 1488 2237 vulnera

215 2254 369 2292 Pomum
403 2255 503 2302 quod
534 2260 764 2303 gustaverat,
1037 2256 1157 2294 Solita
1188 2255 1403 2293 clementia.

216 2311 362 2348 Fuerat
391 2311 492 2358 quod
523 2312 695 2359 vetitum,
1036 2312 1100 2350 Sic
1129 2322 1197 2349 nos
1226 2313 1311 2360 pius
1344 2312 1528 2349 Dominus

215 2367 267 2405 Et
297 2368 354 2404 sic
383 2367 476 2404 vicit
505 2368 696 2414 miserum,
1035 2369 1149 2406 Eruit
1180 2369 1227 2406 de
1257 2367 1429 2405 faucibus

217 2423 353 2461 Statim
383 2425 514 2471 pulsus
545 2425 684 2475 patria,
1037 2425 1193 2464 Colubri
1221 2425 1452 2472 nequissimi,

218 2481 383 2518 Pulchra
412 2481 523 2528 liquit
553 2482 665 2522 atria.
1036 2482 1166 2519 Hostis
1197 2481 1436 2526 invidissimi,

131 2606 169 2646 3,
214 2604 374 2642 Flebilis
404 2605 656 2642 miserrimum
945 2607 982 2645 6.
1031 2606 1102 2651 Qui
1133 2605 1284 2642 humani
1315 2604 1462 2651 generis

213 2661 305 2699 Ruit
334 2661 374 2698 in
404 2661 590 2706 exsilium,
1035 2662 1187 2700 Gaudet
1219 2662 1266 2699 de
1298 2661 1459 2697 miseriis

216 2717 342 2766 Plagis
374 2721 432 2755 est
461 2718 660 2765 impositus
1035 2719 1216 2756 Cruciatu
1246 2718 1427 2764 pascitur,

212 2774 319 2812 Diris
351 2775 398 2812 de
428 2774 653 2824 latronibus,
1031 2776 1181 2813 Poenae
1211 2778 1322 2820 pater
1354 2773 1506 2821 dicitur,

210 2832 310 2878 Quos
340 2829 474 2869 infelix
506 2831 653 2879 incidit,
1034 2831 1128 2868 Visu
1164 2834 1221 2867 est
1251 2830 1459 2877 horribilis,

212 2887 343 2926 Patria
374 2887 461 2924 dum
493 2888 647 2926 excidit.
1031 2889 1074 2925 In
1107 2887 1208 2924 omni
1241 2886 1438 2923 terribilis.
