2031 3289
926 173 1235 213 —324—

577 289 642 327 10.
688 287 787 325 Exin
819 287 972 323 insanus
1003 287 1058 324 ait
1086 287 1144 323 his
1175 290 1378 334 tyrannus:

688 344 745 380 Ite
775 343 862 388 iam,
894 353 1044 389 quaeso,
1076 354 1232 389 puerum
1262 344 1453 390 sequendo

686 400 739 436 Et
768 399 878 436 nimis
910 404 1030 444 caute,
1063 399 1128 436 ubi
1158 400 1224 446 sit,
1254 404 1384 447 rogate

799 456 965 502 Regulus
995 455 1109 494 idem.

579 557 642 596 11.
690 556 854 603 Cumque
886 562 1118 603 compertum
1149 558 1309 594 teneatis
1339 557 1458 600 illum,

689 612 882 659 Siquidem
914 618 1015 650 certe
1047 613 1217 650 mihimet
1248 613 1400 660 referte,

688 670 776 716 Ipse
806 680 879 716 quo
913 679 1038 716 regem
1070 670 1224 706 veniens
1256 671 1414 707 eundem

803 726 948 762 Pronus
980 726 1146 763 adorem.

579 827 644 864 12.
690 826 796 863 Haec
825 826 925 872 magi
958 827 1060 863 dicta
1090 827 1244 874 capiunt
1275 828 1425 873 dolosa;

690 883 784 920 Tum
818 883 954 919 dehinc
984 895 1131 920 rursum
1163 884 1282 921 iniere
1313 895 1462 921 cursum

689 941 748 976 Ac
778 939 869 976 satis
900 943 1045 986 gratum
1078 940 1151 976 iter
1180 941 1397 978 inchoatum

806 995 1070 1033 perficiebant.

580 1098 644 1137 13.
692 1097 766 1135 Sed
798 1097 925 1134 statim
955 1097 1066 1133 stella
1096 1097 1249 1134 Oriente
1281 1098 1361 1136 visa

692 1154 852 1191 Praevia
885 1153 968 1190 luce
1000 1164 1123 1190 comes
1155 1158 1208 1190 est
1240 1153 1390 1203 ubique,

692 1210 819 1257 Usque
851 1209 937 1246 dum
969 1221 1085 1255 supra
1116 1216 1330 1247 remaneret
1358 1212 1456 1258 ipsa,

805 1267 884 1312 Quo
915 1266 986 1303 fuit
1016 1265 1154 1306 infans.

581 1370 646 1407 14.
693 1368 807 1406 Cuius
837 1372 993 1415 aspectu
1023 1368 1175 1404 nimium
1208 1369 1327 1415 gavisi

692 1425 848 1470 Ingredi
879 1428 1010 1461 sancta
1041 1435 1211 1461 meruere
1241 1430 1354 1476 tecta,

692 1482 772 1528 Quo
805 1492 899 1529 puer
931 1483 1035 1518 Iesus
1067 1482 1239 1528 genetrix
1271 1486 1308 1518 et
1339 1482 1418 1519 eius

807 1538 1066 1575 Inveniuntur.

582 1641 648 1678 15.
693 1639 859 1686 Moxque
890 1639 1072 1685 prostrati
1102 1639 1228 1675 studio
1259 1638 1363 1676 fideli

693 1696 892 1742 Supplices
924 1695 1114 1733 Christum
1146 1702 1373 1734 venerantur
1401 1697 1539 1743 ipsum,

693 1752 856 1798 Insuper
887 1752 985 1788 dona
1015 1751 1183 1788 tribuere
1213 1753 1314 1790 trina

805 1809 971 1854 Mystica
1002 1808 1128 1846 valde.

583 1911 647 1950 16.
695 1910 791 1947 Nam
826 1909 927 1948 Deus
958 1914 1042 1946 ture
1073 1909 1289 1948 celebratur
1318 1915 1419 1959 apte,

697 1967 767 2004 Est
797 1972 832 2003 et
863 1967 900 2003 in
930 1977 1057 2003 murra
1087 1966 1248 2003 hominis
1279 1966 1410 2016 figura,

696 2024 852 2070 Rexque
882 2023 1055 2060 nimirum
1089 2024 1247 2060 rutilans
1278 2034 1348 2070 per
1378 2035 1509 2060 aurum

809 2079 1064 2127 significatur.

583 2183 649 2220 17.
695 2183 747 2219 At
776 2181 874 2227 magi
906 2192 1035 2217 somno
1067 2181 1196 2217 moniti
1227 2192 1414 2227 supremo,

695 2238 747 2276 Ut
779 2239 898 2274 minus
932 2248 1056 2284 regem
1084 2237 1240 2274 redeant
1271 2238 1476 2286 Herodem,

697 2295 791 2332 Sunt
822 2294 918 2330 viam
950 2294 1022 2330 nisi
1053 2294 1164 2330 aliam
1196 2294 1337 2331 reverti

810 2352 853 2388 In
885 2351 1087 2397 regionem.

409 2464 523 2505 Opera
549 2467 682 2506 autogr.
707 2462 849 2495 Othloni
874 2463 1126 2494 Emmeramen.
1152 2472 1239 2494 saec.
1269 2459 1319 2493 11.
1369 2462 1453 2494 clm.
1479 2463 1658 2494 Monacen.
1686 2457 1808 2492 14756.

696 2619 777 2655 251.
814 2620 872 2663 (4.)
906 2620 950 2654 In
976 2619 1289 2655 Resurrectione
1314 2618 1490 2654 Domini.

616 2713 752 2751 Oblato
783 2713 933 2751 Christo
964 2713 1115 2750 studeat
1145 2712 1216 2749 sibi
1248 2712 1403 2759 quilibet
1438 2713 1509 2749 isto

616 2772 804 2816 Tempore
837 2770 1003 2816 paschali
1033 2769 1154 2805 landis
1187 2770 1284 2805 dono
1315 2768 1470 2815 speciali

616 2826 821 2865 Pacificare
854 2827 984 2867 Deum,
1017 2827 1078 2872 qui
1113 2825 1346 2872 depopulans
1378 2825 1609 2871 hypogaeum

618 2883 666 2920 Ut
699 2883 772 2920 tiro
804 2894 970 2929 magnus,
1003 2883 1215 2919 tondendus
1247 2882 1346 2917 mitis
1377 2886 1417 2918 ut
1447 2892 1575 2927 agnus¹
