2031 3289
389 765 415 795 C
440 764 496 795 fot.
524 763 566 796 79
577 765 608 796 b.
634 783 676 785 —
701 764 732 803 2,
757 765 777 797 6
805 768 982 807 premitus.

301 948 336 985 1.
369 947 495 993 Sexta,
528 960 601 995 qua
633 949 812 986 Dominus

429 1015 576 1041 crucem
608 1007 844 1051 ascenderat,

370 1061 468 1098 Solis
498 1061 708 1099 obscuritas

429 1119 607 1155 mundum
640 1119 849 1167 obnubilat,

370 1175 574 1221 Tamquam
607 1176 779 1222 aspicere

429 1232 551 1268 scelus
582 1232 798 1279 abhorreat,

372 1289 477 1334 Quod
510 1289 670 1325 mundus
699 1290 892 1336 proprium

431 1345 466 1381 in
500 1346 613 1381 solem
648 1351 854 1392 perpetrat.

777 1421 814 1457 3.

387 1873 413 1903 C
439 1872 495 1904 fol.
522 1871 606 1904 791».

301 2022 334 2060 1.
368 2021 489 2067 Nona,
522 2033 595 2068 qua
626 2032 717 2059 vera
748 2022 811 2059 lux

423 2089 543 2124 poena
574 2078 725 2125 finierit,

367 2134 604 2173 Subtractani
635 2136 755 2173 lucem
786 2136 882 2172 hanc

424 2193 561 2228 mundo
593 2192 768 2238 restituit,

370 2248 419 2285 Ut
451 2249 643 2294 beneticio,

424 2306 523 2351 quod
556 2306 693 2342 mundo
726 2306 906 2352 reddidit,

368 2363 569 2400 Promittat
597 2362 741 2399 veniam

423 2419 510 2465 illis,
544 2430 636 2465 quos
669 2419 813 2455 terruit.

771 2500 808 2535 3.

388 2953 414 2982 (2
439 2952 496 2982 sol.
522 2951 564 2982 80
575 2962 604 2981 a.

803 332 811 339 .
844 300 900 336 Tu
930 301 999 337 tibi
1030 302 1194 348 compati

927 187 1229 228 —174—

899 358 954 393 sic
984 356 1045 393 fac
1075 369 1153 405 nos,
1187 359 1358 408 Domine,

843 412 945 449 Tuae
976 414 1185 461 participes

898 474 938 505 ut
970 470 1084 506 simus
1116 471 1270 519 gloriae,

844 524 906 562 Sic
935 537 1116 572 praesens
1147 527 1312 565 triduum

899 582 936 618 in
968 582 1071 619 luctu
1103 583 1253 631 ducere,

844 639 896 676 Ut
926 639 1040 675 risum
1073 639 1218 677 tribuas

899 695 1089 741 paschalis
1120 697 1276 743 gratiae.

836 866 907 902 158.
947 868 1027 911 (48.)
1063 868 1115 904 Ad
1140 869 1301 904 Sextum.

1118 955 1154 991 2.
1187 952 1282 989 Dum
1316 964 1462 990 crucem
1496 953 1684 990 sustinens

1243 1010 1297 1046 sol
1330 1020 1440 1046 verus
1472 1010 1626 1057 patitur,

1187 1065 1249 1102 Sol
1280 1066 1510 1103 insensibilis

1238 1123 1293 1159 illi
1326 1123 1566 1171 compatitur,

1186 1179 1265 1224 Quo
1296 1191 1477 1216 summum
1510 1179 1697 1216 hominum

1241 1237 1363 1272 scelus
1393 1237 1566 1283 arguitur

1186 1292 1249 1339 Et,
1282 1293 1430 1338 quantis
1462 1292 1627 1330 tenebris

1243 1353 1383 1395 errant,
1416 1350 1640 1386 ostenditur.

847 1421 903 1457 Tu
934 1421 1002 1457 tibi
1036 1422 1198 1468 compati

899 1478 954 1514 sic
985 1476 1046 1514 fac
1073 1489 1151 1527 nos,
1185 1478 1356 1525 Domine,

845 1534 948 1571 Tuae
977 1535 1184 1581 participes

900 1594 941 1627 ut
971 1591 1086 1628 simus
1118 1591 1272 1638 gloriae,

845 1648 908 1685 Sic
938 1658 1118 1694 praesens
1149 1648 1315 1685 triduum

896 1705 933 1741 in
966 1705 1069 1742 luctu
1100 1705 1250 1752 ducere,

840 1762 893 1799 Ut.
924 1761 1040 1798 risum
1073 1761 1218 1799 tribuas

895 1819 1086 1864 paschalis
1117 1819 1273 1865 gratiae.

854 1938 924 1973 159.
963 1940 1043 1982 (49.)
1078 1937 1130 1973 Atl
1156 1938 1302 1974 Nonam.

1114 2024 1151 2060 2.
1184 2023 1285 2059 Luce
1315 2022 1388 2059 iam
1422 2022 1572 2060 reddita

1226 2083 1389 2129 stupent,
1422 2079 1523 2126 quod
1554 2079 1731 2126 cernitur,

1182 2136 1290 2172 Motu
1321 2136 1485 2172 mirabili

1238 2196 1340 2229 terra
1370 2193 1595 2238 concutitur,

1182 2250 1273 2286 Cum
1305 2249 1406 2285 saxis
1437 2250 1580 2295 pariter

1237 2310 1274 2342 et
1305 2306 1427 2343 velum
1459 2306 1658 2349 scinditur,

1180 2362 1312 2407 Locus,
1347 2373 1418 2408 quo
1451 2362 1652 2408 dormiunt,

1235 2419 1399 2465 sepulcri
1431 2419 1623 2465 panditur.

840 2500 896 2536 Tu
927 2498 997 2535 tibi
1029 2499 1191 2545 compati

894 2555 947 2593 sic
978 2553 1038 2592 fae
1060 2567 1137 2605 nos,
1171 2555 1342 2605 Domine,

840 2612 941 2648 Tuae
973 2612 1178 2659 participes

894 2672 934 2704 ut,
965 2669 1079 2705 simus
1111 2668 1268 2715 gloriae,

840 2724 902 2762 Sic
932 2736 1111 2772 praesens
1143 2725 1308 2762 triduum

896 2782 932 2818 in
964 2782 1066 2819 luctu
1099 2782 1249 2828 ducere,

841 2840 893 2877 Ut
923 2839 1038 2875 risum
1068 2838 1214 2876 tribuas

895 2895 1083 2941 paschalis
1115 2895 1270 2941 gratiae.
