1914 3223
111 283 183 322 6a.

116 655 190 693 7a.

112 916 182 954 8a.

743 188 788 194 -
851 166 932 205 721»ss
992 186 1043 192 —

225 281 304 318 Iam
336 284 486 329 oportet
515 290 574 316 me
605 280 784 330 gaudere,

226 337 323 374 Nam
357 337 556 374 damnatus
587 347 657 383 pro
688 337 831 374 scelere

225 393 341 431 Eram
374 397 411 430 et
442 393 591 430 clausus

282 454 404 487 taetro
435 459 599 499 carcere,

225 506 300 544 Sed
332 507 438 543 Iesus
469 506 573 543 venit

281 574 363 600 cum
398 563 501 600 claro
531 562 685 600 lumine.

233 655 338 692 Bone
368 658 491 701 pater,
523 653 680 690 multum
712 664 780 690 nos

285 710 433 760 amasti,

227 767 370 813 Quibus
401 767 525 804 Iesum
557 767 796 813 praeparasti

221 823 282 862 Ab
313 823 481 862 aestibus
512 823 785 863 umbraculum.

225 914 366 961 Quidni
396 924 464 961 ego
496 914 676 960 dolerem,

222 972 306 1008 Iesu
336 972 400 1018 mi,

222 1027 262 1066 Si
293 1039 366 1065 non
398 1027 567 1064 venisses

222 1085 271 1122 Et
303 1088 496 1132 aegrotum
528 1083 743 1122 visitasses!

930 278 1003 317 ὀὶ).
1043 278 1175 316 Nudus
1206 288 1308 315 eram
1340 288 1410 315 nec
1440 278 1619 325 sciebam,

1044 334 1315 372 Claudicabam
1347 338 1383 371 et
1414 335 1638 383 languebam

1031 388 1094 429 'Et
1138 392 1292 429 adme
1333 391 1509 438 dignatus

1101 458 1139 484 es
1172 448 1416 493 descendere,

1045 506 1143 551 Iesu,
1177 505 1340 542 clemens
1372 509 1409 541 et

1101 562 1275 598 caelestis
1307 562 1466 600 medice.

933 654 952 691 7
968 652 1003 692 b.
1042 653 1071 691 Ο
1091 650 1201 702 lesu,
1235 652 1484 689 clarissimum

1100 709 1307 756 speculum,

1045 766 1258 812 Splendens
1268 776 1336 812 per
1344 769 1461 803 totum
1471 765 1676 814 saeculum⁷

1044 824 1102 861 Tu
1133 826 1301 861 nostrum
1333 832 1372 859 es
1404 821 1624 860 remedium.

930 913 1005 952 8b.
1044 913 1154 951 Nunc
1187 924 1275 950 vero
1306 917 1343 950 et
1373 912 1545 960 gaudebo

1043 971 1087 1007 In
1118 976 1167 1017 te,
1200 970 1298 1017 Iesu,

1043 1027 1125 1064 Deo
1156 1037 1238 1064 meo

1042 1084 1094 1121 Et
1124 1094 1255 1121 servus
1286 1088 1371 1120 tuus
1403 1093 1552 1130 semper
1583 1092 1661 1122 ero.

563 1177 600 1213 9.
633 1175 734 1212 Laus
765 1174 847 1223 tibi,
878 1176 965 1212 Iesu
998 1174 1170 1223 benigne,

630 1232 683 1269 Et
714 1232 852 1269 amoris
884 1232 938 1269 tui
969 1231 1056 1279 igne

631 1289 811 1326 Accende
840 1299 911 1339 me,

630 1345 682 1384 Ut
714 1356 864 1393 semper
892 1357 1013 1383 amem
1045 1351 1095 1384 te.

205 1409 402 1467 Bruxellen.
426 1432 618 1467 4585—87.
645 1435 683 1467 A.
710 1453 753 1456 —
778 1435 941 1467 Zwollen.
966 1432 1044 1467 434.
1072 1436 1108 1468 B.
1131 1454 1172 1457 -
1191 1435 1434 1467 Vindoboneu.
1461 1433 1558 1467 7970.
1577 1436 1615 1467 C.
1637 1452 1680 1456 —

110 1479 264 1512 'rhomae
289 1491 308 1512 a
336 1481 480 1521 Kempis
505 1481 619 1522 Opera
645 1482 772 1519 omnia,
799 1480 850 1512 ed.
880 1482 924 1513 H.
952 1480 1174 1520 Sommalius,
1200 1481 1422 1522 Antwerpiae
1450 1479 1546 1512 1601.
1572 1479 1612 1512 D.
1635 1497 1680 1502 —-

110 1525 262 1558 'rhomae
295 1526 452 1557 Malleoli
483 1526 525 1557 (le
555 1527 700 1568 Kempis
728 1526 843 1568 Opera
868 1526 1009 1565 Omnia,
1043 1526 1094 1558 ecl.
1124 1526 1167 1556 H.
1192 1525 1423 1561 Sommalius‚
1457 1527 1679 1568 Antwerpiae

114 1568 209 1604 1607.
237 1571 279 1603 E.

201 1614 264 1653 2a,
293 1615 307 1648 l
334 1616 454 1648 Pelam
479 1617 521 1648 de
547 1620 580 1648 te
606 1618 645 1648 B.
674 1635 718 1638 —
743 1615 806 1655 3b,
836 1616 850 1649 1
880 1618 1022 1660 reliquit
1048 1619 1084 1649 Β.
1111 1634 1153 1638 —
1180 1615 1240 1655 31),
1266 1615 1286 1648 2
1312 1617 1417 1649 fecit?
1444 1618 1483 1648 B.
1501 1634 1543 1638 —
1569 1615 1631 1656 4b,
1656 1615 1678 1649 4

112 1663 212 1694 Nunc
238 1666 334 1704 patet
359 1662 437 1701 AE;
472 1665 555 1693 tunc
580 1666 675 1704 patet
700 1664 741 1694 D.
766 1679 810 1685 —-
834 1661 905 1703 4b‚
939 1661 960 1695 6
984 1662 1200 1705 expandetur
1225 1663 1297 1695 CD.
1321 1679 1364 1684 —-
1390 1662 1458 1701 5a,
1494 1661 1508 1694 1
1537 1666 1680 1694 sanctae

115 1707 260 1740 deliciae
284 1708 323 1740 C.
351 1725 395 1728 —
419 1707 611 1739 Aufschrift
643 1708 732 1740 nach
757 1709 797 1740 B.
824 1726 867 1730 —
892 1710 999 1741 Diese
1024 1708 1204 1750 Dichtung
1235 1709 1323 1750 folgt
1356 1707 1469 1748 (wenn
1503 1708 1592 1740 auch
1618 1709 1682 1739 mit

114 1752 387 1795 Amslassungen)
418 1753 479 1785 der
504 1752 660 1795 Sequenz
686 1754 912 1786 Gottschalks
946 1755 1009 1786 auf
1034 1754 1090 1786 die
1120 1753 1167 1785 hl.
1193 1754 1403 1796 Magdalena
1437 1755 1554 1786 Laus
1587 1754 1680 1785 tibi

115 1797 307 1835 Christe,
345 1799 418 1838 qui
457 1809 500 1830 es
538 1803 732 1839 creator3
769 1800 836 1842 vgl.
864 1800 1163 1842 Hymnologische
1189 1800 1350 1841 Beitriige
1375 1801 1408 1838 Ι,
1442 1798 1563 1832 201ff.
1611 1800 1680 1831 Die

115 1843 305 1886 Singweise
331 1845 446 1876 bieten
474 1844 575 1877 ΑΒΘ.

117 2141 185 2179 1a.

121 2716 190 2754 2a.

265 1988 347 2025 499.
384 1989 464 2032 (31.)
500 1989 708 2026 Canticum
733 1990 1052 2026 consolatorium
1078 1991 1119 2025 in
1147 1991 1341 2026 memoria
1365 1991 1455 2026 Iesu
1481 1992 1522 2026 et

707 2047 897 2083 caelestis
924 2048 1078 2084 curiae.

227 2141 301 2179 Ubi
334 2146 391 2177 est
420 2142 533 2178 modo
564 2142 681 2191 Iesus,

230 2197 305 2236 Ubi
337 2202 394 2234 est
424 2198 562 2245 Maria,

228 2254 303 2294 Ubi
332 2256 460 2301 Agnes

284 2316 319 2347 et
350 2307 452 2363 [ubi]
484 2311 661 2355 Caecilia,

230 2367 304 2407 Ubi
335 2368 459 2415 angeli

229 2424 278 2461 Et
309 2435 437 2461 omnes
469 2425 590 2462 sancti
620 2423 722 2461 Dei‘?

230 2515 270 2551 In
305 2513 408 2552 caelo
439 2514 548 2552 beate
581 2515 723 2564 vivunt,

229 2570 437 2608 Laetantur
465 2575 578 2618 atque
610 2576 749 2609 canunt

231 2627 319 2664 Sine
348 2627 422 2665 fine
452 2628 585 2665 laudes
616 2628 791 2667 Domino.

231 2717 329 2754 Para
363 2717 420 2754 illi
451 2718 656 2766 hospitium

232 2773 364 2810 Cordis
395 2774 450 2812 tui
480 2775 700 2824 thalamum,

232 2830 307 2866 Iste
338 2836 393 2867 est
425 2832 522 2868 enim
552 2832 669 2878 locus,

232 2886 275 2922 ln
306 2897 378 2933 quo
412 2887 612 2925 deliciatur
644 2889 830 2930 Christus.

934 2143 1009 2180 1b.
1047 2142 1145 2187 Quid
1177 2153 1265 2190 ergo
1297 2153 1395 2179 nunc
1425 2143 1567 2190 cogitas

1043 2199 1094 2236 Et
1125 2199 1217 2246 quid
1247 2199 1301 2236 sic
1332 2199 1481 2245 vagaris
1493 2201 1510 2235 ’ἐ

1043 2256 1158 2302 Audi,
1189 2256 1299 2293 homo

1102 2313 1318 2350 inconstans
1350 2317 1386 2349 et
1417 2312 1552 2358 inanis,

1044 2369 1128 2406 Non
1161 2374 1218 2406 est
1249 2368 1353 2418 foris,

1042 2427 1150 2464 Intus
1180 2430 1248 2472 est,
1281 2437 1389 2472 quem
1423 2430 1465 2462 tu
1495 2425 1659 2472 quaeris.

1044 2517 1159 2555 Cessa
1190 2516 1262 2554 iam
1294 2515 1387 2553 foris
1420 2526 1601 2563 quaerere

1045 2573 1095 2610 Et
1126 2573 1228 2610 intus
1261 2573 1477 2620 regredere,

1046 2629 1086 2666 Si
1119 2629 1309 2667 Christum
1352 2634 1460 2676 optas
1491 2629 1683 2670 invenire.

930 2720 1005 2759 2b.
1043 2720 1217 2757 Exclude
1248 2721 1429 2757 tumultus
1461 2721 1604 2768 mundi,

1046 2776 1180 2814 Carnis
1211 2782 1247 2813 et
1280 2777 1436 2825 diaboli,

1047 2835 1160 2871 Mane
1193 2834 1230 2870 in
1262 2834 1413 2871 silentio

1045 2889 1095 2926 Et
1129 2889 1241 2927 misce
1262 2890 1379 2927 verba
1400 2901 1482 2928 cum
1503 2890 1679 2930 Domino.
