2031 3289
908 249 963 253 —
1022 226 1103 266 330
1162 248 1217 252 —

283 342 443 374 Casinen.
473 343 540 379 VI,
573 339 612 373 10
636 340 705 379 (bei
732 340 924 377 Muratori,
950 339 1076 370 Rerum
1104 338 1216 369 Italic.
1244 339 1383 379 Scriptis.
1409 339 1476 376 V1,
1502 335 1546 370 34
1571 336 1654 379 sq.);
1678 337 1751 369 Leo
1775 347 1845 368 von

282 387 392 424 Ostia,
420 387 618 419 Chronicon
642 386 774 416 Montis
801 385 962 416 Casinen.
989 384 1159 415 Muratori
1184 384 1243 421 IV,
1268 381 1345 415 455.

374 432 444 464 Fiir
480 432 537 463 die
567 430 734 463 Gediehte
766 429 946 470 Alph·1nos
983 428 1144 460 kommen
1181 429 1265 459 zwei
1299 427 1561 469 Hauptquellen
1597 428 1633 458 in
1665 426 1839 459 Betracht:

282 476 426 508 Erstens
463 477 519 509 die
549 475 778 508 Handschrift
810 475 924 505 seiner
957 473 1124 505 Gedichte
1157 473 1241 504 C.od
1276 474 1437 506 Casinen.
1469 469 1534 504 280
1568 482 1657 504 saec.
1672 470 1741 504 11.
1775 482 1844 511 ex.;

283 522 447 553 zweitens
482 522 543 553 das
569 521 700 552 settene
726 518 973 552 Sammelweik
999 518 1058 549 des
1083 520 1162 550 Tito
1188 518 1358 559 Prospero
1385 518 1625 559 Martineng03
1657 517 1726 560 vgl.
1752 517 1845 549 Titel

282 566 353 598 und
377 567 496 598 Inhalt
512 566 612 597 Anal.
635 566 748 603 XXII,
769 563 789 596 5
807 575 845 606 sq
825 576 856 606 q.
901 565 973 595 Aus
998 564 1118 595 diesen
1144 564 1266 595 beiden
1285 564 1433 603 Quellen
1450 563 1528 595 sind
1545 563 1601 594 die
1618 561 1846 604 liturgischen

282 613 445 652 Hymnen
471 611 650 652 Alphanos
676 610 805 642 bereits
825 610 871 640 im
891 609 966 640 XX.
984 609 1104 640 Bande
1129 609 1189 640 der
1213 609 1381 640 Analecta
1406 608 1575 649 gedruckt
1599 607 1749 639 worden.
1796 607 1846 638 Es

282 656 360 688 sind
386 657 442 688 die
466 656 670 697 folgenden:

327 730 456 761 Adesto
482 733 600 761 sancte
626 729 770 770 spiritus
802 749 1607 758 ...............
1643 726 1721 764 XX,
1772 722 1846 757 190.

328 775 380 806 Ad
406 776 515 816 patris
541 775 645 806 decus
672 774 793 815 optimi
858 794 1721 804 ................
1769 768 1844 803 244.

328 820 430 851 Alma
455 820 529 851 dies
555 819 677 850 rutilat
701 822 773 849 toto
800 818 1026 849 celeberrima
1052 818 1179 848 mundo
1202 839 1722 851 ..........
1769 813 1846 848 230.

330 865 577 906 Apostolorum
605 864 716 896 nobili
743 865 893 895 victoria
918 885 1722 895 ...............
1772 858 1847 892 188.

330 910 437 942 Ardet
462 912 613 941 intactae
639 910 762 940 faciem
788 908 926 950 puellae
975 929 1721 939 ..............
1795 903 1846 938 18.

328 956 444 987 Aureo
470 955 555 986 solis
580 954 678 986 radio
709 955 851 991 perenni
919 974 1723 985 ...............
1794 949 1848 983 54.

331 1001 423 1032 Ecce
448 1000 522 1032 dies
548 1000 652 1032 rediit
679 999 782 1031 iubili
805 1020 1724 1030 .................
1771 994 1847 1028 207.

330 1047 474 1078 Fontem
500 1047 662 1086 perennis
688 1046 823 1086 gratiae
861 1065 1724 1074 ................
1795 1038 1848 1073 73.

330 1091 463 1132 Fulgur
487 1094 648 1132 aspectus
674 1091 808 1131 placuit
830 1091 985 1120 virorum
1033 1111 1723 1120 .............
1771 1085 1848 1119 274.

331 1136 491 1168 Gaudere
515 1137 637 1167 fratres
663 1146 726 1166 nos
751 1135 855 1166 hodie
879 1134 978 1165 decet
1034 1155 1722 1165 .............
1775 1130 1848 1165 197.

331 1182 417 1223 Igne
443 1181 557 1213 divini
583 1181 724 1212 radians
752 1181 880 1212 amoris
919 1201 1724 1211 ...............
1796 1175 1848 1208 17.

331 1228 482 1259 Laetare
506 1229 616 1257 mater
642 1227 794 1267 parturis
821 1235 910 1266 quae
934 1223 1025 1255 filios
1090 1246 1724 1256 ............
1775 1219 1849 1254 189.

330 1272 512 1304 Laudibus
538 1272 663 1302 vestris
688 1270 899 1302 modulando
924 1273 1043 1301 noster
1090 1291 1725 1301 ............
1774 1266 1850 1300 241.

330 1317 464 1349 Praebe
490 1316 627 1348 Christe
653 1317 858 1348 canentibus
918 1337 1723 1347 ...............
1771 1310 1848 1345 242.

333 1362 425 1402 Quid
450 1366 510 1394 tuo
536 1362 636 1392 nobis
663 1363 780 1403 potius
807 1361 943 1402 placere
973 1382 1726 1392 ..............
1776 1354 1850 1391 198.

332 1410 406 1440 Rex
432 1417 551 1448 regum
578 1408 673 1438 Deus
699 1408 852 1438 omnium
921 1427 1726 1438 ...............
1774 1401 1851 1436 205.

336 1453 441 1485 Salve
466 1453 540 1484 dies
565 1453 740 1484 tutoribus
800 1472 1726 1483 .................
1778 1446 1851 1481 104.

335 1499 474 1531 Sanctis
499 1498 711 1538 martyribus
737 1498 813 1528 laus
839 1497 950 1529 honor
975 1501 1009 1528 et
1033 1497 1137 1528 decus
1207 1519 1726 1528 ..........
1777 1491 1851 1527 103.

334 1545 442 1585 Virgo
468 1543 583 1575 dicata
612 1544 686 1574 Deo
713 1543 812 1573 nobis
839 1542 1018 1574 Christina
1042 1543 1156 1573 faveto
1206 1563 1727 1572 ..........
1799 1537 1852 1571 72.

334 1590 443 1631 Virgo
469 1588 592 1620 sideris
617 1588 726 1619 ardua
751 1588 891 1619 sedibus
918 1608 1727 1619 ...............
1797 1582 1850 1616 73.

334 1635 435 1665 Votis
461 1637 598 1665 tuorum
625 1633 762 1665 Christe
787 1632 943 1664 fidelium
984 1654 1729 1664 ..............
1779 1628 1852 1662 107.

378 1707 450 1738 Ein
474 1706 726 1738 Reimofficium
763 1707 825 1737 auf
850 1706 906 1737 die
939 1706 986 1738 hl.
1012 1706 1145 1737 Sabina
1175 1705 1267 1737 steht
1296 1705 1398 1736 Anal.
1423 1706 1559 1743 XXIV,
1589 1702 1656 1736 274
1681 1715 1756 1746 sqq.
1803 1704 1852 1735 Es

290 1753 429 1784 bleiben
458 1752 536 1783 hier
565 1763 630 1783 nur
655 1753 771 1792 einige
797 1751 924 1783 :indere
947 1750 1098 1792 lyr-ische
1123 1751 1271 1782 Poesien
1298 1751 1477 1792 Alphanos
1503 1750 1771 1792 nachzutragen,
1796 1749 1852 1781 die

290 1797 363 1829 sich
396 1808 462 1829 nur
490 1798 546 1829 bei
572 1798 792 1838 Martinengo
819 1797 944 1829 tinden.
994 1798 1083 1828 Dom
1108 1798 1224 1828 Bruno
1251 1796 1375 1828 Albers
1401 1798 1436 1827 in
1461 1797 1581 1828 Monte
1606 1796 1734 1828 Casino
1758 1795 1852 1827 hatte

291 1843 348 1875 die
373 1843 472 1881 Gstte,
498 1843 553 1874 die
577 1843 685 1874 Texte
710 1843 890 1873 noc-limais
916 1844 979 1873 mit
1003 1842 1063 1873 der
1089 1845 1202 1873 ersten
1226 1842 1398 1883 Ausgabe,
1425 1842 1485 1873 Nr.
1503 1840 1550 1881 (1)
1573 1842 1638 1873 mit
1655 1841 1716 1873 der
1732 1839 1853 1872 Hand-

291 1888 413 1920 schrift
437 1898 480 1919 zu
508 1888 741 1930 vergleichen.

708 2112 789 2148 255.
826 2113 887 2155 (1.)
919 2112 974 2147 Ad
1001 2111 1204 2148 Christum
1229 2111 1430 2156 precatio.

467 2207 616 2244 Christe
646 2207 762 2254 Deus,
795 2207 896 2243 vitae
927 2216 1041 2243 verae
1071 2204 1280 2242 fabricator
1310 2209 1346 2241 et
1376 2205 1510 2253 almae,

519 2263 670 2301 Christe
701 2263 815 2312 Deus,
850 2263 1000 2309 pulchri
1031 2262 1206 2299 conditor
1238 2266 1350 2308 atque
1382 2261 1482 2307 boni,

463 2320 614 2359 Christe
644 2320 759 2366 Deus,
789 2330 858 2366 per
888 2330 1012 2366 quem,
1044 2319 1143 2365 quod
1177 2329 1248 2355 non
1282 2323 1350 2361 est,
1383 2317 1507 2355 tendit
1538 2317 1587 2355 ad
1619 2328 1701 2355 esse

526 2377 664 2423 Atque,
697 2376 796 2423 quod
825 2380 893 2420 est,
928 2374 1067 2412 factum
1097 2375 1266 2411 creditur
1296 2385 1341 2411 ex
1375 2374 1515 2424 nihilo3

393 2437 416 2473 5
465 2433 630 2480 Christe,
663 2434 801 2470 malum
834 2433 895 2479 qui
929 2444 1001 2468 non
1034 2432 1149 2469 ullum
1184 2430 1278 2468 facis
1310 2435 1347 2467 et
1375 2429 1468 2468 facis
1501 2441 1595 2481 esse,

527 2490 697 2527 Pessima
727 2499 773 2526 ne
805 2488 898 2526 fiant
927 2495 965 2525 et
996 2488 1092 2525 bona
1124 2488 1371 2536 proveniant3

463 2546 625 2588 Christe,
659 2546 797 2583 malum
830 2546 986 2582 nihilum
1019 2545 1081 2591 qui
1115 2543 1416 2591 confugientibus
1448 2543 1496 2580 ad
1528 2547 1578 2592 te,

523 2603 592 2650 Qui
624 2613 711 2639 vere
746 2602 863 2639 bonus
896 2613 948 2647 es,
981 2612 1025 2637 ex
1058 2602 1204 2638 ratione
1235 2601 1396 2649 probas3

464 2659 613 2696 Christe
644 2659 759 2705 Deus,
793 2669 861 2705 per
891 2669 999 2704 quem
1031 2662 1115 2694 sunt
1148 2663 1185 2694 et
1218 2668 1299 2693 cum
1330 2661 1440 2704 parte
1470 2656 1625 2694 sinistra

366 2717 416 2754 10
520 2716 653 2753 Omnia
685 2714 856 2762 perfecta
887 2715 1050 2763 condita,
1084 2714 1254 2760 pulchra,
1290 2714 1408 2763 bona;

463 2772 611 2809 Christe
642 2772 757 2817 Deus,
791 2782 913 2818 quem,
945 2771 1129 2817 quidquid
1162 2781 1288 2807 amare
1320 2773 1456 2818 potest,
1489 2773 1588 2806 amat
1621 2767 1731 2814 illud,

527 2828 615 2865 Sive
647 2829 695 2864 sit
727 2829 904 2875 ignoraus
935 2828 1013 2864 sive
1045 2828 1179 2872 sciens,
1212 2826 1311 2873 quod
1343 2831 1465 2872 amat;

465 2884 626 2929 Christe,
659 2890 770 2931 pater
801 2884 976 2929 clemens,
1011 2885 1067 2920 cui
1100 2894 1226 2920 verum
1259 2895 1332 2920 non
1362 2883 1433 2920 nisi
1465 2881 1623 2919 mundos

524 2941 691 2977 Noscerc
723 2939 933 2988 perfectum
965 2944 1002 2976 et
1034 2940 1203 2986 reperire
1234 2939 1385 2986 placet.;
