1914 3223
759 214 808 218 —
871 191 953 230 519
1011 211 1066 217 —

405 304 442 342 6.
489 303 595 340 Tunc
627 308 845 350 repertores
878 303 1048 342 referant
1078 303 1277 343 moventur

487 361 548 397 An
580 365 695 406 caput
725 361 904 398 membris
936 361 1100 408 capitive
1131 372 1290 411 corpus;

487 415 562 453 Sed
595 420 709 463 eaput
739 417 919 454 membris
950 418 1092 464 placuit
1127 420 1258 466 reponi

674 473 782 510 Pacis
813 484 952 512 amore.

404 598 440 637 7.
487 596 600 635 Unde
631 597 822 635 collaudet
853 598 1016 644 populus
1047 597 1171 635 fidelis

487 653 578 691 Cum
610 654 694 701 pari
725 664 909 691 summum
941 655 1067 702 genito
1098 660 1294 701 parentem

483 710 611 757 Atque
641 712 852 758 procedens
885 710 932 748 ab
965 715 1124 758 utroque
1155 711 1305 761 ttamen,

672 767 836 814 Compar
866 768 1029 814 utrique.

216 889 290 920 Fol.
321 886 393 921 136.
453 889 651 931 Ungewiss‚
686 901 728 922 zu
759 890 925 922 welchem
958 890 1074 923 Briefe
1105 890 1262 933 gehorig.
1311 891 1461 923 Vorher:
1499 893 1693 933 „Schedula

125 934 278 966 nondum
305 934 425 967 clausa
450 945 527 966 cum
553 935 706 967 subisset
731 937 896 975 animum,
923 936 1015 978 quod
1042 947 1146 978 super
1171 937 1331 968 absentia
1357 948 1432 969 mea
1454 938 1613 970 deberem
1631 949 1693 970 vos

125 980 243 1022 aliquo
278 979 474 1021 rhythmico
507 979 672 1012 carmine*
695 981 889 1020 consolari,
926 991 1057 1023 vosque
1090 982 1188 1013 iuxta
1220 986 1371 1014 vestram
1406 984 1692 1016 consuetudinem

125 1027 216 1057 inter
249 1025 448 1067 duplicibus
478 1026 576 1058 festis
602 1036 671 1057 non
697 1026 826 1058 habere
851 1026 891 1058 de
919 1031 1038 1058 sancto
1064 1027 1239 1069 Lupentio
1266 1027 1403 1060 laudem
1429 1029 1692 1072 praecedentem

125 1070 167 1102 ad
205 1070 390 1113 legendum
423 1071 643 1113 evangelium
676 1072 936 1113 procedentem,
972 1073 1123 1104 scribere
1149 1073 1280 1114 placuit
1306 1077 1338 1104 et
1363 1074 1464 1105 vobis
1493 1076 1627 1107 mittere
1653 1075 1694 1107 de

124 1116 244 1148 eodem
270 1116 437 1158 hymnum
456 1117 623 1159 sapphico
642 1117 727 1159 pede
745 1121 941 1150 currentem
963 1122 997 1150 et
1013 1122 1292 1160 praecurrentem
1310 1117 1461 1150 fistulam
1480 1120 1692 1152 laudationis

127 1162 246 1194 tubam
273 1162 498 1204 evangelicae
523 1163 696 1194 lectionis.
725 1182 767 1186 -
793 1163 871 1205 Vgl.
898 1164 1014 1195 Neues
1042 1163 1172 1195 Archiv
1198 1164 1291 1201 XVI,
1322 1162 1393 1196 110.

558 1352 641 1389 355.
677 1353 757 1395 (12.)
792 1353 850 1388 De
877 1353 1019 1388 sancto
1046 1352 1261 1397 Lupentio.

376 1469 412 1508 1.
463 1469 616 1507 Christo
646 1474 778 1507 nostra
810 1470 976 1518 devotio,

546 1526 662 1564 Sacro
694 1525 857 1573 flagrans
888 1526 1108 1573 spiramine,

630 1582 773 1620 Laudis
805 1583 956 1620 excelsa
986 1584 1145 1630 gloriam

714 1640 820 1678 Voce
851 1640 1010 1677 resultet
1041 1640 1166 1687 hodie,

460 1696 531 1742 Qui
564 1697 726 1734 certanti
758 1696 946 1743 Lupentio

541 1752 681 1790 Sancto
712 1764 782 1800 pro
809 1764 876 1790 suo
906 1753 1057 1790 nomine

629 1809 826 1848 Concessit
858 1813 895 1846 et
925 1809 1125 1847 victoriam

714 1865 766 1903 Et
795 1866 1007 1912 praemium
1037 1866 1233 1904 victoriae.

374 1992 410 2029 2.
458 1989 532 2026 Hic
563 1990 651 2027 dum
682 2000 752 2037 pro
782 1989 883 2028 vitae
914 1991 1049 2028 merito

544 2046 708 2094 Dignum
741 2050 777 2083 et
808 2047 1044 2094 acceptabile

630 2103 724 2151 Regi
756 2113 885 2150 regum
918 2103 1117 2140 exhiberet

712 2159 930 2197 Sacerdotis
961 2159 1140 2206 officium,

457 2217 592 2265 Agone
622 2216 754 2254 mortis
784 2217 915 2254 inclito

542 2273 689 2311 Nactus
719 2276 916 2320 tropaeum
948 2273 1087 2319 nobile,

625 2330 859 2380 Declaravit,
889 2331 989 2377 quod
1016 2329 1173 2367 haberet

712 2387 855 2433 Regale
886 2386 1156 2425 sacerdotium.

370 2511 407 2550 3.
454 2510 525 2556 Qui
556 2510 817 2549 Brunichildis
847 2511 986 2557 impiae

543 2566 845 2614 Comprehensus
876 2568 1034 2612 malitia,

628 2625 735 2661 Iussa
767 2624 870 2661 cuius
902 2623 1094 2660 hostiliter

709 2680 926 2718 Fervebant
957 2684 1089 2718 contra
1119 2680 1334 2723 Dominum,

457 2737 531 2775 Pro
561 2747 689 2774 amore
719 2737 885 2774 iustitiae

539 2794 686 2831 Poenas
717 2793 754 2830 in
787 2793 972 2840 patientia

627 2849 830 2896 Superavit
859 2849 1040 2886 alacriter

717 2907 858 2944 Caesus
889 2917 912 2943 a
942 2905 1033 2944 viris
1064 2906 1300 2955 sanguinum.
