1914 3223
735 136 1042 178 —269—

557 306 638 342 2⁸3.
673 305 732 347 (9.)
769 306 823 340 De
850 305 978 340 Beata
1004 304 1133 340 Maria
1162 306 1204 340 V.
1284 332 1287 335 <

121 427 189 464 la.
232 425 273 462 In
306 429 343 460 te
373 422 593 470 concipitur,

285 481 315 519 Ο
347 480 449 527 virgo
480 479 594 526 regia,

232 537 326 581 Rex,
356 548 379 574 a
409 547 480 583 quo
512 536 654 582 regitur

289 593 469 631 Caelestis
499 592 621 640 regia3

232 650 273 687 Iu
304 654 341 686 te
371 649 577 687 conectitur

288 706 435 753 Duplex
466 705 687 751 substantia,

229 762 368 809 Quibus
397 762 604 810 accingitur

286 819 400 866 Gigas
430 819 478 857 ad
510 818 665 865 proelia.

121 933 191 971 aa.
234 932 421 969 Succensa
451 932 558 969 radio

289 988 448 1035 Superui
479 989 628 1025 luminis

166 1051 168 1053 ·
233 1044 442 1091 splendens
473 1045 509 1082 in
542 1045 664 1082 medio

289 1101 450 1138 Nostrae
481 1101 671 1150 caliginis;

232 1157 328 1194 Dum
360 1158 567 1195 incarnatio

290 1214 352 1251 Fit
382 1214 419 1251 iu
450 1219 486 1251 te
516 1214 689 1262 numinis,

235 1269 394 1308 Nostrae
425 1270 614 1317 corruptio

289 1326 397 1364 Cedit
427 1327 592 1374 originis.

121 1441 190 1478 33.
235 1440 363 1487 Iugum
395 1439 558 1477 malitiae

291 1497 450 1533 Portans
480 1496 648 1542 alterius,

234 1553 302 1599 Qui
334 1563 422 1590 suae
452 1553 629 1600 propriae

291 1609 372 1646 Non
403 1613 485 1646 erat
515 1610 673 1655 nescius,

231 1664 377 1703 Servuli
409 1665 512 1702 rabie

288 1721 414 1770 Liber,
446 1722 617 1760 innoxius

233 1777 403 1816 Donator
431 1779 573 1827 gratiae

290 1835 497 1873 Damnatur
526 1835 687 1883 gravius,

121 1947 191 1984 4a.
233 1946 380 1985 Statera
409 1947 583 1985 subditur

288 2004 439 2054 Excelsi
470 2004 658 2051 dexterae,

235 2059 403 2097 Christus
433 2061 662 2108 adpenditur

291 2116 380 2154 Cum
411 2122 539 2155 nostro
568 2128 714 2168 genere,

233 2172 314 2221 Qui,
347 2173 433 2210 dum
465 2173 698 2221 deprimitur,

288 2228 395 2266 Facit
423 2231 638 2278 ascendere,

233 2285 338 2322 Lanx
369 2291 496 2324 nostra
525 2287 670 2324 tollitur

289 2341 479 2380 Descensu
508 2348 666 2382 ceterae.

931 421 1001 461 lb.

927 931 999 969 2b.

931 1440 1003 1480 3b.

927 1949 1001 1990 4b.

1043 423 1149 459 Intra
1181 426 1217 457 te
1248 420 1447 469 clauditur,

1094 478 1163 525 Qui
1195 477 1340 515 claudit
1369 477 1506 522 omnia,

1037 535 1225 572 Aeternus
1256 533 1424 571 nascitur

1095 592 1210 628 Pater
1239 601 1284 627 ex
1315 590 1414 637 filia3

1038 647 1223 685 Candoris
1253 647 1369 694 igitur

1095 704 1179 741 Non
1211 708 1380 741 marcent,
1409 703 1501 747 lilia,

1038 761 1119 798 Nec
1148 761 1286 798 ardens
1317 760 1460 807 patitur

1097 818 1227 855 Rubus
1257 817 1443 855 incrudia‘.

1039 930 1154 968 Verbi
1185 930 1380 977 conceptio

1096 987 1160 1024 Nil
1195 986 1307 1024 habet
1340 986 1520 1033 criminis,

1040 1044 1120 1081 Nec
1150 1042 1242 1081 tiore
1272 1043 1428 1090 proprio

1094 1101 1252 1139 Florere
1283 1099 1445 1147 desinis3

1040 1158 1081 1195 In
1114 1162 1150 1194 te
1177 1156 1218 1194 fit
1248 1157 1336 1194 unio

1097 1214 1232 1251 Matris
1263 1218 1300 1250 et
1329 1213 1497 1260 virginis,

1038 1271 1083 1308 In
1113 1275 1176 1307 tuo
1206 1269 1284 1307 filio

1095 1327 1167 1364 Dei
1198 1331 1235 1363 et
1265 1326 1436 1364 hominis.

1042 1440 1158 1478 Lat-or
1185 1439 1352 1476 iustitiae

1098 1496 1305 1533 Latronum
1335 1497 1481 1534 medius

1039 1553 1177 1591 Matris
1207 1553 1245 1589 in
1277 1551 1373 1590 facie

1095 1610 1309 1656 Torquetur
1338 1610 1485 1655 anxius,

1042 1666 1180 1704 Locum
1213 1666 1411 1706 Calvariae

1098 1724 1279 1761 Cruentat
1308 1724 1457 1760 saucius

1038 1780 1211 1818 Pendens
1241 1790 1308 1817 rex
1338 1780 1481 1827 gloriae

1093 1837 1287 1884 Tanquam
1317 1836 1511 1884 inglorius,

1039 1951 1083 1988 In
1115 1960 1155 1987 se
1186 1950 1363 1987 reliditur

1094 2007 1200 2044 Mors
1230 2017 1322 2044 ausa
1351 2012 1492 2044 temere

1038 2063 1162 2108 Vitae,
1194 2074 1267 2110 qua
1297 2064 1448 2111 vivitur,

1094 2121 1257 2157 Mortem
1286 2119 1478 2168 infligere3

1038 2176 1135 2214 Dum
1166 2177 1243 2214 vita
1273 2178 1432 2214 moritur

1095 2235 1168 2271 Pro
1198 2238 1326 2271 nostro
1356 2234 1513 2280 scelere,

1036 2290 1142 2327 Mors
1172 2301 1245 2327 non
1277 2291 1509 2338 permittitur

1091 2347 1135 2384 In
1166 2346 1272 2384 nobis
1303 2348 1442 2387 vivere.

535 2460 572 2496 5.
604 2458 678 2496 Per
707 2457 803 2495 hanc
832 2458 1106 2497 sanctissimam

606 2513 824 2552 Paschalem
855 2515 1056 2565 victimam,

607 2571 680 2608 Per
709 2576 746 2607 te
777 2571 993 2621 piissimam,

607 2625 718 2664 Cuius
749 2627 810 2664 hic
839 2629 999 2666 animam

659 2683 850 2721 Transivit
879 2685 1038 2734 gladius,

716 2741 906 2787 Propitius

715 2797 758 2834 Iu
792 2798 921 2835 melius

660 2851 852 2895 Reformet
881 2854 983 2895 ocius
