2031 3289
870 195 1173 237 —446—

242 315 309 353 29.
341 313 372 352 Ο
401 312 539 358 Maria,
571 311 653 349 Deo
684 311 809 359 digna,
1061 310 1128 348 39.
1160 309 1382 356 Credidisti‚
1415 308 1515 356 quod
1545 308 1685 346 audisti

400 369 528 418 Plena,
562 368 696 414 inquit,
728 366 863 413 gratia,
1216 366 1346 402 Mente
1379 364 1630 412 devotissima,

342 425 551 462 Benedicta
578 428 615 460 et
646 423 757 460 beata
1159 422 1261 459 Ante
1293 425 1443 467 partum
1475 425 1513 457 et
1532 425 1618 467 post
1639 425 1792 467 partum

403 481 561 519 Saecula
592 489 661 526 per
690 479 830 519 omnia.
1217 478 1378 515 Manens
1409 476 1682 524 integerrima.'

245 583 310 622 30.
341 582 484 619 Amans
516 581 638 618 Deum
669 580 771 627 apud
803 590 886 617 eum
1062 581 1128 618 40.
1160 579 1213 618 Ut
1243 579 1456 626 scripturae
1489 578 1727 627 praedixere,

403 637 588 675 Invenisti
618 637 792 683 gratiam,
1218 635 1336 672 Facta
1369 644 1408 671 es
1439 645 1640 682 puerpera,

347 694 429 739 Qua
460 694 608 740 repleta
639 693 713 729 eris
744 693 846 730 laeta
1163 692 1245 729 Iam
1277 702 1362 728 cum
1394 695 1483 728 nato
1512 694 1691 728 coronato

403 750 553 787 Prolem
585 749 743 797 gignens
774 748 928 796 regiam.
1219 748 1368 794 Regnas
1400 757 1514 794 super
1543 746 1712 785 aethera.

247 852 312 891 31.
345 851 403 888 Ne
433 849 628 898 formides,
660 850 741 887 sola
769 849 864 887 fides
1062 849 1129 888 41.
1160 848 1370 887 Universae
1400 848 1474 885 iam
1507 858 1710 885 conversae

402 907 487 944 Tibi
520 906 626 944 dabit
655 905 786 951 filium,
1220 904 1361 942 Gentes
1392 908 1430 941 te
1459 902 1714 954 magnificant,

348 963 489 1001 Contra
520 973 662 1000 morem
693 963 920 1000 salvatorem
1162 961 1216 998 Te
1246 964 1464 1009 precantur,
1496 964 1533 996 te
1561 959 1747 997 mirantur

403 1019 614 1057 Generabis
646 1018 824 1058 omnium.
1219 1018 1276 1054 Ac
1308 1017 1443 1054 devote
1472 1015 1708 1063 praedicant.

1069 1121 1137 1159 42.
1170 1119 1264 1157 Sunt
1296 1119 1479 1156 caelestes
1511 1119 1616 1156 chori
1648 1122 1777 1166 testes,

1225 1175 1369 1221 Quibus
1401 1186 1440 1212 es
1466 1175 1698 1222 praeposita.

1169 1233 1222 1269 Te
1252 1238 1470 1269 cunctorum
1503 1232 1708 1268 electorum

1228 1288 1545 1326 Transscendisse
1575 1287 1722 1326 merita.

249 1124 316 1161 32.
347 1123 475 1160 Mater
510 1121 584 1158 eris
616 1126 653 1159 et
685 1121 824 1158 diceris

406 1178 538 1216 Omnis
569 1177 672 1214 orbis
705 1177 870 1225 domina,

354 1234 442 1272 Eris
474 1244 625 1282 parens,
659 1233 726 1270 sed
753 1245 826 1272 non
851 1243 985 1270 carens

413 1290 601 1328 Castitate
633 1290 806 1337 pristina.

251 1394 319 1433 33.
352 1391 411 1429 Ne
442 1391 622 1439 turberis,
656 1402 703 1428 ne
733 1391 881 1428 miseris
1074 1391 1139 1429 43.
1169 1390 1287 1427 Totus
1317 1388 1421 1427 orbis
1451 1394 1489 1425 te
1520 1400 1588 1435 pro
1621 1388 1760 1425 morbis

405 1448 589 1496 Audiens,
623 1448 723 1494 quod
754 1448 903 1495 paries3
1226 1446 1275 1483 Et
1306 1445 1595 1483 necessitatibus

351 1504 492 1551 Gignes
510 1504 674 1551 quidem,
693 1505 760 1541 sed
777 1508 818 1541 ut
834 1504 985 1551 pridem
1169 1502 1420 1552 Deprecatur,
1453 1506 1493 1539 ut
1526 1500 1674 1538 fruatur

411 1561 601 1608 Virginem
633 1564 670 1596 te
701 1560 856 1597 senties.
1227 1559 1376 1607 Optatis
1404 1557 1654 1595 successibus.

254 1664 323 1702 34.
354 1662 560 1709 Appetitas
592 1669 628 1698 et
658 1661 827 1708 pruritus
1072 1663 1140 1701 44.
1173 1661 1227 1698 Te
1258 1661 1455 1698 laudamus
1486 1664 1521 1696 et
1553 1669 1743 1706 rogamuS,

409 1718 542 1755 Carnis
573 1718 821 1765 ignorabitur,
1226 1717 1468 1754 Feminarum
1499 1716 1631 1762 gloria,

352 1776 507 1813 Partum
538 1778 663 1811 tamen
694 1774 732 1811 in
763 1778 801 1810 te
834 1772 971 1811 flamen
1169 1774 1287 1811 Tuam
1320 1773 1478 1822 prolem,
1511 1782 1640 1808 verum
1671 1771 1803 1817 solem,

409 1830 588 1868 Sanctum
621 1830 855 1878 operabitur.
1225 1830 1346 1867 Nobis
1377 1828 1592 1866 reconcilia.

252 1935 318 1972 35.
351 1932 504 1970 Summa
542 1932 662 1969 virtus
689 1935 802 1978 atque
834 1935 986 1969 sanetus
1072 1933 1138 1972 45.
1171 1931 1249 1969 Nos
1282 1942 1474 1974 conserva,
1508 1941 1553 1967 ne
1585 1933 1737 1966 caterva

408 1989 463 2026 Te
493 1989 658 2036 replebit
688 1988 856 2038 spiritus,
1230 1988 1373 2025 Laedat
1405 1986 1700 2027 adversantium.

351 2045 403 2084 Ut
435 2049 653 2082 cunctorum
685 2045 923 2081 saeculorum
1170 2045 1297 2091 Atque
1329 2044 1450 2080 caecis
1480 2049 1566 2080 tuae
1595 2042 1722 2089 precis

411 2102 493 2140 Rex
525 2102 575 2138 sit
605 2105 690 2138 tuus
721 2101 883 2148 genitus,
1230 2100 1385 2147 Porrige
1415 2099 1637 2136 subsidium.

256 2204 323 2242 36.
354 2202 443 2240 Eris
456 2212 855 2251 praegnans‚namque
872 2211 1033 2248 regnans
1075 2203 1141 2241 46.
1174 2202 1312 2239 Preces
1343 2199 1472 2247 funde,
1508 2211 1554 2237 ne
1584 2199 1804 2237 immundae

412 2259 456 2296 In
489 2262 683 2296 aeternum
715 2258 898 2295 Dominus
1232 2257 1480 2295 Succumbam
1512 2256 1676 2303 libidini,

357 2314 487 2352 Sumet
510 2325 658 2363 corpus,
681 2324 750 2362 per
772 2314 872 2361 quod
892 2325 985 2362 opus
1175 2315 1225 2353 Ut
1257 2324 1362 2351 mens
1394 2324 1476 2351 mea
1506 2324 1580 2350 non
1611 2313 1658 2349 sit
1694 2323 1758 2350 rea

412 2371 548 2409 Mundi
580 2371 687 2407 tollet
719 2369 878 2408 facinus.
1225 2371 1268 2408 In
1300 2375 1505 2416 conspectu
1536 2369 1700 2408 Domini.

258 2469 322 2506 37.
357 2468 395 2504 Is
426 2466 602 2515 salvabit,
635 2477 743 2513 quem
775 2466 953 2513 purgabit
1074 2468 1139 2506 47.
1173 2466 1291 2504 Stella
1323 2466 1450 2515 maris,
1484 2475 1578 2512 quae
1609 2465 1751 2512 ignaris
1993 2474 1998 2495 ε

410 2524 443 2560 Α
475 2523 654 2570 peccatis,
685 2523 880 2571 populum,
1230 2522 1414 2561 Subvenis
1446 2527 1482 2558 et
1513 2521 1688 2572 perditis,

353 2580 592 2626 Regnaturus
624 2583 661 2615 et
693 2579 849 2616 daturus
1173 2580 1215 2616 In
1248 2579 1317 2615 hoc
1349 2579 1427 2615 salo
1458 2589 1526 2615 nos
1556 2589 1577 2614 a
1611 2577 1709 2614 malo

412 2636 581 2682 Regnum
623 2635 680 2672 his
711 2635 749 2672 in
784 2635 987 2676 saeculum.
1229 2635 1320 2672 Tuis
1352 2635 1457 2672 salva
1487 2634 1643 2671 meritis.

260 2732 325 2770 38³.
357 2731 614 2768 Exsultabunt
645 2736 681 2767 ct
712 2731 923 2769 laudabunt
1076 2732 1141 2770 48.
1176 2732 1232 2769 Ne
1263 2731 1402 2768 amaris
1433 2730 1592 2777 patiaris

413 2788 467 2824 Te
498 2787 631 2824 fideles
664 2786 838 2834 feminae,

360 2843 479 2880 Erunt
513 2854 642 2881 omnes
673 2844 843 2882 nationes

419 2900 499 2936 'l'uo
531 2900 658 2937 salvae
688 2901 866 2947 germine,

1231 2787 1440 2825 Absorberi
1471 2785 1659 2832 fluctibus,

1177 2844 1246 2890 Qui
1279 2844 1463 2880 extollunt
1497 2847 1608 2889 atque
1636 2841 1763 2878 colunt

1234 2900 1287 2936 'l'e
1319 2900 1464 2937 devotis
1497 2898 1693 2937 mentibus,
