2031 3289
546 281 584 317 4.
635 279 805 316 Piscator
836 278 960 316 fuerat
990 279 1126 316 Petrus
1158 283 1195 315 et
1224 280 1413 328 Andreas,

633 336 721 372 Post
753 334 863 372 ambo
894 335 1048 382 rapiunt
1078 335 1182 372 orbis
1213 340 1251 372 et
1280 336 1443 383 agmina,

692 391 854 428 Vastant
884 402 1050 438 aequora
1077 391 1208 428 mundi

746 448 809 485 Ad
840 458 957 494 regna
987 452 1100 495 atque
1130 447 1283 485 trahunt
1316 449 1406 494 poli.

549 552 584 589 5.
634 548 802 585 Laudem
837 549 910 585 rite
942 549 1062 586 crucis
1094 547 1246 586 fortiter
1277 554 1471 596 expetunt,

631 605 730 641 Dum
762 605 904 642 Christi
937 606 1125 652 crepitant
1159 606 1206 642 de
1235 616 1346 642 cruce
1377 606 1549 653 gloriam,

689 661 792 699 Caeli
822 672 939 708 regna
969 666 1186 708 capescunt,

745 718 873 756 Vitam
907 718 953 755 de
985 729 1095 755 cruce
1126 718 1320 765 colligunt.

549 820 585 857 6.
633 818 809 855 Andreas
839 819 968 865 utique
1001 818 1237 865 conspiciens
1270 828 1418 856 crucem
1986 847 1989 859 ,

633 874 834 912 Exclamat
864 874 990 912 subito
1020 875 1150 912 taliter
1180 875 1378 912 intonans:
1986 869 1990 901 ¹

692 930 814 980 Salve,
850 936 980 968 sancte
1010 931 1236 978 triumphus,

749 987 890 1025 Christi
920 992 1127 1035 perpetuus
1158 987 1290 1027 honor.
1987 1007 1989 1057 1

558 1103 588 1126 ι.
637 1089 701 1126 Me
732 1099 831 1125 nunc
861 1093 902 1126 tu
933 1087 1115 1126 famulum
1147 1089 1296 1135 suscipe
1329 1099 1521 1138 cernuum,
1988 1127 1990 1135 ‚

636 1146 738 1190 Quae
771 1146 912 1182 dudum
945 1145 1146 1182 Dominum
1179 1146 1370 1182 extuleras
1401 1146 1518 1192 pium,
1986 1151 1990 1183 τ

693 1202 750 1238 Τιι
781 1212 880 1239 nunc
911 1202 1031 1239 redde
1062 1203 1255 1251 magistro,
1988 1200 1990 1206 ’

750 1258 854 1304 Quae
884 1269 943 1294 me
975 1259 1209 1306 exquisieras
1240 1259 1335 1297 Deo.

553 1361 591 1397 8.
637 1359 759 1397 Huius
790 1370 858 1396 nos
890 1359 1080 1406 precibus,
1114 1359 1277 1404 Christe,
1309 1359 1490 1406 piissimis
1988 1394 1991 1398 .

637 1416 819 1463 Absolve,
851 1417 1028 1462 petimus,
1056 1416 1140 1463 ipse
1174 1416 1355 1462 reatibus,
1987 1415 1991 1464 ᾗ

699 1473 790 1510 Luci
820 1474 931 1510 trade
962 1473 1192 1519 redemptos.

752 1530 924 1578 Purgans
955 1530 1136 1576 sanguine
1164 1529 1308 1567 noxios.

554 1632 591 1673 9.
637 1631 696 1669 Da
728 1636 891 1668 mentem
924 1631 1091 1669 sobriam
1121 1631 1176 1667 sic
1208 1631 1307 1678 regis
1339 1631 1538 1679 advenam,

639 1688 698 1725 Da
729 1692 873 1725 stamen
907 1687 1031 1735 operis
1065 1688 1112 1724 de
1143 1686 1226 1725 fece
1258 1689 1440 1736 corporis,
1989 1686 1991 1702 ³

695 1745 814 1790 Intus,
847 1743 952 1794 foris,
985 1744 1124 1791 ubique
1987 1746 1991 1788 ἶ

754 1801 812 1838 Tu
841 1811 923 1845 nos,
957 1801 1100 1847 inclite,
1134 1805 1304 1848 protege.

530 1905 591 1941 10.
639 1903 799 1940 Praesta
828 1902 912 1949 hoc,
945 1903 1094 1949 genitor
1123 1903 1265 1949 optime
1295 1904 1470 1951 maxime,

643 1960 727 1997 Hoc
757 1965 810 2007 tu,
842 1964 930 1996 nate
961 1959 1045 2002 Dei,
1078 1965 1115 1996 et
1145 1959 1242 1996 bone
1273 1960 1444 2007 spiritus,

701 2017 877 2062 Regnans
909 2016 1010 2052 solus
1041 2016 1079 2053 in
1110 2026 1198 2053 arce

755 2073 828 2109 Per
858 2077 993 2109 cuncta
1024 2073 1086 2119 pie
1117 2073 1279 2111 saecula.

378 2174 561 2205 Browerus
587 2185 620 2215 p.
646 2171 709 2213 803
734 2173 917 2204 Diimmler
942 2174 986 2211 II,
1010 2170 1087 2205 251.

685 2329 765 2364 151.
803 2329 883 2371 (20.)
918 2330 1093 2372 Hymnus
1119 2329 1166 2363 (le
1194 2328 1452 2364 Confessore.

567 2438 600 2474 1.
650 2438 788 2476 Sancte
819 2434 1027 2477 confessor.
1059 2435 1205 2472 meritis
1236 2435 1359 2483 beate,

648 2493 769 2531 Cerne
801 2492 977 2530 devotum
1010 2492 1079 2530 tibi
1113 2496 1379 2539 congregatum

646 2549 840 2587 Mentibus
873 2554 1018 2586 coetum
1051 2559 1230 2585 resonare
1262 2553 1412 2585 cantum

836 2607 938 2643 Voce
970 2616 1162 2642 canorum.

567 2711 602 2746 2.
651 2709 721 2754 Qui
753 2713 855 2745 tuum
887 2706 1025 2753 gaudet
1057 2706 1251 2742 celebrare
1283 2705 1434 2751 festum,

651 2770 731 2811 Quo
763 2774 870 2802 sacer
901 2763 1016 2799 letum
1054 2763 1198 2799 viceras
1230 2774 1413 2802 amarum,

651 2821 831 2868 Corporis
864 2819 1029 2856 claustra
1060 2830 1234 2856 reserans
1267 2819 1389 2856 eundo

840 2876 972 2913 Victor
999 2876 1046 2912 ad
1080 2881 1194 2915 astra.
