2031 3289
958 168 1234 207 —44-

589 280 629 317 2.
675 279 764 324 Ipse
795 289 878 314 cnm
909 282 1064 325 portans
1094 290 1187 316 onus
1218 279 1440 326 impeditum

678 334 858 379 Corporis
891 335 1004 371 duros
1035 335 1168 372 tuleris
1198 335 1360 384 labores,

673 390 800 427 Maior
830 391 1012 437 exemplis
1043 389 1194 428 famulis
1225 392 1382 429 remisso

915 448 1099 494 Dogmate
1130 448 1275 494 palpas,

590 537 628 574 3.
674 535 784 572 Nona
814 536 1037 573 submissum
1069 541 1167 574 rotat
1199 537 1291 574 hora
1321 537 1438 574 solem

672 591 850 630 Partibus
881 592 1036 629 vixdum
1062 593 1183 630 tribus
1215 593 1386 641 evolutis,

673 649 815 695 Quarta
846 648 990 686 devexo
1020 654 1193 696 superest
1222 649 1260 686 in
1291 660 1362 686 axe

964 706 1093 743 Portio
1123 706 1230 745 lucis.

590 795 628 832 4.
674 793 753 831 Nos
784 793 910 831 brevis
942 794 1018 831 voti
1050 795 1147 842 dape
1179 795 1367 832 vindicata

674 850 862 889 Solvimus
893 849 1029 888 festum
1062 850 1294 898 fruimurque
1327 852 1465 888 mensis

674 905 846 944 Adfatim
877 907 1012 954 plenis,
1045 908 1180 954 quibus
1211 907 1401 945 imbuatur

925 964 1047 1001 Prona
1077 964 1262 1011 voluptas.

593 1055 630 1092 5.
675 1054 818 1090 Tantus
848 1054 993 1090 aeterni
1024 1052 1132 1091 favor
1163 1059 1219 1091 est
1250 1055 1433 1101 magistri,

675 1110 820 1147 Doctor
848 1110 1048 1157 indulgens
1079 1111 1132 1148 ita
1161 1122 1228 1148 nos
1260 1111 1380 1147 amico

675 1166 809 1204 Lactat
841 1166 1005 1213 hortatu,
1037 1167 1132 1204 levis
1163 1167 1365 1214 obsequela
1396 1174 1436 1204 ut

941 1224 1109 1260 Muleeat
1139 1229 1256 1261 artus.

561 1315 626 1361 ,6.
671 1314 793 1351 Addit
824 1317 872 1361 et,
904 1324 951 1349 ne
981 1314 1064 1359 quis
1096 1315 1186 1351 velit
1216 1314 1414 1350 invenusto

676 1369 861 1407 Sordidus
894 1370 995 1406 cultu
1026 1370 1196 1407 lacerare
1228 1369 1401 1417 frontem,

675 1425 750 1463 Sed
783 1426 896 1462 decus
929 1426 1052 1463 vultus
1081 1427 1290 1474 capitisque
1321 1437 1458 1473 pexum

917 1482 1047 1519 Comat
1078 1483 1268 1521 honorem.

620 1603 629 1611 .
675 1572 797 1619 Terge
827 1573 1010 1617 ieiunans,
1043 1573 1108 1619 ait,
1141 1584 1250 1610 omne
1283 1584 1432 1620 corpus,

676 1628 782 1666 Neve
813 1629 998 1666 subducto
1029 1628 1164 1666 faciem
1197 1629 1335 1666 rubore

674 1687 817 1724 Luteus
848 1685 969 1732 tingat
1001 1686 1104 1722 color
1133 1690 1195 1723 aut
1228 1691 1379 1723 notetur

943 1742 1072 1780 Pallor
1101 1743 1139 1779 in
1170 1754 1247 1781 ore.

595 1834 632 1872 8.
678 1833 833 1870 Rectius
864 1833 964 1869 laeto
994 1833 1154 1880 tegimus
1185 1833 1344 1879 pudore,

667 1889 858 1935 Quidquid
889 1889 938 1925 ad
970 1889 1109 1925 cultum
1141 1889 1262 1935 patris
1294 1889 1531 1936 exhibemus3
2005 1927 2007 1939 Ι

676 1945 803 1982 Cernit
834 1946 1021 1982 occultum
1054 1945 1154 1982 Deus
1185 1951 1221 1982 et
1252 1947 1431 1983 latentem
2004 1941 2026 1992 ³2

941 2002 1100 2039 Munere
1133 2003 1287 2040 donat·
2027 2006 2029 2010 '

414 2092 542 2132 Hymn.
572 2102 633 2121 mS.
659 2093 692 2122 S.
719 2091 885 2122 Iohanni>-
915 2091 1119 2122 Laudunen.
1146 2101 1234 2122 saec.
1263 2090 1315 2123 10.
1357 2091 1439 2123 Cod.
1465 2093 1609 2123 Bemen.
1635 2088 1711 2122 455.
1739 2107 1780 2111 ———
1801 2088 1828 2128 1,
1856 2087 1872 2127 1

320 2136 458 2169 Christe
484 2141 693 2168 sanctorum.
718 2154 761 2157 —
786 2136 817 2173 2,
848 2136 862 2167 1
890 2147 976 2168 onus
1002 2136 1295 2177 impedimentum.
1321 2152 1364 2158 -
1389 2135 1420 2174 2,
1445 2134 1466 2168 2
1493 2136 1654 2178 Corporis
1680 2146 1718 2166 os
1743 2135 1874 2167 tuleris.

316 2196 358 2203 -
388 2179 419 2222 2,
445 2180 466 2213 4
492 2183 649 2213 Domate.
675 2198 720 2204 —
745 2179 775 2219 3,
804 2180 819 2213 1
847 2188 932 2213 rota.
959 2200 1002 2203 ——
1030 2179 1062 2219 5,
1089 2179 1110 2213 3
1135 2182 1342 2223 obsequilla.
1370 2199 1412 2204 —
1437 2180 1468 2219 8,
1493 2180 1515 2213 4
1539 2182 1665 2213 domat.

745 2304 802 2339 46.
838 2304 918 2345 (19.)
955 2304 1102 2339 Versus
1128 2305 1222 2339 aute
1250 2304 1449 2339 Somnum.

886 2362 1055 2399 (Cathem.
1080 2363 1139 2398 VI,
1169 2360 1299 2402 1—32).

334 2446 370 2482 1.
402 2444 521 2491 Ades,
552 2447 664 2490 pater
692 2453 878 2489 supreme,
1145 2445 1181 2481 3.
1215 2443 1344 2480 Fluxit
1374 2443 1483 2480 labor
1515 2443 1599 2485 diei,

400 2502 518 2546 Quem
549 2510 658 2538 nemo
689 2500 786 2537 vidit
815 2510 991 2548 unquam,
1214 2498 1329 2537 Redit
1361 2505 1397 2536 et
1427 2500 1562 2546 quietis
1595 2499 1699 2547 hora,

403 2558 603 2604 Patrisque
633 2567 756 2593 sermo
788 2555 936 2594 Christe
1215 2557 1384 2593 Blandus
1415 2567 1529 2602 sopor
1559 2555 1725 2593 vicissim
1998 2579 2001 2598 ,

403 2614 453 2651 Et
485 2613 642 2661 spiritus
672 2613 844 2659 benigne.
1214 2614 1350 2651 Fessos
1382 2613 1527 2650 relaxat
1557 2616 1673 2649 artus,
1998 2615 2001 2663 f

331 2706 366 2742 2.
400 2704 429 2741 O
461 2703 642 2741 trinitatis
672 2703 781 2741 huius
1144 2706 1182 2741 4.
1214 2703 1324 2740 Mens
1354 2707 1531 2740 aestuans
1561 2701 1739 2748 procellis

403 2761 468 2796 Vis
500 2771 585 2806 una,
618 2761 742 2797 lumen
774 2771 899 2805 unum,
1214 2759 1398 2806 Curisque
1429 2758 1596 2796 sauciata
1998 2775 1999 2788 ι

402 2816 503 2853 Deus
535 2827 580 2854 ex
614 2816 693 2854 Deo
724 2817 914 2865 perennis⁷
1213 2816 1319 2853 Totis
1350 2815 1445 2852 bibit
1477 2814 1651 2852 medullis
1996 2832 1999 2870 3

405 2873 505 2909 Deus
537 2883 582 2910 ex
614 2878 772 2920 utroque
802 2873 950 2911 missus,
1214 2871 1401 2909 Obliviale
1432 2871 1593 2918 poclum.
1996 2888 2007 2915 ι,
