2031 3289
378 311 444 349 41.

375 1081 443 1119 42.

373 1855 441 1894 43.

376 2624 442 2662 44.

989 196 1293 237 —404—

475 310 528 348 Et
558 314 636 347 toto
668 310 870 358 desiderio,

475 367 527 404 Ut
558 366 761 412 deosculer,
793 366 903 412 cupio

530 422 584 460 Te
614 426 810 469 purgatum
843 433 865 458 a
895 420 1082 468 sordibus,

475 479 528 517 Ut
558 480 630 514 mei
661 479 736 515 oris
765 479 854 514 unio

474 535 619 581 Tuique
654 540 691 571 et.
722 533 933 570 coniunctio

532 591 618 627 Fiat
648 590 789 626 strictis
819 589 1077 636 amplexibus3

474 648 581 693 Quod
612 646 688 694 fiet,
723 657 805 682 cum
836 645 1070 683 sermonibus

473 703 572 740 Meis
603 703 806 749 assumptis
840 702 1012 739 dulcibus

532 760 614 796 Tua
644 760 717 795 erit
746 759 899 805 locutio,

474 816 526 853 Et
555 816 656 853 labia
685 815 938 852 murmuribus

474 872 562 910 Sive
594 872 890 909 detractionibus

528 928 614 965 Non
647 929 797 966 dederis
827 932 891 965 aut
920 927 1054 973 iurgio.

475 1081 527 1118 Et
558 1081 590 1116 si
622 1080 783 1117 moriens
815 1080 983 1117 abiectus

476 1137 573 1174 Olim
605 1135 658 1173 fui
691 1142 728 1173 et
759 1137 972 1183 despectus,

534 1193 613 1229 Nec
644 1199 700 1230 est
733 1194 842 1239 ullus7
874 1194 935 1239 qui
960 1193 1103 1230 nesciat

474 1249 636 1286 Fructus
668 1250 810 1287 liabens
841 1255 878 1285 et
908 1248 1102 1295 profectus

474 1306 523 1343 Et
555 1306 602 1342 ob
634 1307 703 1342 boc
732 1307 859 1342 salvus
891 1305 1056 1355 effectus,

528 1362 619 1398 Iam
646 1374 706 1399 me
734 1373 845 1399 nemo
876 1362 1081 1409 despiciat3

472 1419 604 1456 Honor
634 1430 678 1456 ex
709 1430 808 1456 nunc
839 1419 930 1455 mihi
960 1418 1038 1467 fiat,

474 1477 525 1514 Et
555 1486 595 1512 se
625 1476 716 1512 mihi
747 1476 920 1522 subiciat,

531 1532 599 1577 Qui
613 1544 685 1569 non
698 1532 820 1569 adbuc
833 1536 889 1568 est
897 1532 1099 1580 subiectus,

477 1588 568 1625 Cum
600 1590 723 1625 nullus
755 1599 813 1625 me
843 1588 996 1635 effugiat

475 1645 526 1682 Et
556 1645 686 1682 vitium
718 1645 886 1693 patefiat,

532 1703 610 1748 Quo
640 1702 798 1748 quilibet
828 1706 883 1738 est
914 1699 1090 1742 infectus,

472 1855 608 1902 Homo,
641 1855 672 1891 si
703 1858 742 1891 tu
772 1854 949 1901 volueris,

472 1912 620 1957 Fugere
651 1921 708 1947 me
736 1922 809 1947 non
840 1911 995 1957 poteris,

529 1967 827 2014 Apprehewdam
857 1970 891 2004 te
921 1967 1056 2016 subito,

473 2023 512 2061 Si
545 2025 688 2070 videro,
720 2025 820 2070 quod
852 2022 969 2060 fueris

473 2080 673 2118 Corrector
703 2081 758 2117 tui
788 2080 941 2117 sceleris

528 2134 583 2176 Et
615 2137 809 2174 declinans
841 2149 862 2174 a
893 2138 1024 2185 vetito,

471 2192 674 2231 Adducam
708 2198 745 2229 te
777 2195 868 2230 satis
900 2194 974 2230 cito

474 2250 562 2287 Plus
593 2251 716 2297 gratia
746 2261 855 2296 quam
886 2250 1020 2288 merito

528 2306 580 2343 In
601 2307 757 2343 domum»
777 2306 928 2353 matris,
960 2313 997 2344 et
1027 2307 1101 2344 eris

474 2363 532 2399 De
563 2364 662 2399 omni
694 2369 757 2399 tuo
789 2363 928 2410 placito

474 2420 700 2456 Dominator
729 2431 799 2468 pro
830 2420 951 2467 libito,

531 2477 569 2514 Si
601 2476 721 2513 eidem
754 2476 943 2514 servieris

476 2623 527 2660 Et
556 2623 746 2670 ingressus
778 2623 991 2660 cuba-adum

474 2680 589 2716 Meae
620 2687 655 2715 et
686 2679 969 2716 tabernaculum

528 2736 738 2773 Genetricis
775 2737 988 2774 carissimae

472 2792 666 2838 Percipies
697 2792 745 2829 ad
778 2793 938 2839 oculum,

473 2849 579 2894 Quod
611 2849 690 2885 sola
722 2849 835 2886 babet
867 2850 1014 2886 titulum

530 2905 750 2942 Sanctitatis
778 2905 1033 2954 dignissimae,

1187 748 1253 784 45.

1285 311 1466 357 Quodque
1494 314 1710 347 sanctorum
1739 310 1897 357 animae,

1286 367 1388 412 Quae
1418 366 1509 402 mihi
1540 365 1634 403 fiunt
1662 367 1869 413 proximae,

1344 423 1452 459 Hanc
1462 422 1601 459 habent
1611 423 1649 459 in
1656 423 1913 469 spectaculum

1285 479 1337 516 Et
1368 479 1400 514 ei
1433 479 1697 515 devotissimae

1288 535 1464 573 Serviunt
1493 540 1531 571 et
1560 535 1791 572 humillimae

1342 593 1376 628 A
1407 591 1556 628 saeculo
1585 591 1625 628 in
1654 591 1857 629 saeculum.

1284 745 1349 782 1112·
1380 755 1439 780 me
1468 743 1612 780 docebis
1643 753 1742 789 vere,

1286 801 1383 847 Quid
1414 802 1487 837 iam
1521 799 1664 836 debebo
1696 798 1836 847 facere,

1344 858 1453 904 Nam,
1474 857 1579 893 iuxta
1607 855 1707 902 quod
1737 855 1914 892 servieris

1284 915 1401 952 Matri
1431 923 1537 949 meae
1566 921 1776 958 puerperae

1285 971 1496 1017 Diligenter
1525 969 1585 1005 vel
1616 973 1769 1015 temere,

1344 1027 1442 1064 Reus
1474 1026 1533 1062 vel
1564 1035 1699 1071 expers
1729 1024 1883 1061 sceleris

1286 1084 1358 1120 Per
1388 1093 1447 1118 me
1478 1082 1648 1118 effectum
1679 1080 1805 1126 operis

1287 1140 1392 1177 Echo
1423 1138 1653 1185 praemiatus
1684 1137 1758 1173 eris

1341 1195 1564 1241 Adaequato
1595 1194 1641 1230 de
1673 1203 1837 1236 munere,

1285 1253 1516 1298 Quamquam
1548 1249 1678 1287 favore
1709 1250 1855 1296 generis

1286 1309 1420 1346 Gratia.
1450 1318 1533 1344 mea
1563 1306 1709 1342 miseris

1343 1366 1431 1402 Plus
1462 1365 1554 1402 velit
1584 1362 1807 1400 retribuere.

1184 1520 1250 1557 46.
1281 1518 1334 1555 Et
1365 1517 1460 1555 dabo
1492 1516 1559 1554 tibi
1579 1515 1764 1563 poculum

1187 2287 1252 2325 47.

1286 1576 1376 1613 Post
1408 1573 1531 1610 carnis
1562 1583 1667 1609 meae
1697 1571 1875 1618 pabulum

1341 1631 1403 1668 Ea:
1432 1630 1521 1667 vino
1553 1628 1654 1666 facto
1685 1627 1865 1675 sanguine

1286 1687 1448 1725 Condito
1481 1697 1550 1732 per
1579 1685 1771 1722 oraculum

1283 1744 1401 1781 Vivae
1432 1744 1534 1779 vocis
1561 1753 1631 1791 per
1660 1740 1850 1778 saeculum

1342 1800 1593 1846 Propaginato
1623 1799 1802 1846 germine,

1283 1857 1371 1894 Non
1401 1857 1499 1902 quod
1532 1855 1723 1892 conditum
1753 1854 1803 1890 sit
1831 1853 1913 1891 sine

1283 1914 1348 1951 Me
1378 1913 1504 1959 aliquo
1535 1911 1729 1948 conamine

1342 1969 1588 2006 Sacerdotum
1605 1968 1664 2004 vel
1682 1967 1911 2015 praesulum,

1284 2026 1380 2063 Nam
1414 2037 1496 2062 cum
1524 2025 1623 2061 omni
1644 2036 1724 2061 sum
1747 2023 1907 2073 homine,

1284 2083 1411 2120 Etiam
1443 2083 1555 2128 pleno
1587 2081 1754 2126 crimine,

1344 2139 1506 2176 Parante
1537 2142 1680 2175 tantum
1713 2136 1911 2176 ferculum.

1285 2287 1337 2324 Et
1368 2285 1558 2322 »calorum
1587 2287 1843 2333 yrauotorum

1285 2344 1458 2381 Mustum
1494 2342 1641 2380 donabo
1671 2352 1844 2379 meorum

1342 2400 1441 2446 Tibi,
1472 2399 1504 2435 si
1535 2399 1630 2436 velis
1658 2399 1821 2446 habere3

1285 2457 1347 2494 Ad
1379 2456 1604 2493 medicinam
1635 2456 1880 2502 languorum,

1284 2514 1454 2551 Fervens
1487 2513 1659 2549 doctrina.
1690 2513 1885 2549 doctorum

1343 2569 1549 2606 Plurimum
1579 2569 1675 2605 solet
1705 2568 1855 2614 valere3

1285 2626 1323 2663 Si
1355 2626 1493 2662 mundo
1525 2625 1640 2662 habes
1671 2625 1863 2672 languere,

1284 2683 1390 2720 Mala
1419 2682 1492 2719 ista
1523 2682 1592 2718 tibi
1623 2691 1762 2728 quaere

1342 2738 1672 2785 Substantiamquc
1701 2747 1828 2775 eorum

1284 2795 1382 2839 Ede,
1416 2795 1514 2841 bibe,
1547 2805 1591 2832 ea
1618 2801 1709 2838 tere,

1284 2852 1450 2889 Mustum
1478 2850 1551 2895 fac,
1583 2851 1682 2898 quod
1704 2855 1742 2887 te
1764 2848 1911 2886 fervere

1341 2908 1472 2945 Faciat
1505 2908 1539 2945 vi
1571 2908 1845 2945 mandatorum.
