1914 3223
769 204 824 208 -—
883 180 965 221 363
1023 204 1080 209 —

139 297 210 333 3a.
253 294 483 341 Conceptum
516 293 616 330 hunc

251 351 288 388 in
330 355 437 388 utero
464 350 545 387 sine
577 354 680 387 tactu
711 351 787 397 pud

251 408 412 454 genuisti

250 464 410 513 integra,
443 474 517 500 non
545 463 712 500 sentiens

250 526 401 567 partum
434 519 589 559 doloris.

138 623 210 660 4a.
252 622 332 667 Quo
362 632 506 658 veneno

250 676 383 715 infecti
413 678 632 715 medullitus

140 781 213 818 5a.
245 778 299 817 Ut
329 782 366 815 te
397 779 549 816 iuvante

254 835 465 873 antidotum

253 892 301 929 de
331 897 395 928 tua
428 902 541 928 carne
573 891 785 929 confectum

252 948 291 985 in
323 948 456 986 altaris
488 949 668 996 mysterio

259 1005 372 1052 digne
404 1016 606 1053 sumamus,

637 1099 675 1136 6.
724 1097 784 1134 Dil

906 270 910 275 ’
955 295 1033 334 ‘3b.

792 351 868 388 oris

956 621 1029 662 4b.

960 778 1031 818 5b.

790 1097 864 1134 ecti
893 1103 958 1135 tuo

1075 296 1133 333 Tu
1164 303 1203 331 es
1235 305 1324 341 ergo

1072 351 1327 397 evangelicum
1341 351 1436 388 illud
1451 352 1571 399 patris
1579 362 1702 401 ovum,

1071 419 1281 454 scorploms

1070 463 1222 501 letifero
1255 474 1398 501 veneno

1073 532 1228 567 prorsus
1259 521 1487 567 oppositum.

1072 622 1126 658 Te
1157 622 1358 669 benignam

1071 678 1264 725 pulsamus
1296 679 1509 727 gemitibus,

1074 779 1132 816 Ne
1163 780 1263 816 ultra
1295 780 1445 826 scorpio

1068 835 1223 877 inficiat.

1070 893 1138 929 sed
1170 897 1255 929 tuus
1287 904 1392 930 amor
1425 891 1564 942 foveat,

1071 960 1144 996 quo
1176 947 1328 986 fovente
1359 950 1550 987 sanissimi

1071 1016 1222 1052 semper
1252 1006 1433 1054 vivamus,

726 1154 867 1191 dilecto
898 1165 944 1191 ex
978 1153 1131 1200 dilecto,

723 1211 938 1248 dilectionis
968 1211 1082 1258 plena
1113 1211 1231 1258 virgo.

229 1322 334 1355 Grad.
362 1333 422 1354 τηε.
449 1321 706 1363 secoviensem
729 1334 818 1354 saec.
850 1320 898 1354 12.
949 1322 1031 1354 Cod.
1058 1323 1299 1354 Vindobonen.
1329 1321 1457 1356 1:3314.
1482 1323 1522 1354 A.
1539 1341 1584 1344 —
1601 1323 1700 1354 Miss.

140 1378 202 1399 ms.
236 1366 446 1399 Secoviense
479 1378 568 1399 sae-e.
601 1365 652 1399 12.
703 1369 786 1400 Cod.
819 1369 986 1400 Graecen.
1019 1366 1096 1399 479.
1129 1369 1168 1399 Β.
1199 1385 1242 1389 -
1267 1369 1366 1399 Miss.
1400 1379 1462 1399 ms.
1496 1368 1706 1400 Secoviense

140 1423 229 1445 saec.
258 1410 308 1444 12.
360 1413 442 1445 Cod.
467 1414 633 1445 Graeeen.
660 1410 736 1445 789.
763 1416 799 1446 C.
825 1431 869 1435 —
896 1413 1060 1455 Sequent.
1087 1424 1149 1445 ωε.
1174 1414 1385 1446 Secoviense
1411 1424 1499 1445 saec.
1530 1412 1580 1444 12.
1623 1413 1709 1446 Cod.

139 1460 306 1490 Graecen.
336 1457 422 1490 1584
458 1459 501 1490 D.
530 1476 574 1480 —
597 1459 695 1490 Miss.
721 1470 784 1490 ms.
812 1459 846 1492 S.
872 1459 1030 1490 Floriani
1056 1470 1144 1491 saec.
1173 1457 1225 1490 12.
1267 1459 1350 1491 Cod.
1377 1460 1530 1491 Florian.
1559 1460 1611 1491 111
1629 1456 1709 1490 208.

140 1504 182 1535 E.
209 1521 251 1525 -—
278 1505 377 1535 ssrev.
404 1514 465 1535 ms.
491 1505 654 1536 German.
680 1514 770 1536 saec.
799 1502 849 1536 12.
903 1504 986 1536 Cod.
1015 1505 1210 1536 Londinen.
1236 1504 1320 1536 Add.
1352 1502 1391 1536 18
1403 1502 1479 1536 302.
1506 1505 1543 1536 F.

233 1547 294 1588 23,
319 1547 340 1580 2
364 1550 469 1581 fetum
497 1554 531 1581 et
554 1549 602 1589 A;
627 1549 702 1582 fotu
725 1554 759 1581 te
780 1551 822 1582 D.
848 1567 893 1571 —
918 1547 980 1588 2b,
1009 1549 1024 1581 1
1053 1551 1122 1582 Hie
1146 1554 1183 1582 tu
1202 1551 1243 1582 D.
1274 1566 1312 1571 —-
1337 1547 1399 1587 3b,
1429 1548 1444 1581 1
1474 1551 1527 1582 Tu
1545 1560 1580 1581 es
1600 1551 1708 1592 igitur

140 1594 243 1626 ACE.
276 1612 318 1616 --
345 1592 406 1633 52,
436 1593 452 1626 1
482 1595 529 1626 Et
553 1595 654 1634 te1D.
681 1613 722 1617 —
749 1594 813 1634 51),
842 1594 856 1626 1
884 1595 968 1627 kein
994 1595 1120 1626 Alinea
1146 1596 1187 1627 D.
1214 1612 1256 1616 —
1282 1593 1345 1633 6b,
1371 1594 1392 1626 2
1417 1595 1569 1627 inhisoat
1594 1596 1636 1627 D.
1664 1612 1709 1617 —

142 1638 213 1678 5¹0,
245 1638 267 1671 4
292 1640 417 1672 Alinea
442 1641 484 1672 D.
514 1658 546 1662 —
579 1638 618 1680 6,
651 1639 672 1673 3
696 1642 814 1683 virgo,
851 1644 972 1672 sancta
996 1642 1111 1672 Maria
1135 1641 1177 1672 Ε.
1203 1658 1247 1662 -
1273 1641 1492 1673 ἲνίεᾶεΐὴοη
1517 1651 1579 1673 aus
1605 1640 1708 1673 Anal.

142 1686 184 1724 X,
214 1683 276 1717 107
301 1696 352 1727 sq.

527 1797 608 1833 282).
644 1797 725 1833 (19)
760 1797 817 1832 De
843 1797 966 1832 beata
990 1797 1122 1833 Maria
1146 1797 1328 1840 Virgine.

639 1904 676 1941 1.
722 1904 780 1940 Av

785 1913 817 1949 e,
848 1902 986 1946 Maria,

728 1959 850 2007 gratia
881 1959 1007 2006 plena,

726 2016 910 2053 Dominus
943 2020 1080 2061 tecum,

730 2072 932 2110 benedicta

729 2134 769 2166 tu
800 2130 839 2166 in
869 2128 1102 2166 mulieribus,

145 2235 214 2272 2a.
258 2232 429 2271 Gratiam

256 2288 325 2326 filii
355 2290 422 2339 tui,

257 2357 367 2393 quam
399 2347 534 2385 merito

257 2402 462 2448 amisimus,

257 2463 310 2504 tu,
344 2459 467 2506 gratia

260 2516 386 2562 plena,
418 2516 492 2564 piis
523 2526 662 2562 repara

258 2571 448 2619 precibus.

145 2676 218 2713 3a.
261 2675 319 2712 Tu
348 2685 463 2722 super

259 2732 385 2768 omnia
416 2730 656 2768 benedictum

317 2798 502 2834 generans
533 2787 747 2833 benedicta,

258 2855 326 2881 nos
357 2855 380 2881 a
411 2844 541 2881 mortis

260 2901 464 2938 maledieto
494 2900 628 2939 libera.

965 2231 1040 2270 2b.

965 2672 1040 2711 3b.

1082 2231 1298 2279 Dominum,

1076 2288 1138 2335 qui
1170 2288 1383 2324 nasciturus

1077 2355 1123 2382 ex
1156 2348 1193 2381 te
1224 2349 1324 2381 totus

1078 2405 1159 2438 erat
1190 2405 1326 2448 tecum,

1077 2457 1250 2495 obtineas

1075 2513 1360 2551 misericordem
1391 2523 1473 2550 esse

1074 2571 1282 2608 nobiscum.

1081 2672 1151 2719 Tu,
1184 2672 1285 2708 vitae

1075 2733 1186 2775 porta
1218 2738 1404 2775 supernae
1435 2731 1473 2764 et

1133 2785 1194 2822 via
1224 2785 1398 2821 caelestis
1430 2784 1588 2834 patriae,

1074 2852 1142 2878 nos
1174 2841 1322 2878 exsules

1076 2897 1242 2945 digneris
1272 2897 1466 2935 reducere.
