<?xml version="1.0" encoding="UTF-8"?>
<!DOCTYPE html PUBLIC "-//W3C//DTD XHTML 1.0 Transitional//EN"
    "http://www.w3.org/TR/xhtml1/DTD/xhtml1-transitional.dtd">
<html xmlns="http://www.w3.org/1999/xhtml" xml:lang="en" lang="en">
 <head>
  <title>
</title>
<meta http-equiv="Content-Type" content="text/html;charset=utf-8" />
  <meta name='ocr-system' content='tesseract 3.04.00' />
  <meta name='ocr-capabilities' content='ocr_page ocr_carea ocr_par ocr_line ocrx_word'/>
</head>
<body>
  <div class='ocr_page' id='page_1' title='image "./hymnographilatin01drevuoft_0391.png"; bbox 0 0 1914 3223; ppageno 0'>
   <div class='ocr_carea' id='block_1_1' title="bbox 749 135 943 177">
    <p class='ocr_par' dir='ltr' id='par_1_1' title="bbox 749 135 943 177">
     <span class='ocr_line' id='line_1_1' title="bbox 749 135 943 177; baseline -0.005 0"><span class='ocrx_word' id='word_1_1' title='bbox 749 158 803 164; x_wconf 91' lang='lat'>—</span> <span class='ocrx_word' id='word_1_2' title='bbox 861 135 943 177; x_wconf 84' lang='lat'>385</span> 
     </span>
    </p>
   </div>
   <div class='ocr_carea' id='block_1_2' title="bbox 140 249 839 581">
    <p class='ocr_par' dir='ltr' id='par_1_2' title="bbox 140 249 740 290">
     <span class='ocr_line' id='line_1_2' title="bbox 140 249 740 290; baseline -0.007 0"><span class='ocrx_word' id='word_1_3' title='bbox 140 251 205 290; x_wconf 88' lang='lat'>38.</span> <span class='ocrx_word' id='word_1_4' title='bbox 241 250 337 289; x_wconf 76' lang='lat' dir='ltr'>Cum</span> <span class='ocrx_word' id='word_1_5' title='bbox 374 249 518 287; x_wconf 73' lang='lat' dir='ltr'>Libani</span> <span class='ocrx_word' id='word_1_6' title='bbox 548 249 740 286; x_wconf 89' lang='lat' dir='ltr'>unctuosis</span> 
     </span>
    </p>

    <p class='ocr_par' dir='ltr' id='par_1_3' title="bbox 237 307 738 353">
     <span class='ocr_line' id='line_1_3' title="bbox 237 307 738 353; baseline -0.006 -8"><span class='ocrx_word' id='word_1_7' title='bbox 237 307 435 345; x_wconf 86' lang='lat' dir='ltr'>Universis</span> <span class='ocrx_word' id='word_1_8' title='bbox 467 311 504 343; x_wconf 92' lang='lat' dir='ltr'>et</span> <span class='ocrx_word' id='word_1_9' title='bbox 534 307 738 353; x_wconf 82' lang='lat' dir='ltr'>gummosis</span> 
     </span>
    </p>

    <p class='ocr_par' dir='ltr' id='par_1_4' title="bbox 292 362 749 411">
     <span class='ocr_line' id='line_1_4' title="bbox 292 362 749 411; baseline -0.002 -11"><span class='ocrx_word' id='word_1_10' title='bbox 292 363 432 411; x_wconf 77' lang='lat' dir='ltr'>Liynis</span> <span class='ocrx_word' id='word_1_11' title='bbox 462 362 749 400; x_wconf 82' lang='lat' dir='ltr'>medicinalibus</span> 
     </span>
    </p>

    <p class='ocr_par' dir='ltr' id='par_1_5' title="bbox 235 419 720 466">
     <span class='ocr_line' id='line_1_5' title="bbox 235 419 720 466; baseline -0.004 -9"><span class='ocrx_word' id='word_1_12' title='bbox 235 420 325 457; x_wconf 92' lang='lat' dir='ltr'>Tuis</span> <span class='ocrx_word' id='word_1_13' title='bbox 362 420 453 457; x_wconf 78' lang='lat' dir='ltr'>ades</span> <span class='ocrx_word' id='word_1_14' title='bbox 484 419 720 466; x_wconf 85' lang='lat' dir='ltr'>languorosis</span> 
     </span>
    </p>

    <p class='ocr_par' dir='ltr' id='par_1_6' title="bbox 234 476 839 581">
     <span class='ocr_line' id='line_1_6' title="bbox 234 476 730 524; baseline -0.002 -11"><span class='ocrx_word' id='word_1_15' title='bbox 234 476 286 514; x_wconf 89' lang='lat' dir='ltr'>Et</span> <span class='ocrx_word' id='word_1_16' title='bbox 317 477 385 513; x_wconf 90' lang='lat' dir='ltr'>hos</span> <span class='ocrx_word' id='word_1_17' title='bbox 416 477 523 524; x_wconf 87' lang='lat' dir='ltr'>ungis</span> <span class='ocrx_word' id='word_1_18' title='bbox 553 476 730 522; x_wconf 80' lang='lat' dir='ltr'>pretiosis</span> 
     </span>
     <span class='ocr_line' id='line_1_7' title="bbox 294 531 839 581; baseline -0.007 -9"><span class='ocrx_word' id='word_1_19' title='bbox 294 534 503 580; x_wconf 84' lang='lat' dir='ltr'>Unguentis</span> <span class='ocrx_word' id='word_1_20' title='bbox 535 531 646 570; x_wconf 86' lang='lat' dir='ltr'>factis</span> <span class='ocrx_word' id='word_1_21' title='bbox 679 531 839 581; x_wconf 88' lang='lat' dir='ltr'>talibus;</span> 
     </span>
    </p>
   </div>
   <div class='ocr_carea' id='block_1_3' title="bbox 797 737 1003 775">
    <p class='ocr_par' dir='ltr' id='par_1_7' title="bbox 797 737 1003 775">
     <span class='ocr_line' id='line_1_8' title="bbox 797 737 1003 775; baseline 0 -1"><span class='ocrx_word' id='word_1_22' title='bbox 797 737 1003 775; x_wconf 83' lang='lat' dir='ltr'><strong>Auctor.</strong></span> 
     </span>
    </p>
   </div>
   <div class='ocr_carea' id='block_1_4' title="bbox 133 862 896 1524">
    <p class='ocr_par' dir='ltr' id='par_1_8' title="bbox 133 862 731 908">
     <span class='ocr_line' id='line_1_9' title="bbox 133 862 731 908; baseline -0.007 -6"><span class='ocrx_word' id='word_1_23' title='bbox 133 863 200 901; x_wconf 87' lang='lat'>39.</span> <span class='ocrx_word' id='word_1_24' title='bbox 234 862 443 900; x_wconf 85' lang='lat' dir='ltr'>Conservat</span> <span class='ocrx_word' id='word_1_25' title='bbox 474 874 496 898; x_wconf 91' lang='lat' dir='ltr'>a</span> <span class='ocrx_word' id='word_1_26' title='bbox 527 862 731 908; x_wconf 80' lang='lat' dir='ltr'>putredine</span> 
     </span>
    </p>

    <p class='ocr_par' dir='ltr' id='par_1_9' title="bbox 228 916 734 967">
     <span class='ocr_line' id='line_1_10' title="bbox 228 916 734 967; baseline -0.004 -11"><span class='ocrx_word' id='word_1_27' title='bbox 228 919 374 967; x_wconf 82' lang='lat' dir='ltr'>Murra,</span> <span class='ocrx_word' id='word_1_28' title='bbox 408 918 475 955; x_wconf 91' lang='lat' dir='ltr'>sed</span> <span class='ocrx_word' id='word_1_29' title='bbox 508 916 734 955; x_wconf 88' lang='lat' dir='ltr'>fortitudine</span> 
     </span>
    </p>

    <p class='ocr_par' dir='ltr' id='par_1_10' title="bbox 229 973 786 1135">
     <span class='ocr_line' id='line_1_11' title="bbox 288 973 786 1022; baseline -0.004 -9"><span class='ocrx_word' id='word_1_30' title='bbox 288 976 361 1013; x_wconf 84' lang='lat' dir='ltr'>Per</span> <span class='ocrx_word' id='word_1_31' title='bbox 390 975 472 1012; x_wconf 88' lang='lat' dir='ltr'>aloe</span> <span class='ocrx_word' id='word_1_32' title='bbox 504 985 569 1012; x_wconf 93' lang='lat' dir='ltr'>cor</span> <span class='ocrx_word' id='word_1_33' title='bbox 599 973 786 1022; x_wconf 85' lang='lat' dir='ltr'>firmatur,</span> 
     </span>
     <span class='ocr_line' id='line_1_12' title="bbox 229 1031 666 1069; baseline -0.005 0"><span class='ocrx_word' id='word_1_34' title='bbox 229 1032 386 1069; x_wconf 90' lang='lat' dir='ltr'>Murreo</span> <span class='ocrx_word' id='word_1_35' title='bbox 418 1031 666 1068; x_wconf 83' lang='lat' dir='ltr'>medicamine</span> 
     </span>
     <span class='ocr_line' id='line_1_13' title="bbox 229 1088 726 1135; baseline -0.004 -9"><span class='ocrx_word' id='word_1_36' title='bbox 229 1088 485 1126; x_wconf 82' lang='lat' dir='ltr'>Conservatur</span> <span class='ocrx_word' id='word_1_37' title='bbox 515 1099 537 1125; x_wconf 90' lang='lat' dir='ltr'>a</span> <span class='ocrx_word' id='word_1_38' title='bbox 569 1088 726 1135; x_wconf 81' lang='lat' dir='ltr'>virgine⁷</span> 
     </span>
    </p>

    <p class='ocr_par' dir='ltr' id='par_1_11' title="bbox 226 1144 896 1296">
     <span class='ocr_line' id='line_1_14' title="bbox 284 1144 896 1193; baseline 0 -12"><span class='ocrx_word' id='word_1_39' title='bbox 284 1145 354 1192; x_wconf 80' lang='lat' dir='ltr'>Qui</span> <span class='ocrx_word' id='word_1_40' title='bbox 367 1145 562 1182; x_wconf 83' lang='lat' dir='ltr'>continens</span> <span class='ocrx_word' id='word_1_41' title='bbox 575 1156 648 1181; x_wconf 90' lang='lat' dir='ltr'>non</span> <span class='ocrx_word' id='word_1_42' title='bbox 660 1144 896 1193; x_wconf 83' lang='lat' dir='ltr'>moechatur3</span> 
     </span>
     <span class='ocr_line' id='line_1_15' title="bbox 226 1202 859 1251; baseline -0.002 -12"><span class='ocrx_word' id='word_1_43' title='bbox 226 1203 310 1251; x_wconf 83' lang='lat' dir='ltr'>Qui,</span> <span class='ocrx_word' id='word_1_44' title='bbox 345 1206 386 1238; x_wconf 89' lang='lat' dir='ltr'>ut</span> <span class='ocrx_word' id='word_1_45' title='bbox 417 1202 605 1251; x_wconf 87' lang='lat' dir='ltr'>desperet,</span> <span class='ocrx_word' id='word_1_46' title='bbox 640 1205 859 1249; x_wconf 88' lang='lat' dir='ltr'>temptatur,</span> 
     </span>
     <span class='ocr_line' id='line_1_16' title="bbox 231 1257 650 1296; baseline -0.005 0"><span class='ocrx_word' id='word_1_47' title='bbox 231 1259 305 1296; x_wconf 89' lang='lat' dir='ltr'>Per</span> <span class='ocrx_word' id='word_1_48' title='bbox 334 1259 417 1296; x_wconf 92' lang='lat' dir='ltr'>aloe</span> <span class='ocrx_word' id='word_1_49' title='bbox 449 1257 650 1294; x_wconf 89' lang='lat' dir='ltr'>roboratur</span> 
     </span>
    </p>

    <p class='ocr_par' dir='ltr' id='par_1_12' title="bbox 226 1313 859 1475">
     <span class='ocr_line' id='line_1_17' title="bbox 287 1313 798 1363; baseline -0.004 -11"><span class='ocrx_word' id='word_1_50' title='bbox 287 1315 453 1363; x_wconf 86' lang='lat' dir='ltr'>Virginis</span> <span class='ocrx_word' id='word_1_51' title='bbox 484 1313 798 1362; x_wconf 83' lang='lat' dir='ltr'>promptitudine,</span> 
     </span>
     <span class='ocr_line' id='line_1_18' title="bbox 226 1371 859 1421; baseline -0.005 -11"><span class='ocrx_word' id='word_1_52' title='bbox 226 1372 287 1410; x_wconf 85' lang='lat' dir='ltr'>Ex</span> <span class='ocrx_word' id='word_1_53' title='bbox 323 1371 457 1418; x_wconf 87' lang='lat' dir='ltr'>quibus</span> <span class='ocrx_word' id='word_1_54' title='bbox 489 1371 701 1417; x_wconf 83' lang='lat' dir='ltr'>exemplum</span> <span class='ocrx_word' id='word_1_55' title='bbox 735 1371 859 1421; x_wconf 86' lang='lat' dir='ltr'>datur,</span> 
     </span>
     <span class='ocr_line' id='line_1_19' title="bbox 226 1423 713 1475; baseline -0.006 -9"><span class='ocrx_word' id='word_1_56' title='bbox 226 1429 335 1475; x_wconf 81' lang='lat' dir='ltr'>Quod</span> <span class='ocrx_word' id='word_1_57' title='bbox 369 1423 415 1465; x_wconf 63' lang='lat' dir='ltr'>d‘e</span> <span class='ocrx_word' id='word_1_58' title='bbox 446 1428 531 1465; x_wconf 87' lang='lat' dir='ltr'>aliis</span> <span class='ocrx_word' id='word_1_59' title='bbox 564 1429 713 1466; x_wconf 89' lang='lat' dir='ltr'>dicatur</span> 
     </span>
    </p>

    <p class='ocr_par' dir='ltr' id='par_1_13' title="bbox 282 1484 720 1524">
     <span class='ocr_line' id='line_1_20' title="bbox 282 1484 720 1524; baseline 0.002 -1"><span class='ocrx_word' id='word_1_60' title='bbox 282 1485 427 1523; x_wconf 91' lang='lat' dir='ltr'>Horum</span> <span class='ocrx_word' id='word_1_61' title='bbox 459 1484 720 1524; x_wconf 85' lang='lat' dir='ltr'>similitudine.</span> 
     </span>
    </p>
   </div>
   <div class='ocr_carea' id='block_1_5' title="bbox 499 1688 992 1727">
    <p class='ocr_par' dir='ltr' id='par_1_14' title="bbox 499 1688 992 1727">
     <span class='ocr_line' id='line_1_21' title="bbox 499 1688 992 1727; baseline -0.004 0"><span class='ocrx_word' id='word_1_62' title='bbox 499 1689 738 1727; x_wconf 87' lang='lat' dir='ltr'>Christus</span> <span class='ocrx_word' id='word_1_63' title='bbox 778 1688 992 1726; x_wconf 88' lang='lat' dir='ltr'>resumit</span> 
     </span>
    </p>
   </div>
   <div class='ocr_carea' id='block_1_6' title="bbox 124 1813 858 1862">
    <p class='ocr_par' dir='ltr' id='par_1_15' title="bbox 124 1813 858 1862">
     <span class='ocr_line' id='line_1_22' title="bbox 124 1813 858 1862; baseline -0.005 -7"><span class='ocrx_word' id='word_1_64' title='bbox 124 1815 191 1856; x_wconf 86' lang='lat'>41.</span> <span class='ocrx_word' id='word_1_65' title='bbox 222 1815 332 1853; x_wconf 80' lang='lat' dir='ltr'>Fons</span> <span class='ocrx_word' id='word_1_66' title='bbox 347 1815 556 1858; x_wconf 79' lang='lat' dir='ltr'>hortorum,</span> <span class='ocrx_word' id='word_1_67' title='bbox 575 1824 648 1861; x_wconf 91' lang='lat' dir='ltr'>quo</span> <span class='ocrx_word' id='word_1_68' title='bbox 664 1813 858 1862; x_wconf 83' lang='lat' dir='ltr'>lavantur,</span> 
     </span>
    </p>
   </div>
   <div class='ocr_carea' id='block_1_7' title="bbox 219 1871 852 2485">
    <p class='ocr_par' dir='ltr' id='par_1_16' title="bbox 219 1871 852 2485">
     <span class='ocr_line' id='line_1_23' title="bbox 227 1871 735 1911; baseline -0.008 -1"><span class='ocrx_word' id='word_1_69' title='bbox 227 1872 409 1911; x_wconf 82' lang='lat' dir='ltr'>Privatim</span> <span class='ocrx_word' id='word_1_70' title='bbox 443 1876 480 1908; x_wconf 92' lang='lat' dir='ltr'>et</span> <span class='ocrx_word' id='word_1_71' title='bbox 510 1871 735 1908; x_wconf 83' lang='lat' dir='ltr'>balneantur</span> 
     </span>
     <span class='ocr_line' id='line_1_24' title="bbox 282 1926 779 1976; baseline -0.008 -9"><span class='ocrx_word' id='word_1_72' title='bbox 282 1930 506 1967; x_wconf 84' lang='lat' dir='ltr'>Peccatores</span> <span class='ocrx_word' id='word_1_73' title='bbox 537 1939 558 1965; x_wconf 93' lang='lat' dir='ltr'>a</span> <span class='ocrx_word' id='word_1_74' title='bbox 589 1926 779 1976; x_wconf 89' lang='lat' dir='ltr'>sordibus,</span> 
     </span>
     <span class='ocr_line' id='line_1_25' title="bbox 224 1984 703 2033; baseline -0.01 -9"><span class='ocrx_word' id='word_1_75' title='bbox 224 1986 305 2033; x_wconf 80' lang='lat' dir='ltr'>Quo</span> <span class='ocrx_word' id='word_1_76' title='bbox 337 1996 465 2023; x_wconf 87' lang='lat' dir='ltr'>eorum</span> <span class='ocrx_word' id='word_1_77' title='bbox 496 1984 703 2031; x_wconf 86' lang='lat' dir='ltr'>irrigantur</span> 
     </span>
     <span class='ocr_line' id='line_1_26' title="bbox 222 2040 829 2092; baseline -0.005 -11"><span class='ocrx_word' id='word_1_78' title='bbox 222 2043 335 2081; x_wconf 88' lang='lat' dir='ltr'>Horti</span> <span class='ocrx_word' id='word_1_79' title='bbox 367 2041 514 2092; x_wconf 76' lang='lat' dir='ltr'>ment-is⁷</span> <span class='ocrx_word' id='word_1_80' title='bbox 546 2045 588 2078; x_wconf 88' lang='lat' dir='ltr'>ut</span> <span class='ocrx_word' id='word_1_81' title='bbox 617 2040 829 2078; x_wconf 83' lang='lat' dir='ltr'>reddantur</span> 
     </span>
     <span class='ocr_line' id='line_1_27' title="bbox 278 2095 837 2146; baseline -0.009 -8"><span class='ocrx_word' id='word_1_82' title='bbox 278 2099 370 2146; x_wconf 89' lang='lat' dir='ltr'>Apti</span> <span class='ocrx_word' id='word_1_83' title='bbox 402 2110 470 2146; x_wconf 90' lang='lat' dir='ltr'>pro</span> <span class='ocrx_word' id='word_1_84' title='bbox 501 2097 628 2135; x_wconf 91' lang='lat' dir='ltr'>multis</span> <span class='ocrx_word' id='word_1_85' title='bbox 658 2095 837 2146; x_wconf 80' lang='lat' dir='ltr'>floribus3</span> 
     </span>
     <span class='ocr_line' id='line_1_28' title="bbox 219 2153 797 2203; baseline -0.005 -9"><span class='ocrx_word' id='word_1_86' title='bbox 219 2156 347 2194; x_wconf 86' lang='lat' dir='ltr'>Nullis</span> <span class='ocrx_word' id='word_1_87' title='bbox 381 2156 491 2193; x_wconf 87' lang='lat' dir='ltr'>cadat</span> <span class='ocrx_word' id='word_1_88' title='bbox 522 2155 561 2191; x_wconf 88' lang='lat' dir='ltr'>in</span> <span class='ocrx_word' id='word_1_89' title='bbox 593 2153 797 2203; x_wconf 86' lang='lat' dir='ltr'>mentibus,</span> 
     </span>
     <span class='ocr_line' id='line_1_29' title="bbox 227 2210 832 2260; baseline -0.005 -10"><span class='ocrx_word' id='word_1_90' title='bbox 227 2213 335 2260; x_wconf 81' lang='lat' dir='ltr'>Quod</span> <span class='ocrx_word' id='word_1_91' title='bbox 366 2213 444 2249; x_wconf 89' lang='lat' dir='ltr'>suis</span> <span class='ocrx_word' id='word_1_92' title='bbox 473 2222 637 2258; x_wconf 88' lang='lat' dir='ltr'>unquam</span> <span class='ocrx_word' id='word_1_93' title='bbox 669 2210 832 2248; x_wconf 86' lang='lat' dir='ltr'>cultibus</span> 
     </span>
     <span class='ocr_line' id='line_1_30' title="bbox 278 2268 796 2314; baseline -0.006 -7"><span class='ocrx_word' id='word_1_94' title='bbox 278 2270 442 2307; x_wconf 85' lang='lat' dir='ltr'>Fructus</span> <span class='ocrx_word' id='word_1_95' title='bbox 473 2268 545 2305; x_wconf 84' lang='lat' dir='ltr'>sibi</span> <span class='ocrx_word' id='word_1_96' title='bbox 575 2272 796 2314; x_wconf 84' lang='lat' dir='ltr'>augeantur,</span> 
     </span>
     <span class='ocr_line' id='line_1_31' title="bbox 220 2324 694 2364; baseline -0.008 0"><span class='ocrx_word' id='word_1_97' title='bbox 220 2326 305 2364; x_wconf 88' lang='lat' dir='ltr'>Nisi</span> <span class='ocrx_word' id='word_1_98' title='bbox 338 2326 386 2364; x_wconf 91' lang='lat' dir='ltr'>de</span> <span class='ocrx_word' id='word_1_99' title='bbox 416 2325 489 2363; x_wconf 91' lang='lat' dir='ltr'>tuis</span> <span class='ocrx_word' id='word_1_100' title='bbox 521 2324 694 2362; x_wconf 90' lang='lat' dir='ltr'>dulcibus</span> 
     </span>
     <span class='ocr_line' id='line_1_32' title="bbox 220 2381 662 2421; baseline -0.007 -1"><span class='ocrx_word' id='word_1_101' title='bbox 220 2383 368 2421; x_wconf 89' lang='lat' dir='ltr'>Rivulis</span> <span class='ocrx_word' id='word_1_102' title='bbox 400 2381 662 2419; x_wconf 86' lang='lat' dir='ltr'>emanantibus</span> 
     </span>
     <span class='ocr_line' id='line_1_33' title="bbox 277 2439 852 2485; baseline -0.003 -9"><span class='ocrx_word' id='word_1_103' title='bbox 277 2440 426 2477; x_wconf 86' lang='lat' dir='ltr'>Mentes</span> <span class='ocrx_word' id='word_1_104' title='bbox 447 2439 553 2485; x_wconf 84' lang='lat' dir='ltr'>ipsae</span> <span class='ocrx_word' id='word_1_105' title='bbox 570 2440 852 2485; x_wconf 85' lang='lat' dir='ltr'>respergantur.</span> 
     </span>
    </p>
   </div>
   <div class='ocr_carea' id='block_1_8' title="bbox 122 2573 824 2904">
    <p class='ocr_par' dir='ltr' id='par_1_17' title="bbox 122 2573 626 2623">
     <span class='ocr_line' id='line_1_34' title="bbox 122 2573 626 2623; baseline -0.004 -10"><span class='ocrx_word' id='word_1_106' title='bbox 122 2575 190 2613; x_wconf 84' lang='lat'>42.</span> <span class='ocrx_word' id='word_1_107' title='bbox 220 2575 364 2613; x_wconf 79' lang='lat' dir='ltr'>Puteus</span> <span class='ocrx_word' id='word_1_108' title='bbox 393 2573 626 2623; x_wconf 87' lang='lat' dir='ltr'>indeficiens,</span> 
     </span>
    </p>

    <p class='ocr_par' dir='ltr' id='par_1_18' title="bbox 218 2631 824 2848">
     <span class='ocr_line' id='line_1_35' title="bbox 220 2631 764 2679; baseline -0.002 -10"><span class='ocrx_word' id='word_1_109' title='bbox 220 2632 282 2669; x_wconf 90' lang='lat' dir='ltr'>Ad</span> <span class='ocrx_word' id='word_1_110' title='bbox 313 2642 422 2679; x_wconf 90' lang='lat' dir='ltr'>quem</span> <span class='ocrx_word' id='word_1_111' title='bbox 453 2631 603 2669; x_wconf 87' lang='lat' dir='ltr'>accedit</span> <span class='ocrx_word' id='word_1_112' title='bbox 632 2631 764 2669; x_wconf 87' lang='lat' dir='ltr'>sitiens</span> 
     </span>
     <span class='ocr_line' id='line_1_36' title="bbox 280 2688 795 2736; baseline -0.002 -11"><span class='ocrx_word' id='word_1_113' title='bbox 280 2688 442 2735; x_wconf 88' lang='lat' dir='ltr'>Propter</span> <span class='ocrx_word' id='word_1_114' title='bbox 471 2688 616 2735; x_wconf 86' lang='lat' dir='ltr'>gratiae</span> <span class='ocrx_word' id='word_1_115' title='bbox 646 2688 795 2736; x_wconf 86' lang='lat' dir='ltr'>pocula,</span> 
     </span>
     <span class='ocr_line' id='line_1_37' title="bbox 221 2743 824 2791; baseline -0.003 -9"><span class='ocrx_word' id='word_1_116' title='bbox 221 2744 296 2782; x_wconf 89' lang='lat' dir='ltr'>Sed</span> <span class='ocrx_word' id='word_1_117' title='bbox 328 2743 556 2791; x_wconf 88' lang='lat' dir='ltr'>profundum</span> <span class='ocrx_word' id='word_1_118' title='bbox 588 2744 824 2791; x_wconf 85' lang='lat' dir='ltr'>prospiciens</span> 
     </span>
     <span class='ocr_line' id='line_1_38' title="bbox 218 2800 740 2848; baseline -0.002 -10"><span class='ocrx_word' id='word_1_119' title='bbox 218 2802 344 2847; x_wconf 84' lang='lat' dir='ltr'>Atque</span> <span class='ocrx_word' id='word_1_120' title='bbox 376 2800 529 2838; x_wconf 88' lang='lat' dir='ltr'>haurire</span> <span class='ocrx_word' id='word_1_121' title='bbox 559 2801 740 2848; x_wconf 87' lang='lat' dir='ltr'>nequiens</span> 
     </span>
    </p>

    <p class='ocr_par' dir='ltr' id='par_1_19' title="bbox 277 2856 752 2904">
     <span class='ocr_line' id='line_1_39' title="bbox 277 2856 752 2904; baseline 0 -10"><span class='ocrx_word' id='word_1_122' title='bbox 277 2857 407 2895; x_wconf 87' lang='lat' dir='ltr'>Utitur</span> <span class='ocrx_word' id='word_1_123' title='bbox 436 2863 547 2895; x_wconf 88' lang='lat' dir='ltr'>cauta</span> <span class='ocrx_word' id='word_1_124' title='bbox 577 2856 752 2904; x_wconf 80' lang='lat' dir='ltr'>formula,</span> 
     </span>
    </p>
   </div>
   <div class='ocr_carea' id='block_1_9' title="bbox 175 2924 808 2961">
    <p class='ocr_par' dir='ltr' id='par_1_20' title="bbox 175 2924 808 2961">
     <span class='ocr_line' id='line_1_40' title="bbox 175 2924 808 2961; baseline 0 -10"><span class='ocrx_word' id='word_1_125' title='bbox 175 2925 338 2958; x_wconf 75' lang='lat' dir='ltr'>Dreves,</span> <span class='ocrx_word' id='word_1_126' title='bbox 365 2926 613 2961; x_wconf 80' lang='lat' dir='ltr'>Hymnographi</span> <span class='ocrx_word' id='word_1_127' title='bbox 634 2925 753 2953; x_wconf 76' lang='lat' dir='ltr'>Latini.</span> <span class='ocrx_word' id='word_1_128' title='bbox 781 2924 808 2951; x_wconf 83' lang='lat'>1.</span> 
     </span>
    </p>
   </div>
   <div class='ocr_carea' id='block_1_10' title="bbox 939 2234 1007 2274">
    <p class='ocr_par' dir='ltr' id='par_1_21' title="bbox 939 2234 1007 2274">
     <span class='ocr_line' id='line_1_41' title="bbox 939 2234 1007 2274; baseline -0.044 0"><span class='ocrx_word' id='word_1_129' title='bbox 939 2234 1007 2274; x_wconf 84' lang='lat'>43.</span> 
     </span>
    </p>
   </div>
   <div class='ocr_carea' id='block_1_11' title="bbox 1052 250 1682 581">
    <p class='ocr_par' dir='ltr' id='par_1_22' title="bbox 1055 250 1527 295">
     <span class='ocr_line' id='line_1_42' title="bbox 1055 250 1527 295; baseline 0.006 -8"><span class='ocrx_word' id='word_1_130' title='bbox 1055 251 1211 295; x_wconf 71' lang='lat' dir='ltr'>Illum-cz,</span> <span class='ocrx_word' id='word_1_131' title='bbox 1245 250 1328 288; x_wconf 82' lang='lat' dir='ltr'>aloe</span> <span class='ocrx_word' id='word_1_132' title='bbox 1355 252 1527 290; x_wconf 86' lang='lat' dir='ltr'>manibus</span> 
     </span>
    </p>

    <p class='ocr_par' dir='ltr' id='par_1_23' title="bbox 1053 307 1681 413">
     <span class='ocr_line' id='line_1_43' title="bbox 1053 307 1592 347; baseline 0.006 -4"><span class='ocrx_word' id='word_1_133' title='bbox 1053 307 1143 344; x_wconf 81' lang='lat' dir='ltr'>Tuis</span> <span class='ocrx_word' id='word_1_134' title='bbox 1171 307 1268 344; x_wconf 88' lang='lat' dir='ltr'>inest</span> <span class='ocrx_word' id='word_1_135' title='bbox 1300 320 1385 345; x_wconf 78' lang='lat' dir='ltr'>cum</span> <span class='ocrx_word' id='word_1_136' title='bbox 1416 309 1592 347; x_wconf 75' lang='lat' dir='ltr'>omnibus</span> 
     </span>
     <span class='ocr_line' id='line_1_44' title="bbox 1108 363 1681 413; baseline 0.007 -13"><span class='ocrx_word' id='word_1_137' title='bbox 1108 363 1254 403; x_wconf 74' lang='lat' dir='ltr'>Primis</span> <span class='ocrx_word' id='word_1_138' title='bbox 1284 366 1487 411; x_wconf 58' lang='lat' dir='ltr'>unquentis</span> <span class='ocrx_word' id='word_1_139' title='bbox 1515 366 1681 413; x_wconf 85' lang='lat' dir='ltr'>famosis,</span> 
     </span>
    </p>

    <p class='ocr_par' dir='ltr' id='par_1_24' title="bbox 1052 421 1503 468">
     <span class='ocr_line' id='line_1_45' title="bbox 1052 421 1503 468; baseline 0 -9"><span class='ocrx_word' id='word_1_140' title='bbox 1052 421 1105 459; x_wconf 91' lang='lat' dir='ltr'>Ut</span> <span class='ocrx_word' id='word_1_141' title='bbox 1137 421 1227 457; x_wconf 84' lang='lat' dir='ltr'>visis</span> <span class='ocrx_word' id='word_1_142' title='bbox 1258 422 1503 468; x_wconf 85' lang='lat' dir='ltr'>qualitatibus</span> 
     </span>
    </p>

    <p class='ocr_par' dir='ltr' id='par_1_25' title="bbox 1052 476 1682 581">
     <span class='ocr_line' id='line_1_46' title="bbox 1052 476 1624 525; baseline 0.007 -13"><span class='ocrx_word' id='word_1_143' title='bbox 1052 476 1178 513; x_wconf 87' lang='lat' dir='ltr'>Morbi</span> <span class='ocrx_word' id='word_1_144' title='bbox 1213 477 1329 514; x_wconf 89' lang='lat' dir='ltr'>dones</span> <span class='ocrx_word' id='word_1_145' title='bbox 1360 479 1624 525; x_wconf 78' lang='lat' dir='ltr'>languentibus</span> 
     </span>
     <span class='ocr_line' id='line_1_47' title="bbox 1107 533 1682 581; baseline 0.009 -12"><span class='ocrx_word' id='word_1_146' title='bbox 1107 533 1297 570; x_wconf 85' lang='lat' dir='ltr'>Medelam</span> <span class='ocrx_word' id='word_1_147' title='bbox 1335 540 1447 581; x_wconf 89' lang='lat' dir='ltr'>atque</span> <span class='ocrx_word' id='word_1_148' title='bbox 1485 536 1682 575; x_wconf 82' lang='lat' dir='ltr'>morbosis,</span> 
     </span>
    </p>
   </div>
   <div class='ocr_carea' id='block_1_12' title="bbox 948 861 1560 902">
    <p class='ocr_par' dir='ltr' id='par_1_26' title="bbox 948 861 1560 902">
     <span class='ocr_line' id='line_1_48' title="bbox 948 861 1560 902; baseline 0.003 -3"><span class='ocrx_word' id='word_1_149' title='bbox 948 862 1016 902; x_wconf 87' lang='lat'>40.</span> <span class='ocrx_word' id='word_1_150' title='bbox 1047 861 1194 898; x_wconf 85' lang='lat' dir='ltr'>Multae</span> <span class='ocrx_word' id='word_1_151' title='bbox 1223 865 1311 898; x_wconf 90' lang='lat' dir='ltr'>sunt</span> <span class='ocrx_word' id='word_1_152' title='bbox 1342 863 1560 902; x_wconf 88' lang='lat' dir='ltr'>emissiones</span> 
     </span>
    </p>
   </div>
   <div class='ocr_carea' id='block_1_13' title="bbox 1045 917 1635 1527">
    <p class='ocr_par' dir='ltr' id='par_1_27' title="bbox 1045 917 1635 1527">
     <span class='ocr_line' id='line_1_49' title="bbox 1047 917 1471 969; baseline 0.005 -15"><span class='ocrx_word' id='word_1_153' title='bbox 1047 917 1140 954; x_wconf 89' lang='lat' dir='ltr'>Eius</span> <span class='ocrx_word' id='word_1_154' title='bbox 1172 921 1209 954; x_wconf 89' lang='lat' dir='ltr'>et</span> <span class='ocrx_word' id='word_1_155' title='bbox 1239 918 1471 969; x_wconf 70' lang='lat' dir='ltr'>largitiones,</span> 
     </span>
     <span class='ocr_line' id='line_1_50' title="bbox 1104 974 1560 1020; baseline 0.007 -10"><span class='ocrx_word' id='word_1_156' title='bbox 1104 974 1285 1020; x_wconf 83' lang='lat' dir='ltr'>Quoniam</span> <span class='ocrx_word' id='word_1_157' title='bbox 1317 980 1355 1011; x_wconf 87' lang='lat' dir='ltr'>et</span> <span class='ocrx_word' id='word_1_158' title='bbox 1385 975 1560 1013; x_wconf 86' lang='lat' dir='ltr'>miseriae</span> 
     </span>
     <span class='ocr_line' id='line_1_51' title="bbox 1046 1031 1542 1081; baseline 0.002 -13"><span class='ocrx_word' id='word_1_159' title='bbox 1046 1031 1211 1068; x_wconf 85' lang='lat' dir='ltr'>Nostrae</span> <span class='ocrx_word' id='word_1_160' title='bbox 1243 1031 1542 1081; x_wconf 85' lang='lat' dir='ltr'>inclamationes,</span> 
     </span>
     <span class='ocr_line' id='line_1_52' title="bbox 1045 1088 1518 1126; baseline 0.004 -2"><span class='ocrx_word' id='word_1_161' title='bbox 1045 1088 1190 1125; x_wconf 88' lang='lat' dir='ltr'>Multae</span> <span class='ocrx_word' id='word_1_162' title='bbox 1222 1092 1259 1125; x_wconf 88' lang='lat' dir='ltr'>et</span> <span class='ocrx_word' id='word_1_163' title='bbox 1291 1088 1518 1126; x_wconf 83' lang='lat' dir='ltr'>directiones</span> 
     </span>
     <span class='ocr_line' id='line_1_53' title="bbox 1103 1144 1569 1194; baseline 0 -11"><span class='ocrx_word' id='word_1_164' title='bbox 1103 1144 1341 1183; x_wconf 76' lang='lat' dir='ltr'>infirmitatis</span> <span class='ocrx_word' id='word_1_165' title='bbox 1370 1146 1569 1194; x_wconf 87' lang='lat' dir='ltr'>propriae;</span> 
     </span>
     <span class='ocr_line' id='line_1_54' title="bbox 1047 1201 1426 1248; baseline 0.003 -11"><span class='ocrx_word' id='word_1_166' title='bbox 1047 1201 1171 1238; x_wconf 88' lang='lat' dir='ltr'>Variis</span> <span class='ocrx_word' id='word_1_167' title='bbox 1203 1211 1292 1248; x_wconf 82' lang='lat' dir='ltr'>ergo</span> <span class='ocrx_word' id='word_1_168' title='bbox 1324 1202 1426 1238; x_wconf 84' lang='lat' dir='ltr'>varie</span> 
     </span>
     <span class='ocr_line' id='line_1_55' title="bbox 1045 1257 1632 1305; baseline 0.005 -11"><span class='ocrx_word' id='word_1_169' title='bbox 1045 1257 1192 1295; x_wconf 89' lang='lat' dir='ltr'>Morbis</span> <span class='ocrx_word' id='word_1_170' title='bbox 1223 1269 1292 1305; x_wconf 88' lang='lat' dir='ltr'>per</span> <span class='ocrx_word' id='word_1_171' title='bbox 1322 1269 1453 1295; x_wconf 89' lang='lat' dir='ltr'>manus</span> <span class='ocrx_word' id='word_1_172' title='bbox 1485 1259 1632 1297; x_wconf 83' lang='lat' dir='ltr'>Mariae</span> 
     </span>
     <span class='ocr_line' id='line_1_56' title="bbox 1101 1314 1562 1367; baseline 0.004 -16"><span class='ocrx_word' id='word_1_173' title='bbox 1101 1314 1251 1351; x_wconf 87' lang='lat' dir='ltr'>Dantur</span> <span class='ocrx_word' id='word_1_174' title='bbox 1281 1315 1562 1367; x_wconf 64' lang='lat' dir='ltr'>meminationes,</span> 
     </span>
     <span class='ocr_line' id='line_1_57' title="bbox 1046 1370 1533 1418; baseline 0.002 -10"><span class='ocrx_word' id='word_1_175' title='bbox 1046 1371 1147 1417; x_wconf 80' lang='lat' dir='ltr'>Quas</span> <span class='ocrx_word' id='word_1_176' title='bbox 1178 1382 1295 1418; x_wconf 87' lang='lat' dir='ltr'>supra</span> <span class='ocrx_word' id='word_1_177' title='bbox 1327 1370 1533 1409; x_wconf 84' lang='lat' dir='ltr'>multifarie</span> 
     </span>
     <span class='ocr_line' id='line_1_58' title="bbox 1046 1427 1460 1475; baseline 0.002 -11"><span class='ocrx_word' id='word_1_178' title='bbox 1046 1427 1147 1464; x_wconf 89' lang='lat' dir='ltr'>Viris</span> <span class='ocrx_word' id='word_1_179' title='bbox 1178 1428 1460 1475; x_wconf 85' lang='lat' dir='ltr'>intellegentiae</span> 
     </span>
     <span class='ocr_line' id='line_1_59' title="bbox 1101 1484 1635 1527; baseline 0.004 -6"><span class='ocrx_word' id='word_1_180' title='bbox 1101 1484 1315 1522; x_wconf 85' lang='lat' dir='ltr'>Monstrant</span> <span class='ocrx_word' id='word_1_181' title='bbox 1348 1485 1635 1527; x_wconf 80' lang='lat' dir='ltr'>nominationes.</span> 
     </span>
    </p>
   </div>
   <div class='ocr_carea' id='block_1_14' title="bbox 1033 1692 1291 1735">
    <p class='ocr_par' dir='ltr' id='par_1_28' title="bbox 1033 1692 1291 1735">
     <span class='ocr_line' id='line_1_60' title="bbox 1033 1692 1291 1735; baseline 0.012 -10"><span class='ocrx_word' id='word_1_182' title='bbox 1033 1692 1086 1725; x_wconf 89' lang='lat' dir='ltr'>ut</span> <span class='ocrx_word' id='word_1_183' title='bbox 1125 1699 1213 1735; x_wconf 91' lang='lat' dir='ltr'>sup</span> <span class='ocrx_word' id='word_1_184' title='bbox 1228 1699 1291 1728; x_wconf 86' lang='lat' dir='ltr'>ra.</span> 
     </span>
    </p>
   </div>
   <div class='ocr_carea' id='block_1_15' title="bbox 1040 1811 1496 2135">
    <p class='ocr_par' dir='ltr' id='par_1_29' title="bbox 1040 1811 1496 2135">
     <span class='ocr_line' id='line_1_61' title="bbox 1042 1811 1496 1859; baseline 0 -9"><span class='ocrx_word' id='word_1_185' title='bbox 1042 1811 1124 1850; x_wconf 90' lang='lat' dir='ltr'>Sibi</span> <span class='ocrx_word' id='word_1_186' title='bbox 1154 1812 1253 1849; x_wconf 89' lang='lat' dir='ltr'>inest</span> <span class='ocrx_word' id='word_1_187' title='bbox 1282 1824 1352 1859; x_wconf 92' lang='lat' dir='ltr'>pro</span> <span class='ocrx_word' id='word_1_188' title='bbox 1383 1813 1496 1850; x_wconf 88' lang='lat' dir='ltr'>situla</span> 
     </span>
     <span class='ocr_line' id='line_1_62' title="bbox 1041 1869 1486 1916; baseline -0.002 -8"><span class='ocrx_word' id='word_1_189' title='bbox 1041 1869 1171 1908; x_wconf 90' lang='lat' dir='ltr'>Oratio</span> <span class='ocrx_word' id='word_1_190' title='bbox 1202 1880 1271 1916; x_wconf 91' lang='lat' dir='ltr'>pro</span> <span class='ocrx_word' id='word_1_191' title='bbox 1303 1869 1486 1907; x_wconf 88' lang='lat' dir='ltr'>chordula</span> 
     </span>
     <span class='ocr_line' id='line_1_63' title="bbox 1098 1925 1475 1974; baseline 0.003 -12"><span class='ocrx_word' id='word_1_192' title='bbox 1098 1925 1258 1963; x_wconf 91' lang='lat' dir='ltr'>Devotio</span> <span class='ocrx_word' id='word_1_193' title='bbox 1287 1926 1475 1974; x_wconf 87' lang='lat' dir='ltr'>alliciens,</span> 
     </span>
     <span class='ocr_line' id='line_1_64' title="bbox 1040 1981 1460 2020; baseline 0 -1"><span class='ocrx_word' id='word_1_194' title='bbox 1040 1982 1103 2020; x_wconf 88' lang='lat' dir='ltr'>Sic</span> <span class='ocrx_word' id='word_1_195' title='bbox 1133 1981 1299 2020; x_wconf 89' lang='lat' dir='ltr'>efficitur</span> <span class='ocrx_word' id='word_1_196' title='bbox 1330 1983 1460 2020; x_wconf 89' lang='lat' dir='ltr'>bibula</span> 
     </span>
     <span class='ocr_line' id='line_1_65' title="bbox 1040 2040 1475 2086; baseline 0.002 -10"><span class='ocrx_word' id='word_1_197' title='bbox 1040 2040 1121 2077; x_wconf 91' lang='lat' dir='ltr'>Tua</span> <span class='ocrx_word' id='word_1_198' title='bbox 1151 2050 1297 2086; x_wconf 90' lang='lat' dir='ltr'>pauper</span> <span class='ocrx_word' id='word_1_199' title='bbox 1326 2040 1475 2077; x_wconf 87' lang='lat' dir='ltr'>ovicula</span> 
     </span>
     <span class='ocr_line' id='line_1_66' title="bbox 1096 2096 1492 2135; baseline 0.003 -2"><span class='ocrx_word' id='word_1_200' title='bbox 1096 2097 1158 2133; x_wconf 87' lang='lat' dir='ltr'>Ire</span> <span class='ocrx_word' id='word_1_201' title='bbox 1187 2096 1278 2133; x_wconf 86' lang='lat' dir='ltr'>alibi</span> <span class='ocrx_word' id='word_1_202' title='bbox 1309 2096 1492 2135; x_wconf 82' lang='lat' dir='ltr'>nesciens,</span> 
     </span>
    </p>
   </div>
   <div class='ocr_carea' id='block_1_16' title="bbox 1036 2231 1673 2953">
    <p class='ocr_par' dir='ltr' id='par_1_30' title="bbox 1036 2231 1673 2953">
     <span class='ocr_line' id='line_1_67' title="bbox 1037 2231 1567 2280; baseline -0.004 -10"><span class='ocrx_word' id='word_1_203' title='bbox 1037 2232 1247 2280; x_wconf 77' lang='lat' dir='ltr'>Aquarum</span> <span class='ocrx_word' id='word_1_204' title='bbox 1277 2231 1332 2268; x_wconf 92' lang='lat' dir='ltr'>sic</span> <span class='ocrx_word' id='word_1_205' title='bbox 1360 2231 1567 2269; x_wconf 67' lang='lat' dir='ltr'>viventium</span> 
     </span>
     <span class='ocr_line' id='line_1_68' title="bbox 1036 2288 1574 2336; baseline -0.002 -9"><span class='ocrx_word' id='word_1_206' title='bbox 1036 2290 1164 2336; x_wconf 85' lang='lat' dir='ltr'>Atque</span> <span class='ocrx_word' id='word_1_207' title='bbox 1194 2289 1309 2326; x_wconf 89' lang='lat' dir='ltr'>vitam</span> <span class='ocrx_word' id='word_1_208' title='bbox 1342 2288 1574 2335; x_wconf 88' lang='lat' dir='ltr'>donantium,</span> 
     </span>
     <span class='ocr_line' id='line_1_69' title="bbox 1094 2345 1673 2394; baseline 0.003 -12"><span class='ocrx_word' id='word_1_209' title='bbox 1094 2346 1200 2394; x_wconf 76' lang='lat' dir='ltr'>Quae</span> <span class='ocrx_word' id='word_1_210' title='bbox 1237 2345 1282 2382; x_wconf 84' lang='lat' dir='ltr'>de</span> <span class='ocrx_word' id='word_1_211' title='bbox 1310 2345 1464 2383; x_wconf 72' lang='lat' dir='ltr'>Libano</span> <span class='ocrx_word' id='word_1_212' title='bbox 1497 2346 1673 2384; x_wconf 86' lang='lat' dir='ltr'>candoris</span> 
     </span>
     <span class='ocr_line' id='line_1_70' title="bbox 1036 2402 1613 2452; baseline -0.002 -12"><span class='ocrx_word' id='word_1_213' title='bbox 1036 2402 1198 2452; x_wconf 70' lang='lat' dir='ltr'>Fluunt,</span> <span class='ocrx_word' id='word_1_214' title='bbox 1231 2407 1272 2438; x_wconf 84' lang='lat' dir='ltr'>tu</span> <span class='ocrx_word' id='word_1_215' title='bbox 1303 2413 1341 2438; x_wconf 89' lang='lat' dir='ltr'>es</span> <span class='ocrx_word' id='word_1_216' title='bbox 1371 2402 1613 2451; x_wconf 89' lang='lat' dir='ltr'>principium,</span> 
     </span>
     <span class='ocr_line' id='line_1_71' title="bbox 1037 2458 1434 2497; baseline -0.008 0"><span class='ocrx_word' id='word_1_217' title='bbox 1037 2459 1177 2497; x_wconf 87' lang='lat' dir='ltr'>Earum</span> <span class='ocrx_word' id='word_1_218' title='bbox 1211 2458 1434 2496; x_wconf 82' lang='lat' dir='ltr'>beneficium</span> 
     </span>
     <span class='ocr_line' id='line_1_72' title="bbox 1095 2514 1589 2562; baseline -0.006 -8"><span class='ocrx_word' id='word_1_219' title='bbox 1095 2516 1231 2554; x_wconf 88' lang='lat' dir='ltr'>Dando</span> <span class='ocrx_word' id='word_1_220' title='bbox 1263 2515 1407 2562; x_wconf 77' lang='lat' dir='ltr'>impetu</span> <span class='ocrx_word' id='word_1_221' title='bbox 1436 2514 1589 2560; x_wconf 87' lang='lat' dir='ltr'>amoris,</span> 
     </span>
     <span class='ocr_line' id='line_1_73' title="bbox 1037 2570 1582 2619; baseline -0.006 -9"><span class='ocrx_word' id='word_1_222' title='bbox 1037 2573 1135 2610; x_wconf 87' lang='lat' dir='ltr'>Nam</span> <span class='ocrx_word' id='word_1_223' title='bbox 1166 2573 1329 2619; x_wconf 87' lang='lat' dir='ltr'>impetus</span> <span class='ocrx_word' id='word_1_224' title='bbox 1360 2583 1399 2609; x_wconf 88' lang='lat' dir='ltr'>es</span> <span class='ocrx_word' id='word_1_225' title='bbox 1430 2570 1582 2608; x_wconf 88' lang='lat' dir='ltr'>maioris</span> 
     </span>
     <span class='ocr_line' id='line_1_74' title="bbox 1036 2627 1540 2667; baseline -0.004 -1"><span class='ocrx_word' id='word_1_226' title='bbox 1036 2630 1080 2667; x_wconf 91' lang='lat' dir='ltr'>In</span> <span class='ocrx_word' id='word_1_227' title='bbox 1113 2629 1240 2666; x_wconf 88' lang='lat' dir='ltr'>dando</span> <span class='ocrx_word' id='word_1_228' title='bbox 1272 2629 1370 2665; x_wconf 89' lang='lat' dir='ltr'>dona</span> <span class='ocrx_word' id='word_1_229' title='bbox 1400 2627 1540 2665; x_wconf 88' lang='lat' dir='ltr'>valoris</span> 
     </span>
     <span class='ocr_line' id='line_1_75' title="bbox 1096 2684 1668 2733; baseline -0.005 -9"><span class='ocrx_word' id='word_1_230' title='bbox 1096 2687 1259 2733; x_wconf 84' lang='lat' dir='ltr'>Propter</span> <span class='ocrx_word' id='word_1_231' title='bbox 1287 2685 1488 2722; x_wconf 81' lang='lat' dir='ltr'>candidum</span> <span class='ocrx_word' id='word_1_232' title='bbox 1510 2684 1668 2731; x_wconf 90' lang='lat' dir='ltr'>pallium</span> 
     </span>
     <span class='ocr_line' id='line_1_76' title="bbox 1036 2740 1521 2787; baseline -0.004 -7"><span class='ocrx_word' id='word_1_233' title='bbox 1036 2742 1200 2780; x_wconf 90' lang='lat' dir='ltr'>Habitus</span> <span class='ocrx_word' id='word_1_234' title='bbox 1233 2742 1383 2779; x_wconf 88' lang='lat' dir='ltr'>humani</span> <span class='ocrx_word' id='word_1_235' title='bbox 1415 2740 1521 2787; x_wconf 85' lang='lat' dir='ltr'>foris,</span> 
     </span>
     <span class='ocr_line' id='line_1_77' title="bbox 1036 2798 1395 2836; baseline -0.003 0"><span class='ocrx_word' id='word_1_236' title='bbox 1036 2799 1171 2836; x_wconf 90' lang='lat' dir='ltr'>Libani</span> <span class='ocrx_word' id='word_1_237' title='bbox 1203 2798 1395 2835; x_wconf 88' lang='lat' dir='ltr'>interioris</span> 
     </span>
     <span class='ocr_line' id='line_1_78' title="bbox 1092 2855 1622 2903; baseline 0 -10"><span class='ocrx_word' id='word_1_238' title='bbox 1092 2855 1214 2893; x_wconf 84' lang='lat' dir='ltr'>Extra</span> <span class='ocrx_word' id='word_1_239' title='bbox 1243 2866 1377 2903; x_wconf 86' lang='lat' dir='ltr'>gerens</span> <span class='ocrx_word' id='word_1_240' title='bbox 1407 2855 1622 2902; x_wconf 87' lang='lat' dir='ltr'>insignium.</span> 
     </span>
     <span class='ocr_line' id='line_1_79' title="bbox 1419 2920 1462 2953; baseline 0.023 -1"><span class='ocrx_word' id='word_1_241' title='bbox 1419 2920 1462 2953; x_wconf 84' lang='lat'>25</span> 
     </span>
    </p>
   </div>
  </div>
 </body>
</html>
