2031 3289
376 1687 441 1724 10.

381 1957 444 1995 11.

381 2229 445 2266 12.

380 2493 445 2533 13.

388 2759 448 2796 14.

903 214 1209 255 —374—

479 333 589 370 Hanc
615 330 685 368 tibi
715 341 784 377 pro
815 328 1014 376 reprobvis
1045 338 1195 365 carnem
1226 326 1370 374 placuit
1400 325 1491 363 dare
1521 325 1642 371 nobis,

481 388 614 436 Nobis,
646 398 715 433 pro
746 385 866 433 nobis,
900 386 946 422 de
977 384 1097 433 nobis,
1129 384 1254 420 omnia
1279 383 1400 428 nobis,

481 445 552 491 Qui
582 443 652 481 tibi
682 442 927 486 credidimuS,
959 440 1048 478 fidei
1080 451 1172 487 ruga
1203 440 1339 486 quique
1369 438 1559 483 subimus,
1673 475 1677 479 ,

476 502 571 546 Ηοο,
604 500 705 547 quod
736 509 788 545 es,
821 503 857 535 et
887 508 1013 543 serva,
1045 501 1153 543 rogat
1182 496 1275 532 haec
1306 496 1468 532 humana
1499 499 1662 533 caterva.

481 604 577 650 Hoc,
610 601 710 648 quod
741 600 859 637 habes
891 603 927 636 et
956 609 1072 642 amas,
1107 607 1257 635 carnem
1291 607 1378 633 caro
1404 600 1533 633 nostra
1565 596 1758 645 reclamat,

479 661 564 698 Hac
591 658 733 705 alapas,
767 657 897 704 letum,
930 655 1095 692 convitia
1126 653 1202 691 fers
1235 658 1271 690 et
1301 656 1460 701 acetum,

481 717 612 764 Sputa,
647 713 698 750 fel
725 717 763 750 et
793 712 952 761 miseris,
985 711 1101 759 Deus,
1134 711 1205 747 hac
1234 711 1272 746 in
1305 720 1416 747 carne
1448 708 1634 757 mederis3

478 774 665 819 Aegrotos
697 780 843 819 cernas,
875 768 1083 805 medicinas
1114 767 1214 804 adde
1243 776 1440 814 supernas.

485 873 630 920 Quique
661 871 907 917 resurgendo,
939 869 1170 915 scandendo,
1203 868 1302 904 dona
1331 867 1492 904 serendo

483 929 650 977 Mystica
683 929 729 964 de
761 927 887 975 caelis,
920 926 1018 963 vatis
1050 925 1235 972 promissa
1263 924 1416 967 Iohelis‚

481 985 641 1032 Frigida
673 984 789 1021 corda
820 983 940 1019 virum
972 982 1103 1019 reddis
1134 980 1366 1017 flammantia
1394 980 1550 1028 mirum3

481 1042 535 1081 Ut
566 1040 660 1079 facis
689 1041 794 1088 haec,
827 1050 916 1076 vere
947 1037 1009 1075 fac
1039 1049 1106 1075 nos
1137 1037 1209 1074 hoc
1237 1037 1323 1084 igne
1355 1037 1478 1073 calere

484 1143 618 1182 Gloria
649 1142 708 1179 cui
738 1141 901 1179 Domino
931 1150 1068 1186 perpes
1102 1138 1149 1175 de
1179 1136 1313 1174 funere
1342 1137 1455 1185 trino,

484 1200 638 1246 Dasque
668 1198 792 1235 tribus
824 1197 940 1233 vitam
970 1200 1204 1241 mortemque
1235 1194 1388 1240 repellis
1421 1194 1574 1241 avitam,

486 1257 605 1302 Urna,
639 1256 785 1298 domus,
818 1258 929 1300 porta
958 1257 1085 1299 testes,
1119 1251 1206 1298 quia
1234 1251 1299 1287 lux
1330 1251 1431 1287 redit
1460 1255 1565 1295 orta3

486 1313 604 1359 Erige
634 1311 805 1349 labentes
838 1315 875 1346 et
904 1309 1029 1346 adhuc
1059 1308 1097 1345 in
1128 1308 1242 1345 sorde
1271 1308 1449 1345 iacentes,

488 1415 542 1453 Ut
570 1413 642 1450 tibi
672 1411 877 1458 baptistam
909 1410 1115 1448 Iohannem
1147 1409 1227 1446 sive
1256 1408 1464 1454 sophistam

487 1470 720 1507 Dissimilem
750 1468 859 1504 iustis
891 1466 985 1503 facis
1016 1466 1071 1502 uti
1101 1466 1213 1502 melle
1243 1465 1397 1501 locustis

486 1527 538 1564 Et
567 1526 695 1573 iugulo
723 1524 839 1572 plecti
869 1534 940 1560 nec
970 1533 1059 1560 vero
1089 1527 1211 1559 morte
1241 1520 1408 1569 reflecti3

485 1583 565 1620 Fac
594 1593 662 1619 nos
694 1585 912 1618 cunctorum
943 1580 1055 1616 luxus
1086 1579 1212 1616 odisse
1244 1578 1426 1615 ciborum.

487 1684 540 1722 Ut
570 1683 706 1720 tribuis
741 1683 852 1720 Petro
883 1681 1025 1717 solacia
1056 1690 1210 1716 carcere
1239 1683 1374 1725 taetro,

490 1741 596 1778 Dura
627 1743 843 1776 catenarum
873 1737 1113 1783 disrumpens
1139 1736 1264 1773 vincla
1293 1746 1457 1782 suarum,

488 1797 646 1834 Vinctus
677 1795 725 1832 ab
756 1794 910 1831 Herode
940 1793 1038 1830 liber
1069 1791 1166 1841 fugit
1195 1792 1321 1829 indice
1353 1791 1505 1837 Rodae,

489 1853 649 1890 Vincula
679 1856 894 1889 nostrorum
925 1850 1072 1896 pariter
1104 1849 1269 1886 dissolve
1301 1849 1497 1886 malorum.

490 1955 544 1994 Ut
574 1953 669 1992 facis
701 1953 860 1990 electum
892 1952 961 1989 tibi
992 1963 1057 1989 vas
1088 1951 1126 1988 in
1156 1951 1301 1998 quadra
1331 1948 1530 1998 refectum,

496 2012 590 2050 Cum
622 2009 779 2052 fureret,
813 2009 979 2055 Saulum,
1010 2013 1153 2045 mutato
1184 2007 1333 2044 nomine
1365 2006 1534 2054 Paulum,

489 2068 582 2106 Mox
612 2066 805 2104 infecundi
833 2065 987 2103 verbum
1017 2065 1119 2112 parit
1148 2063 1273 2101 orbita
1302 2063 1455 2108 mundi3

491 2124 570 2162 Nos
601 2124 654 2161 ita
684 2127 828 2160 mutato
858 2122 928 2159 tibi
958 2120 1268 2168 quadrifidosque
1301 2120 1440 2157 dolato.

491 2226 542 2265 Ut
575 2229 659 2262 tuus
689 2225 880 2271 Andreas,
912 2233 1021 2270 quem
1053 2222 1175 2269 puniit
1206 2222 1324 2259 hostis
1353 2222 1514 2268 Aegeas,

492 2283 583 2320 Cum
615 2282 760 2328 patitur
789 2291 858 2327 pro
890 2285 938 2327 te,
970 2279 1082 2317 Salve
1112 2290 1218 2323 crux,
1250 2278 1383 2325 inquit,
1415 2289 1505 2314 amo
1536 2279 1581 2326 te,

493 2340 547 2376 Te
577 2349 646 2386 per
676 2343 713 2375 te
741 2336 892 2385 fruitur,
925 2335 1085 2373 flammis
1116 2336 1212 2372 alius
1244 2335 1448 2383 sepelitur3

493 2396 555 2433 Sic
586 2395 693 2432 nobis
726 2395 823 2431 dona
854 2393 1020 2440 requiem
1052 2402 1251 2438 secumque
1281 2402 1433 2428 corona.

489 2491 615 2537 thue
645 2489 714 2526 sub
744 2490 874 2526 insano
905 2488 1108 2525 Iohannem
1142 2487 1354 2524 Domitiano.

495 2548 671 2586 Illaesum
704 2546 815 2593 pleno
846 2545 943 2592 pice,
976 2544 1157 2590 sulphure
1188 2543 1320 2590 prodis
1351 2545 1457 2589 aeno,

495 2604 583 2641 Vita
613 2603 711 2640 redit
742 2602 929 2649 iuvenum,
962 2612 1029 2638 sua
1057 2600 1185 2647 perdit
1215 2600 1298 2636 iura
1328 2609 1530 2646 venenum3

495 2662 707 2707 Perpetuus
738 2663 863 2695 custos
894 2658 948 2694 sic
979 2667 1107 2694 omnes
1139 2661 1294 2705 protege
1325 2657 1456 2692 iustos.

498 2757 590 2795 Cum
622 2756 872 2803 lapidaretur,
903 2758 967 2791 tua
997 2764 1105 2800 quem
1137 2753 1256 2789 tutela
1286 2756 1425 2799 tuetur,

499 2813 712 2860 Stephanus
743 2812 917 2855 invictus,
950 2810 1118 2857 lapidum
1150 2820 1221 2846 non
1255 2812 1426 2845 senserat
1454 2807 1564 2853 ictus,

496 2871 644 2917 Agnum
677 2878 834 2914 cumque
865 2867 970 2904 videt
1001 2867 1118 2913 caelo,
1149 2877 1216 2902 sua
1247 2865 1403 2902 vulnera
1434 2863 1552 2909 ridet3

499 2927 562 2963 Sic
591 2925 690 2962 mala
721 2936 788 2962 nos
819 2924 949 2960 mundi
980 2928 1219 2960 contemnere
1248 2921 1308 2958 fac
1339 2919 1549 2968 fugibundi.
