1914 3223
78 288 149 326 aa.

81 718 153 754 321.

82 1148 151 1184 4a.

83 1577 104 1608 ἴι
119 1585 153 1612 a.

81 1778 151 1814 tia.

81 2408 152 2445 Sa.

84 2767 151 2805 la.

191 285 260 324 Est
289 296 377 334 ergo
409 285 455 323 de
485 284 611 322 lucida

246 342 343 381 nube
372 342 427 379 sol
458 340 661 389 formatus3

191 398 252 436 Sic
282 410 327 436 ex
358 403 476 436 matre
508 396 628 435 fuctus
659 401 714 434 est

248 456 418 493 Christus
445 455 674 492 incarnatus.

193 513 348 559 Lignum
379 512 477 549 vitae
507 511 691 559 germinat

248 569 376 606 hortus
407 568 582 615 irrigatus

304 625 393 662 Leni
426 635 509 662 rore
540 624 694 671 gratiae.

197 715 298 752 Hace
329 719 384 752 est
414 715 541 763 sponsi
572 709 770 759 thalamus,

249 772 285 808 in
317 783 388 819 quo
420 771 549 808 deitati

196 827 290 865 Dum
324 828 446 875 nupsit
479 827 703 875 humanitas,

251 889 325 922 tam
357 890 442 921 sunt
473 884 640 921 inclinati

196 941 310 989 Cae-li,
343 952 451 988 quam
483 945 567 978 sunt
599 940 764 977 homines

249 997 326 1034 Deo
359 995 561 1044 foederati;

306 1054 411 1090 Felix
445 1053 740 1091 matrimonium!

194 1145 297 1182 Ilaec
327 1148 383 1181 est
414 1145 502 1182 urbs
533 1143 665 1191 refugii

250 1202 390 1238 munita
421 1201 598 1238 virtutum

191 1258 297 1294 'l'utis
328 1258 630 1306 propugnaculis,

248 1315 284 1351 in
315 1325 387 1361 qua
419 1315 471 1362 rei
503 1319 620 1351 tutum

191 1371 345 1418 Asylum
379 1371 582 1417 reperiunt,

250 1428 335 1464 dum
366 1427 415 1464 ad
446 1428 574 1464 matris
607 1431 734 1463 nutum

307 1484 391 1520 Rite
422 1483 546 1520 colunt
579 1483 707 1522 filium.

195 1573 297 1610 Haec
329 1579 382 1610 est
415 1573 479 1610 illa
511 1574 712 1612 Sunamitis

194 1631 383 1677 Speciosa.
416 1636 531 1675 casta,
564 1631 675 1676 initis,

248 1686 370 1724 David
401 1685 646 1735 calefaciens3

193 1776 249 1813 Ex
283 1776 387 1824 virga
416 1775 484 1814 flos
515 1777 673 1824 pullulat

249 1833 379 1870 illaeso
410 1833 543 1878 nitore,

193 1889 381 1927 Scintillat
412 1890 611 1937 igniculum

247 1946 444 1992 crystallus
476 1947 637 1984 candore

195 2002 276 2039 Non
309 2002 473 2050 remisso,
506 2004 571 2040 sed
603 2005 745 2041 nitente

304 2059 413 2096 solito
445 2059 491 2096 de
521 2071 636 2098 more.

193 2148 294 2185 Haec
326 2150 487 2197 antiquis
518 2150 687 2188 hostibus

247 2205 444 2243 Terribilis

305 2261 355 2300 Ut
385 2268 590 2301 castrorum
622 2265 721 2302 acies

356 2319 549 2369 Ordinata‚

192 2407 306 2453 Ergo.
337 2412 456 2460 mater
485 2409 649 2456 pietatis,

192 2463 328 2501 Munus
358 2469 443 2502 tuae
473 2466 657 2513 largitatis

247 2519 365 2558 Nobis
395 2521 460 2559 des
491 2522 666 2569 propitia.

811 167 893 210 263

887 283 960 322 2b.

889 713 961 754 3b.

890 1145 962 1184 41».

888 1579 910 1613 5
925 1575 961 1614 b.

887 1778 959 1818 ob.

887 2154 907 2191 7
922 2153 956 2189 b.

881 2413 954 2451 812.

999 283 1103 320 Haec
1133 283 1222 320 luna
1253 283 1488 333 panselenos,

1056 340 1148 377 haec
1178 338 1348 386 eclipSim
1380 340 1510 390 nescit,

1003 396 1108 434 Luna
1138 395 1218 433 sine
1250 396 1410 444 macula,

1056 464 1151 500 quae
1182 464 1368 500 nunquam
1402 451 1610 498 decrescit3

1001 510 1104 547 Haec
1136 514 1191 546 est
1223 521 1318 547 urna
1349 521 1474 555 aurea,

1056 577 1129 613 qua
1160 577 1297 604 manna
1328 565 1526 612 dulcescit,

1111 623 1215 660 Haec
1247 623 1361 660 turris
1384 621 1628 661 constantiae.

1005 714 1109 751 Haec
1140 717 1195 750 est
1226 714 1292 751 illa
1323 714 1456 751 civitas

1059 771 1127 807 Dei
1159 771 1335 819 gloriosa,

1003 828 1043 863 ln
1076 838 1149 874 qua
1181 827 1333 874 pulchre
1371 827 1529 877 singula,

1059 889 1194 921 cuncta
1224 884 1402 932 gratiosa,

1002 941 1043 977 ln
1075 951 1148 987 qua
1179 945 1289 987 porta
1320 941 1447 978 clausa
1478 944 1533 978 est

1058 1001 1138 1034 tota
1167 998 1360 1044 speciosa3

1114 1054 1219 1091 Haec
1248 1058 1305 1091 est
1334 1064 1421 1101 spes
1451 1053 1632 1094 fidelium.

1002 1146 1106 1183 Haec
1136 1149 1194 1183 est
1222 1155 1312 1183 arca
1342 1143 1508 1183 foederis

1056 1206 1135 1239 tota
1167 1202 1358 1251 deaurata,

1000 1260 1034 1296 A
1067 1258 1217 1296 divinae
1247 1259 1367 1306 gloria

1057 1316 1150 1352 lucis
1182 1315 1426 1363 obumbrata3

1001 1372 1062 1409 Sic
1094 1377 1131 1409 et
1161 1376 1292 1409 sancto
1323 1372 1459 1419 spiritu

1056 1429 1160 1476 virgo
1193 1426 1396 1466 fecundata

1112 1485 1248 1522 Rosam
1281 1484 1427 1532 profert
1457 1486 1590 1525 lilium.

1000 1575 1204 1612 Paradisus
1235 1575 1439 1622 voluptatis

1001 1631 1179 1669 Fructum
1213 1630 1359 1678 profert
1389 1633 1601 1670 sanctitatis

1056 1689 1181 1726 Mater
1211 1689 1333 1726 virum
1364 1689 1549 1729 nesciens.

998 1779 1119 1816 Intrat
1151 1779 1286 1816 vitrum
1318 1780 1447 1817 radius

1055 1839 1092 1872 et
1123 1846 1196 1873 non
1228 1836 1391 1873 violatur

1001 1892 1168 1938 Vitrum3
1201 1893 1256 1929 sic
1287 1893 1498 1930 castissima

1054 1949 1170 1986 verbo
1202 1947 1427 1987 fecundatur

1000 2005 1151 2043 Illibato
1183 2006 1368 2043 castitatis

1109 2062 1301 2109 primitivo
1331 2062 1436 2102 flore.

996 2153 1101 2191 Haec
1131 2155 1304 2201 supernis
1337 2155 1480 2192 civibus

1053 2210 1254 2258 Amabilis‚

1110 2268 1257 2305 Lucens
1287 2272 1327 2305 ut
1356 2268 1535 2306 meridies

1167 2324 1260 2363 Orbi
1289 2328 1392 2363 nata..

994 2414 1111 2451 Stella
1143 2415 1279 2454 maris.
1317 2415 1457 2462 praebe
1488 2416 1623 2465 lucem,

995 2471 1044 2509 Ut
1066 2481 1267 2518 sequamur
1284 2471 1475 2510 Christum
1495 2473 1626 2510 ducem

1049 2528 1111 2564 Ad
1144 2528 1238 2565 caeli
1271 2526 1434 2576 fastigia.

529 2677 610 2713 ⁸276.
645 2679 703 2721 (2.)
737 2680 793 2715 De
819 2681 947 2718 Beata
971 2682 1102 2718 Maria
1127 2685 1173 2720 V.

194 2766 315 2816 Salve,
349 2769 454 2816 virgo
484 2781 674 2819 generosa,

195 2823 338 2870 Dulcis,
371 2826 550 2875 prudens,
582 2830 762 2880 speciosa,

251 2880 418 2930 Gemma,
452 2894 548 2931 rosa,
579 2884 710 2926 lilium.

890 2775 960 2816 lb.

999 2778 1096 2823 Lux,
1129 2788 1275 2828 aurora,
1309 2779 1408 2824 luna,
1439 2780 1495 2818 sol
1526 2791 1578 2826 es,

999 2834 1125 2871 Mater
1155 2835 1256 2879 solis,
1290 2833 1361 2885 fac,
1395 2837 1493 2883 quod
1515 2837 1625 2888 soles,

1054 2890 1144 2928 Tuis
1177 2892 1225 2929 da
1254 2893 1446 2935 solacium.
