1914 3223
127 289 192 327 21.

127 1012 191 1052 22.

124 1740 189 1778 23.

121 2613 185 2652 27.

740 195 794 201 -
852 174 931 215 401

226 287 279 325 Et
311 287 427 325 botris
457 289 523 324 tua
556 287 686 336 ubera,

227 345 330 391 Quae
361 354 511 390 semper
541 350 628 381 sunt
659 342 835 382 laetifera

283 401 345 438 Ad
378 401 558 448 pabulum
591 401 859 448 orphanorum,

226 457 518 504 Comparantur,
551 462 589 494 ut
623 458 745 495 altera

225 514 338 552 Fiant
370 517 559 560 tamquam
592 514 753 552 vinifera

282 570 343 608 Ad
379 571 552 616 poculum
578 570 854 618 perfectorum3

226 627 385 673 Sanguis
419 626 458 664 lit
489 627 548 663 lac
578 628 835 675 parvulorum,

224 683 275 721 Et
306 683 364 720 lac
397 684 521 720 vinum
554 684 782 730 adultorum,

284 740 494 787 Vinumque
536 741 662 778 voluta
692 741 856 787 sphaera

221 795 287 833 Fit
317 796 383 833 filii
420 797 455 832 vi
487 798 688 834 verborum

224 852 384 900 Sanguis
415 864 538 897 verus,
573 865 618 891 ex
650 859 799 891 tuorum

282 910 475 947 'Viscerum
506 916 611 948 ortus
643 921 803 951 camera.

219 1011 318 1050 Diaei
348 1012 431 1057 tibi,
463 1013 569 1059 virgo
600 1013 675 1062 pia,

226 1069 418 1115 Quaedam
450 1074 514 1106 tua
545 1070 744 1116 magnalia,

282 1127 335 1165 Ut
363 1130 609 1162 occurrerunt
640 1126 836 1174 primitus;

223 1182 340 1228 Quam
373 1183 536 1230 plurima
567 1187 653 1219 sunt
684 1184 772 1231 alia,

221 1240 323 1286 Quae
354 1240 458 1276 nulla
489 1240 703 1286 eloquentia

280 1297 444 1334 Possunt
476 1297 637 1343 exprimi
668 1296 833 1343 penitus.

222 1353 364 1390 Missus
396 1352 450 1390 fui
483 1353 663 1390 divinitus

225 1409 284 1448 Ad
316 1414 437 1457 te,-ut
468 1410 567 1446 hunc
599 1410 812 1447 humanitus

279 1466 437 1504 Servata
467 1467 684 1504 innocentia

220 1523 422 1573 Recipiasz,
454 1524 631 1560 introitus

221 1579 314 1617 Eius
345 1581 382 1617 in
414 1584 452 1617 te
484 1584 521 1616 et
551 1580 674 1617 exitus

277 1637 474 1684 Incognita
503 1636 567 1674 fiet
601 1637 672 1675 via.

221 1738 441 1777 Ascenczam
473 1750 572 1776 nunc
602 1740 775 1786 superius

218 1795 270 1833 In
296 1796 483 1842 palmam,
517 1807 625 1843 quam
658 1795 818 1833 inferius

278 1853 398 1890 Vilcm
431 1854 509 1890 vidi
541 1858 577 1890 et
609 1863 804 1900 asperam3

220 1911 387 1948 Palmam
420 1909 510 1946 fecit
540 1910 642 1947 Deus
671 1911 768 1957 pius,

219 1967 350 2004 Palma
380 1979 447 2004 sua
477 1967 628 2014 quando
658 1967 764 2013 prius

275 2023 516 2062 Saeculorum
530 2022 622 2060 fecit
633 2024 847 2073 sphaeram,

218 2080 292 2117 Hic
323 2081 497 2119 deorsum
529 2080 784 2129 poenigeram‚

218 2137 418 2185 Nunquam
436 2143 499 2175 aut
513 2148 600 2174 raro
613 2147 847 2184 prosperam,

275 2195 418 2232 Fructu
460 2199 649 2231 carentem
681 2194 848 2242 saepius,

219 2250 372 2288 Sursum
403 2251 523 2288 solum
554 2248 792 2288 fructiferam

217 2307 405 2345 Dantibus
435 2308 559 2355 iugem
591 2318 745 2355 operam

276 2363 407 2414 Operi,
440 2365 540 2411 quod
572 2369 629 2401 est
659 2364 805 2401 melius.

947 290 1014 328 24.
1049 289 1212 326 Fructus
1244 289 1324 326 eins
1356 289 1452 325 sicut
1483 290 1589 335 prius

941 1014 1008 1053 25.

936 1741 1003 1779 26.

1044 344 1340 392 Apprehewdam
1379 346 1552 391 superius

1101 403 1161 438 Ad
1185 403 1315 440 ,locum
1349 412 1468 438 meum
1502 403 1654 440 rediens

1043 458 1093 495 Et
1126 463 1213 494 vota
1244 464 1307 495 tua
1338 459 1441 494 ocius

1046 515 1249 561 'l'amquam
1282 515 1406 551 tidelis
1438 515 1588 551 nuntius

1100 571 1338 608 Renuntiabo
1374 571 1466 608 hacc
1495 571 1618 609 sciens

1040 629 1180 674 Atque,
1214 628 1301 673 quia
1333 626 1386 664 fui
1419 628 1536 664 cliens

1039 684 1103 722 Ad
1135 689 1171 720 te
1203 685 1338 720 missus
1370 684 1587 730 oboediens,

1100 742 1151 780 Ut
1183 741 1298 777 voluit
1331 742 1482 777 mittens
1515 741 1613 788 pius,

1042 799 1207 836 Fructus
1238 797 1398 833 maiores
1431 798 1583 844 capiens

1042 855 1119 892 Ero
1151 859 1186 890 et
1217 855 1337 891 omnis
1368 854 1519 900 sapiens

1100 910 1311 947 Honorabjt
1343 921 1401 946 me
1433 911 1606 957 amplius.

1039 1012 1092 1050 Et
1123 1016 1234 1050 erunt
1263 1015 1331 1049 tua
1362 1013 1480 1050 ubera

1039 1069 1147 1107 Sicut
1177 1069 1275 1106 botri
1307 1068 1469 1106 vinifera

1100 1126 1243 1163 Vineae
1274 1126 1510 1163 delectabilis

1039 1182 1252 1221 Fundendo
1284 1193 1398 1229 super
1428 1183 1557 1220 ulcera

1040 1239 1176 1276 Vinum
1208 1239 1244 1276 in
1279 1238 1399 1276 forma
1430 1240 1565 1287 altera,

1097 1296 1199 1342 Quae
1230 1297 1314 1342 plus
1347 1297 1418 1332 erit
1451 1296 1639 1345 valil›ilis;

1039 1353 1090 1390 Et
1121 1353 1218 1389 sicut
1249 1356 1288 1389 tu
1321 1363 1360 1389 es
1392 1351 1540 1399 fertilis,

1040 1409 1103 1447 Sic
1134 1414 1170 1446 et
1201 1409 1458 1456 propitiabilis

1094 1466 1183 1503 Eris
1214 1467 1252 1503 in
1283 1471 1394 1513 gente
1424 1466 1564 1503 misera

1038 1523 1232 1569 Factaque
1264 1522 1485 1560 favorabilis

1038 1579 1283 1617 Misereberis
1316 1580 1466 1616 humilis

1096 1637 1346 1673 Monstrantis
1378 1636 1446 1673 tibi
1478 1636 1650 1677 vulnera,

1034 1739 1087 1776 Et
1116 1738 1174 1776 tui
1206 1743 1293 1776 sunt
1324 1739 1445 1775 sancti
1476 1748 1598 1775 mores

1034 1795 1142 1834 Sicut
1172 1795 1365 1833 malorum
1400 1796 1534 1833 odores

1092 1853 1202 1891 Omni
1234 1851 1541 1890 circumferentia

1035 1909 1284 1962 Longinquos
1310 1914 1346 1945 et
1377 1909 1588 1958 propiores,

1034 1966 1183 2004 Primos
1215 1971 1252 2003 et
1282 1966 1511 2012 posteriores

1092 2025 1295 2061 Pascentes
1327 2023 1560 2068 redolentia3

1033 2080 1150 2117 Nulla
1181 2084 1269 2116 sunt
1301 2079 1512 2116 diversoria

1033 2138 1076 2174 In
1108 2137 1258 2173 saeculo
1289 2137 1349 2172 vel
1382 2137 1504 2184 devia,

1091 2193 1167 2231 Ubi
1198 2204 1272 2229 non
1304 2194 1352 2230 sit
1382 2193 1483 2230 intra
1514 2191 1616 2230 fores

1033 2251 1137 2288 Tuae
1168 2248 1291 2287 famae
1322 2248 1529 2296 fraglantia

1031 2308 1158 2354 Atque
1193 2307 1321 2344 odoris
1352 2307 1462 2352 copia

1089 2365 1183 2401 Tam
1209 2374 1278 2410 per
1298 2361 1444 2400 fructus
1466 2374 1575 2410 quam
1598 2372 1666 2409 per

1327 2419 1451 2457 flores.

618 2512 774 2559 Virgo
810 2511 867 2550 ad
910 2512 1152 2558 angelum.

217 2613 322 2652 Sicut
350 2614 484 2651 vinum
513 2613 555 2651 fit
587 2614 776 2661 optimum

216 2669 360 2708 Guttur
387 2674 496 2708 tuum
529 2671 801 2716 dulcissimum,

272 2727 302 2765 O
333 2727 558 2774 archangele
588 2727 740 2777 nobilis,

217 2783 382 2821 Mentem
413 2794 534 2821 meam
566 2788 602 2820 et
633 2784 798 2821 animum

217 2839 449 2878 Laetificasti
479 2841 684 2888 plurimum

273 2897 321 2933 Vi
351 2897 456 2934 verbi
485 2897 714 2945 amicabilis3

175 2962 336 2998 Dreves,
361 2965 608 3000 Hymnographi
628 2965 748 2993 Latini.
786 2964 812 2993 Ι.

1028 2615 1232 2660 Postquam
1263 2613 1366 2650 Deus
1398 2615 1454 2649 est
1487 2611 1638 2648 humilis

1027 2670 1080 2708 Et
1109 2670 1197 2706 huic
1228 2669 1307 2706 visa
1339 2680 1420 2706 sum
1451 2668 1589 2705 habilis

1086 2727 1148 2763 Ad
1183 2737 1278 2773 opus
1309 2737 1414 2762 suum
1449 2724 1663 2772 maximum,

1029 2783 1162 2820 Debeo
1192 2782 1420 2819 oboedibilis

1030 2839 1127 2877 Esse
1161 2844 1198 2876 et
1228 2839 1459 2876 inclinabilis

1088 2896 1289 2943 Recipiens
1319 2895 1556 2934 altissimum.

1417 2959 1460 2993 26
