2031 3289
354 381 375 416 2
382 380 431 416 30
439 406 447 413 .

354 677 447 714 2535.

355 969 450 1007 240.

359 1271 453 1308 245.

356 1564 451 1602 250.

359 1848 452 1886 255.

363 2416 455 2453 265.

360 2697 454 2734 270.

482 323 540 359 Ad
575 322 693 358 locum
726 320 837 357 rediit

536 378 629 415 haec
659 376 891 421 felicissima,

481 441 524 478 In
555 451 627 486 quo
658 438 857 485 imaginem

535 496 682 533 viderat
714 498 838 542 antea,

479 558 527 595 Et
559 561 750 604 prostrata
780 556 860 593 solo

538 614 633 651 dixit
663 612 893 650 humillima:

481 677 567 722 Oro,
601 675 752 712 domina
781 675 843 721 mi,

535 735 656 768 mater
688 731 910 780 castissima,

480 794 594 831 Cuius
622 804 758 839 magna
788 792 879 830 satis

534 851 718 887 exsistunt
748 850 895 895 merita,

481 912 531 950 Ut
563 912 656 949 mihi
685 912 846 948 miserae

537 967 628 1006 fiant
659 968 838 1015 proficua,

484 1031 542 1067 De
572 1030 707 1077 quibus
738 1041 821 1067 mea
851 1040 955 1066 mens

537 1098 610 1123 non
644 1091 700 1123 est
729 1086 916 1133 ambigua.

478 1149 615 1197 Credo,
647 1149 735 1196 quia
765 1153 829 1185 tua

531 1209 727 1253 gestarunt
757 1206 904 1242 viscera

486 1269 629 1317 Ipsum,
660 1268 763 1315 apud
794 1277 902 1314 quem
934 1270 990 1304 est

538 1324 823 1372 omnipotentia,

486 1387 598 1425 Cuius
629 1390 686 1423 est
715 1386 860 1433 gratiae

539 1443 659 1480 omnis
688 1443 844 1480 iustitia.

483 1506 585 1552 Ergo
617 1509 657 1542 tu
688 1508 773 1551 post
804 1515 887 1542 eum

540 1572 626 1609 spes
657 1566 788 1599 nostra
817 1562 951 1612 solida,

483 1618 739 1656 Fideiussioni

541 1675 644 1712 cuius
675 1686 757 1712 sum
790 1676 943 1727 tradita,

482 1731 762 1769 Benedictionis

540 1790 656 1825 turris
689 1788 916 1837 firmissima,

486 1847 558 1884 Per
589 1856 698 1892 quam
731 1846 888 1882 munitio

539 1902 673 1939 mortis
705 1905 760 1939 est
793 1902 919 1939 diruta

482 1959 607 2005 Atque
638 1958 808 1996 remissio

540 2015 658 2062 lapsis
690 2015 872 2065 adhibita,

484 2072 590 2119 Iube,
623 2072 722 2118 quod
756 2071 871 2109 faciat

540 2129 631 2166 haec
663 2129 895 2168 muliercula.

480 2186 625 2223 Devote
657 2186 846 2234 impleam,

538 2253 631 2289 quae
662 2254 744 2279 sum
775 2243 958 2292 pollicita,

487 2299 526 2337 Si
557 2299 611 2335 tui
642 2299 754 2336 liceat

543 2354 689 2402 perfrui
718 2356 852 2401 gratia.

488 2412 593 2449 Tunc
625 2423 696 2450 vox
726 2413 891 2449 insonuit

544 2469 805 2518 consolatoria,

489 2525 603 2563 Cuius
635 2525 847 2562 huiusmodi

543 2581 649 2619 fuere
679 2583 839 2619 monita:

488 2639 687 2676 Iordanem
718 2639 906 2676 transiens

542 2695 683 2732 ibidem
716 2695 857 2742 habita,

488 2751 567 2788 Nec
599 2752 667 2789 tibi
699 2753 857 2789 deerunt

542 2819 625 2845 mea
656 2808 860 2856 praesidia,

489 2864 525 2901 Si
558 2865 638 2902 Deo
667 2866 809 2903 servias

548 2922 584 2958 in
618 2923 849 2960 continentia

1076 207 1153 246 118
1212 229 1266 234 ——

1166 321 1260 358 275.

1170 614 1264 651 280.

1155 892 1262 952 285.

1173 1207 1265 1246 290.

1173 1510 1268 1548 295.

1174 1792 1268 1829 300.

1175 2076 1268 2113 305.

1178 2359 1269 2397 310.

1176 2643 1269 2679 315),

1175 2925 1270 2963 320.

1293 320 1340 356 Et
1372 323 1496 356 mente
1526 331 1681 368 respuas

1348 376 1441 413 haec
1469 378 1705 424 temporalia.

1293 438 1427 476 Statim
1459 439 1651 486 egreditur

1348 494 1396 532 ab
1425 495 1658 542 Ierosolyma

1291 557 1353 606 Et,
1385 557 1482 594 sicut
1511 557 1673 594 iusserat

1352 624 1425 650 vox
1455 613 1511 650 illi
1542 613 1706 651 reddita.

1292 675 1465 713 Iordanis
1496 675 1685 712 transiens

1349 731 1494 768 concite
1524 730 1678 768 flumina

1293 794 1443 832 Deserti
1473 797 1649 841 peragrat

1347 849 1441 887 fines
1471 850 1650 896 solivaga.

1293 912 1397 958 Quae
1427 922 1517 949 vero
1547 912 1704 958 pertulit

1351 969 1431 1005 illic
1461 968 1643 1015 pericula,

1293 1032 1390 1078 Quot
1419 1030 1541 1067 hostis
1572 1029 1712 1067 lividus

1348 1087 1429 1123 illic
1459 1087 1678 1134 certamina,

1296 1149 1394 1195 Quot
1424 1149 1714 1195 temptationum

1352 1205 1504 1242 intorsit
1534 1205 1693 1252 spicula,

1298 1267 1439 1314 Quibus
1469 1271 1506 1304 te
1537 1267 1682 1304 exstitit

1357 1324 1526 1362 ductrice
1556 1323 1691 1372 libera,

1298 1387 1383 1424 Non
1415 1391 1484 1434 est,
1515 1391 1556 1423 ut
1587 1384 1765 1432 referam,

1350 1443 1443 1483 mihi
1474 1442 1664 1481 facundia.

1299 1506 1416 1543 Vobis
1447 1509 1705 1543 verumtamen

1356 1566 1443 1599 sunt
1472 1562 1566 1599 haec
1595 1561 1805 1607 notissima,

1299 1619 1370 1666 Qui
1400 1619 1548 1666 experti
1580 1618 1684 1668 estis,

1356 1676 1446 1723 quid
1476 1676 1526 1712 sit
1555 1675 1696 1722 inopia,

1299 1733 1397 1781 Quid
1430 1732 1553 1770 carnis
1585 1731 1758 1769 stimulus

1357 1789 1417 1827 vel
1447 1789 1537 1836 quid
1567 1788 1707 1836 inedia,

1299 1846 1396 1893 Quid
1428 1846 1528 1882 vitae
1560 1845 1707 1883 vanitas

1356 1907 1393 1939 et
1421 1902 1634 1952 insolentia,

1301 1960 1370 1997 Vel
1401 1969 1568 2006 quaeque
1599 1958 1740 1996 saeculi

1354 2015 1605 2062 delectabilia,

1302 2073 1372 2112 Vel
1403 2083 1513 2119 quam
1543 2072 1622 2109 vita
1652 2071 1778 2119 gravis

1355 2130 1404 2166 sit
1435 2129 1639 2169 eremitica.

1300 2189 1403 2234 Quae
1433 2185 1557 2222 nullus
1587 2185 1762 2222 aestimat

1359 2242 1602 2291 superabilia,

1304 2300 1374 2347 Qui
1405 2299 1537 2347 nescit,
1571 2302 1710 2345 quanta
1741 2297 1790 2334 sit

1360 2355 1500 2394 Christi
1530 2354 1710 2403 potentia,

1301 2413 1371 2460 Qui
1402 2412 1493 2450 vicit
1523 2412 1713 2449 saeculum

1358 2473 1394 2506 et
1425 2469 1645 2518 saecularia,

1303 2527 1416 2565 Cuius
1447 2526 1651 2562 munimine

1359 2583 1451 2619 haec
1481 2582 1699 2619 beatissima

1302 2641 1407 2677 Bona
1437 2639 1599 2686 probata
1631 2642 1685 2674 est

1357 2695 1641 2742 perseverantia

1300 2755 1357 2791 Ac
1389 2753 1488 2790 vitae
1518 2752 1653 2788 meruit

1358 2814 1533 2847 aeternae
1566 2807 1732 2856 praemia

1303 2867 1405 2904 Sicut
1437 2865 1568 2902 matris
1599 2864 1698 2901 vitae

1358 2923 1457 2960 bona
1487 2922 1678 2970 clientula,
