2031 3289
899 191 960 242 -’
1012 212 1095 254 610
1153 235 1205 243 —

274 329 340 367 80.
387 328 507 366 Ferre
537 328 691 366 tandem
721 327 909 374 impotens
1090 328 1157 366 84.
1202 327 1284 364 Iam
1312 325 1509 372 quiescant
1538 327 1650 371 oculi,

441 384 603 421 iaculum
634 388 710 421 tam
743 382 852 432 forte,
1260 386 1382 419 cesset
1411 382 1681 430 aquaeductus,

389 439 567 491 Moritur,
598 444 641 478 ut
673 440 814 477 dictum
845 444 914 485 est,
1203 438 1301 476 Nam
1333 448 1378 475 ex
1406 441 1516 485 parte
1546 439 1714 486 percipis

443 497 511 534 sed
543 495 648 534 felici
679 500 820 542 morte;
1259 495 1341 541 spei
1369 497 1456 532 tuae
1487 493 1644 542 fructus,

389 552 485 590 Nam
517 553 738 600 panduntur
766 551 940 599 protinus
1202 551 1310 599 Quia,
1341 560 1411 598 per
1440 561 1549 597 quem
1577 552 1719 590 saeculi

443 609 477 646 ei
507 609 601 647 caeli
633 613 779 656 portae,
1263 607 1417 645 evasisti
1446 606 1594 654 fluctus,

387 664 550 712 Dignam
580 669 623 702 ut
652 665 848 712 intellegat
1204 664 1305 701 Tuos
1334 664 1434 700 inter
1464 664 1592 701 oscula

442 731 482 758 se
513 725 729 759 sanctorum
760 724 878 759 sorte.
1259 720 1474 757 consolatur
1504 720 1639 759 luctus,

274 845 337 883 81.
384 841 587 894 Requiem
616 855 686 891 pro
716 845 842 881 anima
1098 845 1161 882 85.
1208 844 1292 893 Dic,
1327 844 1400 891 dic,
1435 843 1556 880 dulcis
1586 843 1722 893 anima,

442 901 511 938 tali
547 913 621 938 non
654 907 861 948 cantamus,
1263 900 1312 937 ad
1343 900 1435 946 quid
1464 900 1575 950 ultra,
1593 898 1734 937 fleres?

385 959 506 996 Immo
537 961 592 994 est
629 958 812 994 Introitus
1207 956 1337 994 Habes
1368 957 1464 994 caeli
1493 956 1670 1003 gaudium

440 1014 578 1051 missae
609 1013 876 1058 Gaudeamus,
1262 1016 1398 1061 tecum,
1431 1018 1469 1051 et
1498 1012 1676 1060 lugeres?

384 1070 492 1118 Quia,
524 1070 556 1107 si
588 1081 658 1116 pro
689 1074 858 1117 martyre
1204 1069 1257 1106 Et
1287 1069 1317 1106 si
1348 1069 1466 1106 velles
1497 1069 1671 1117 amplius,

440 1126 564 1164 Deum
596 1137 810 1174 exoramus,
1262 1129 1365 1162 certe
1394 1136 1469 1163 non
1498 1126 1659 1172 valeres,

385 1184 441 1222 Ut
472 1183 667 1221 decretum
698 1183 875 1233 loquitur,
1202 1181 1297 1230 Quia
1328 1182 1430 1219 salus
1462 1182 1626 1219 omnium

441 1240 476 1276 ei
508 1240 746 1289 derogamus.
1260 1241 1330 1285 est,
1363 1238 1423 1276 cui
1453 1238 1652 1278 adhaeres,

272 1364 338 1404 82.
383 1363 469 1408 Eia,
502 1363 625 1400 dulcis
657 1363 794 1410 anima,
1089 1365 1156 1404 86.
1204 1363 1280 1401 Sed
1311 1363 1387 1400 iam
1416 1366 1576 1399 met-rum
1608 1363 1711 1413 finio,

440 1420 509 1469 eia,
542 1419 681 1457 rubens
712 1430 810 1466 rosa,
1257 1430 1305 1457 ne
1335 1419 1405 1456 sim
1436 1419 1640 1466 taediosus,

382 1476 523 1514 Lilium
554 1475 793 1521 convallium,
1201 1476 1299 1514 Nam
1330 1476 1362 1513 si
1393 1476 1532 1512 vellem
1563 1475 1742 1521 scribere,

439 1543 585 1580 gemma
616 1533 796 1580 gratiosa,
1257 1543 1369 1580 quam
1400 1532 1602 1570 deliciosus

383 1589 453 1628 Cui
484 1589 608 1629 carnis
639 1588 785 1625 exstitit
1199 1589 1257 1628 Sit
1286 1589 1348 1626 hic
1379 1592 1499 1626 status
1530 1589 1678 1626 animae

438 1644 601 1683 foeditas
633 1655 758 1691 exosa,
1253 1656 1437 1693 quamque
1467 1645 1667 1692 gloriosus,

382 1701 494 1739 Felix
524 1706 609 1739 tuus
641 1701 763 1739 exitus
1195 1703 1231 1739 A
1261 1702 1438 1749 malignis
1478 1701 1627 1738 dicerer

437 1768 613 1805 morsque
643 1758 822 1805 pretiosa.
1254 1756 1373 1796 fallax
1404 1763 1441 1795 et
1471 1758 1686 1797 mendosus

270 1883 336 1922 83.
390 1881 516 1929 Felix,
548 1892 644 1928 quae
674 1882 748 1919 iam
780 1880 918 1920 frueris
1096 1882 1164 1923 87.
1208 1882 1399 1930 Quidquid
1429 1885 1556 1919 tamen
1586 1882 1652 1920 alii

439 1940 569 1985 requie
601 1939 741 1985 cupita,
1265 1939 1407 1986 dicunt,
1439 1937 1560 1976 frater
1591 1949 1690 1987 care,

385 1996 492 2033 Inter
523 1995 652 2041 sponsi
684 1995 841 2032 brachia
1205 1996 1323 2034 Istam
1354 2007 1488 2033 novam
1519 1999 1724 2042 martyrem

443 2051 606 2088 dulciter
637 2051 762 2097 sopita
1263 2051 1385 2089 libens
1416 2052 1578 2099 imitare,

386 2107 557 2154 Eiusque
587 2107 740 2154 spiritui
1206 2108 1379 2155 Dumque
1409 2108 1496 2146 talis
1524 2107 1656 2156 fueris,

442 2162 595 2201 fortiter
624 2165 741 2213 unita,
1261 2164 1452 2202 Christum
1485 2165 1702 2215 deprecare,

384 2220 446 2258 Ab
478 2221 611 2258 eodem
642 2220 780 2267 recipis
1201 2221 1255 2260 Ut
1284 2231 1352 2258 nos
1383 2226 1515 2259 cantus
1545 2221 1723 2268 martyris

441 2278 571 2315 oscula
599 2277 757 2317 mellita.
1259 2278 1393 2315 doceat
1423 2282 1588 2318 cantare.

362 2387 505 2420 Collect.
538 2398 601 2419 ms.
635 2389 670 2421 S.
704 2387 885 2421 Cuthberti
918 2388 1123 2421 Dunelmen.
1157 2399 1246 2421 saec.
1282 2386 1349 2430 [13.
1374 2385 1423 2430 et]
1453 2387 1501 2420 14.
1551 2389 1634 2421 Cod.
1660 2389 1830 2421 Oxonien.

267 2432 380 2465 Laud.
405 2433 550 2466 miscell.
576 2430 653 2465 368.
678 2434 718 2466 A.
742 2450 787 2455 —-
811 2434 954 2466 Collect.
980 2444 1042 2465 ms.
1061 2434 1245 2476 Anglicum
1271 2444 1362 2467 saec.
1392 2433 1443 2465 15.
1470 2435 1516 2465 in.
1559 2434 1641 2467 Cod.
1661 2435 1829 2467 Oxonien.

267 2478 472 2510 Rawlinson
495 2479 525 2510 A
550 2475 626 2511 389.
653 2480 691 2510 Β.
717 2496 760 2500 -
785 2478 927 2511 Collect.
954 2490 1016 2511 ms.
1041 2480 1226 2522 Anglicum
1251 2489 1340 2511 saec.
1369 2477 1419 2511 14.
1462 2479 1545 2511 Cod.
1567 2480 1829 2522 Cantabrigien.

266 2522 317 2555 Ee
342 2524 392 2555 VI
417 2522 448 2556 6.
476 2524 513 2556 Ο.
540 2541 583 2546 -——
617 2523 759 2556 Collect.
784 2534 846 2555 ms.
870 2524 1056 2566 Anglieum
1084 2534 1173 2557 saec.
1203 2523 1253 2556 15.
1303 2524 1385 2556 cod.
1411 2524 1672 2567 Cantabrigien.
1701 2525 1755 2556 Dd
1780 2525 1829 2556 IV

265 2566 318 2600 35.
344 2569 387 2600 D.
436 2585 480 2590 —
514 2569 657 2601 Collect.
693 2580 755 2601 ms.
786 2569 982 2611 Anglicum.
1013 2580 1102 2602 saec.
1131 2569 1182 2602 15.
1238 2570 1321 2602 Cod.
1347 2569 1540 2602 Londiuen.
1568 2571 1650 2611 Reg.
1676 2567 1698 2602 8
1722 2569 1830 2603 GVI.

266 2613 308 2645 E.
342 2631 386 2635 —
418 2614 562 2646 Collect.
596 2625 658 2646 mS.
691 2615 923 2647 Gottwicenso.
957 2624 1047 2647 saec.
1075 2613 1127 2647 14.
1153 2612 1202 2657 [et
1228 2611 1297 2656 15.]
1348 2614 1431 2647 Cod.
1457 2616 1662 2647 Gottwicen.
1691 2613 1765 2647 192.
1791 2615 1828 2646 F.

268 2675 308 2681 —-
335 2659 478 2692 Collect.
513 2670 575 2691 ms.
602 2659 794 2701 Campense
820 2669 909 2691 saec.
937 2657 1024 2692 ¹⁴l1r2.
1072 2660 1155 2693 Cod.
1181 2660 1423 2692 Vindobonen.
1449 2658 1525 2692 883.
1550 2661 1590 2693 G.
1615 2677 1660 2682 —-
1685 2660 1828 2693 Collect.

268 2714 330 2735 ms.
357 2704 509 2736 Claustri
537 2706 734 2746 Superioris
759 2705 852 2746 apud
877 2706 1041 2736 Nursiam
1067 2716 1156 2737 saec.
1186 2704 1236 2737 15.
1285 2705 1368 2737 cod.
1394 2705 1638 2737 Vindobonen.
1665 2703 1765 2738 4547.
1784 2706 1828 2738 H.

267 2765 307 2770 —-
335 2751 431 2781 Orat.
457 2760 523 2781 ms.
551 2750 738 2783 Caelestin.
763 2750 798 2782 S.
825 2751 958 2783 Mariae
983 2750 1025 2783 de
1049 2750 1206 2782 Parisius
1233 2760 1322 2782 saec.
1351 2749 1401 2782 15.
1444 2751 1526 2783 cod.
1551 2751 1720 2782 Mazarin.
1738 2748 1828 2782 3897

265 2791 368 2831 (605).
401 2795 427 2826 1.
453 2812 497 2817 —
527 2795 672 2827 Collect.
705 2806 766 2827 τηε.
793 2796 1110 2838 Roggenburgense
1143 2806 1232 2828 saec.
1270 2793 1321 2827 15.
1370 2796 1455 2828 Clm.
1490 2796 1672 2828 Monacen.
1701 2793 1828 2828 15312.

265 2839 307 2869 K.
342 2856 386 2861 ——
418 2839 562 2873 Collect.
593 2851 656 2872 ms.
690 2841 865 2882 Augiense
899 2851 987 2873 saec.
1021 2838 1107 2873 ¹⁴l15.
1157 2841 1238 2873 Cod.
1264 2841 1510 2873 Carolsruhan.
1535 2841 1682 2883 Augien.
1707 2838 1762 2873 36.
1788 2841 1829 2873 L.

268 2899 311 2904 —
337 2884 433 2917 Orat.
461 2896 521 2916 msz.
548 2887 762 2927 Tegurinum
788 2896 876 2918 saec.
906 2884 956 2917 15.
983 2886 1068 2918 Clm.
1093 2887 1275 2918 Monacen.
1302 2884 1343 2919 19
1354 2884 1432 2919 824.
1456 2887 1504 2918 M.

357 2929 425 2961 Str.
453 2929 467 2960 1
497 2931 549 2961 bis
576 2929 594 2962 7
621 2931 734 2963 fehlon
761 2932 797 2962 C.
823 2949 866 2954 —
894 2930 923 2970 1,
948 2929 970 2963 4
995 2935 1099 2974 atque
1124 2933 1218 2964 sceui
1243 2931 1330 2973 EM,
1356 2933 1460 2972 nivis,
1485 2933 1638 2970 brumae,
1665 2932 1764 2964 caeni
1783 2931 1828 2963 L.
