2031 3289
970 185 1164 226 —256
1229 209 1275 214 —

367 304 466 343 1221.
500 303 594 341 lnde
623 301 782 340 flammis
815 301 1016 347 cruciatur,

492 359 610 396 Novis
641 358 772 405 poenis
802 358 994 395 laceratur

544 416 600 453 Ob
631 415 743 452 fidem
773 414 1010 462 catholicam,

370 543 465 580 13a.
496 540 634 578 Sancte
661 542 791 576 noster
821 538 1017 585 advocato,

490 597 546 634 Tu
579 596 627 633 da
656 594 777 638 nobis,
810 606 831 631 o
863 595 1029 640 Private,

549 652 628 690 Soli
659 651 739 689 Deo
766 651 906 699 vivere,

1176 301 1224 339 12
1237 300 1274 340 b.
1309 299 1425 336 Victis
1462 298 1592 336 mundi
1622 299 1902 347 blandimentis,
1940 336 1943 337 γ

1305 355 1424 392 Victis
1454 355 1585 402 poenis
1616 360 1654 392 et
1683 357 1877 394 tormentis

1360 413 1496 449 Aulam
1527 411 1645 449 intrat
1676 412 1891 450 caelicam.··

1179 537 1275 575 13b.
1307 537 1397 586 Nos,
1421 536 1484 582 qui
1505 535 1575 572 tibi
1597 535 1683 572 hinc
1700 533 1905 586 cantamus,

1308 593 1386 630 Fac
1408 603 1490 629 cum
1513 592 1608 639 Deo,
1639 596 1679 629 ut
1700 603 1906 640 speramus,

1364 651 1408 687 In
1441 649 1599 687 excelsis
1630 656 1778 688 canere.

797 864 879 899 ⁶265.
916 864 973 905 (2.)
1009 863 1053 897 In
1080 862 1198 897 Festo
1226 861 1267 896 S.
1294 861 1467 896 Privati.

1008 946 1167 982 Prosa
1206 945 1257 982 II.

372 1074 440 1113 la.
475 1074 516 1110 In
548 1072 674 1119 prosis
705 1076 742 1108 et
770 1070 1020 1108 concentibus

467 1129 537 1167 Est
577 1128 886 1176 congaudendum
919 1125 1090 1164 omnibus

528 1187 571 1224 In
603 1186 748 1223 Privati
778 1184 993 1232 praeconio,

370 1315 443 1351 2a.
477 1310 649 1360 Praesul,
681 1310 837 1347 lucerna
866 1308 1026 1356 patriae,

471 1367 603 1404 Totius
635 1367 754 1404 virtus
785 1366 943 1413 gratiae,

531 1424 778 1462 Constructor
820 1423 921 1461 vitae
953 1421 1110 1459 caelitus

373 1552 394 1588 3
410 1561 446 1587 a.
477 1549 600 1586 Novis
630 1558 776 1596 poenae
805 1546 1005 1595 generibus

469 1606 661 1643 Multatus
693 1616 732 1642 es
763 1609 800 1641 et
832 1603 995 1642 fustibus

530 1662 695 1710 Propter
725 1661 838 1699 fidem
871 1660 1108 1708 catholicam,

375 1790 446 1828 4a.
479 1788 600 1825 Retro
632 1787 835 1824 transactis
867 1786 1026 1823 saeculis

475 1845 632 1891 Quantis
664 1842 784 1891 fulges
815 1843 1020 1888 miraculiS,

530 1901 621 1948 Quis
652 1901 861 1938 adnarrare
893 1898 1063 1937 sufficit?

378 2017 449 2053 5a.
483 2015 552 2052 Vir
582 2014 746 2051 celebris
776 2013 968 2058 memoria,

476 2072 682 2110 Pravorum
715 2069 826 2107 fessis
859 2070 964 2107 rabie

531 2127 716 2165 Succurre
748 2127 822 2164 tuis
852 2126 1042 2175 precibus,

378 2247 400 2283 (i
414 2254 450 2281 a.
480 2243 560 2280 Fac
602 2238 786 2292 [vincere]
820 2241 914 2278 haec
945 2239 1107 2286 saecula,

473 2299 719 2337 Reviviscant
747 2298 931 2335 miracula

530 2356 633 2394 Tuae
663 2355 781 2392 mirae
812 2353 1018 2401 potentiae,

378 2471 448 2509 va.
481 2470 556 2507 Res
587 2473 671 2506 tuas
701 2468 810 2505 multi
841 2467 1004 2516 rapiunt,

477 2528 566 2571 Fac,
591 2530 633 2563 ut
655 2525 815 2570 discant,
839 2524 901 2571 qui
923 2523 1105 2573 nesciunt,

533 2584 637 2630 Quae
668 2586 734 2620 tua
765 2582 812 2619 sit
844 2580 1035 2629 potentia,

376 2699 448 2737 Sa.
481 2697 572 2746 Fac,
603 2696 711 2743 plebs
742 2699 808 2732 tua
839 2704 1063 2742 cognoscere

473 2753 527 2791 Te
558 2753 653 2790 sciat
683 2756 721 2789 et
753 2752 912 2799 diligere

530 2810 580 2848 Et
602 2820 749 2847 sursum
772 2813 928 2856 quaerat
945 2807 1102 2857 gaudia,

453 2920 516 2963 23,
540 2919 561 2955 3
587 2922 801 2955 Construxit.
826 2937 870 2942 -—
894 2918 955 2958 4η,
981 2917 1002 2951 2
1027 2919 1145 2962 fulget.

1185 1068 1255 1106 1b.
1286 1068 1374 1105 Dux
1405 1068 1634 1106 Gavalorum
1664 1066 1834 1105 bravium

1288 1125 1462 1172 Adeptus
1493 1128 1562 1172 est,
1594 1124 1642 1161 ad
1673 1124 1849 1171 gaudium

1345 1181 1564 1229 Congaudet
1601 1191 1745 1218 summa
1779 1181 1914 1221 contio.

1944 1236 1969 1250 2„

1183 1306 1258 1345 2b.
1289 1306 1477 1354 Aspirans
1507 1306 1557 1344 ad
1588 1305 1766 1343 caelestia

1292 1363 1479 1410 Sprevisti
1508 1363 1737 1412 transitoria,

1350 1420 1532 1479 Repletus
1564 1419 1662 1457 dono
1692 1418 1862 1466 spirituS.

1190 1545 1262 1584 3b.
1295 1545 1464 1593 Tyranni
1495 1555 1637 1592 poenas
1667 1543 1826 1591 negligis

1948 871 1970 909 υ.-
1936 310 1983 842 &if-5021*:xc-‘issli‘sssswa
1935 250 1938 254 ”
1927 216 1930 221 ”

1291 1602 1353 1652 Et,
1375 1603 1463 1639 dum
1479 1602 1576 1639 hanc
1591 1605 1750 1639 mortem
1767 1599 1918 1650 subigis,
1947 1596 1959 1639 ζ’

1349 1659 1485 1696 Aulam
1516 1658 1707 1695 subintras
1730 1656 1918 1700 caelicam‚
1974 1707 1975 1710 Ἴ

1183 1784 1258 1825 4b.
1291 1785 1355 1824 Sic
1387 1783 1535 1821 solebas
1564 1782 1767 1820 retundere

1290 1841 1487 1879 Audentes
1517 1844 1601 1877 tuos
1631 1839 1798 1885 laedere,

1348 1897 1454 1945 Quod
1485 1897 1618 1934 audire
1646 1905 1705 1933 me
1735 1893 1868 1933 reficit.

1187 2011 1259 2051 5b.
1292 2011 1350 2049 Tu
1379 2015 1547 2048 nostrum
1580 2020 1618 2047 es
1649 2008 1842 2055 solacium,

1289 2068 1462 2115 Exsurge
1491 2067 1530 2104 in
1560 2066 1741 2104 auxilium
1859 2114 1863 2117 .

1346 2124 1465 2161 Nobis
1506 2123 1556 2161 ad
1591 2127 1629 2160 te
1658 2120 1917 2161 clamantibus.

1190 2237 1263 2277 6b.
1295 2239 1339 2276 In
1370 2240 1500 2274 sancta
1531 2236 1603 2274 Dei
1633 2235 1756 2283 gratia

1292 2294 1495 2340 Responde
1527 2293 1574 2330 de
1605 2292 1749 2330 iustitia

1347 2350 1512 2388 Donanti
1543 2360 1582 2387 se
1613 2349 1862 2404 calumniae.-

1188 2465 1259 2504 7b.
1291 2465 1371 2502 Hos
1402 2468 1466 2501 tuo
1496 2463 1613 2501 tunde
1643 2462 1782 2510 gladio,

1291 2521 1432 2568 Quibus
1463 2521 1582 2568 gratis
1613 2524 1668 2557 est
1695 2519 1783 2558 odio

1347 2577 1435 2615 Tibi
1467 2578 1555 2614 data
1586 2575 1741 2614 familia.

1292 2692 1371 2730 Fac
1400 2691 1475 2728 tuis
1505 2689 1751 2728 servitoribus

1289 2749 1461 2787 Donetur
1491 2747 1564 2784 tuis
1594 2746 1770 2794 precibus

1186 2692 1262 2732 Sb.

1950 1739 1963 1771 ⁸:
2004 1723 2007 1727 ⁴

1345 2805 1419 2843 Hic
1436 2815 1510 2853 pax
1527 2808 1563 2841 et
1580 2803 1774 2852 posthaec
1785 2800 1914 2852 gloria,
1948 2791 1950 2793 ¹

1945 2938 1966 2947 s—

1950 2958 1969 2975 ’ν
