2031 3289
908 198 957 202 —
1020 174 1097 215 158

687 292 708 327 5
717 319 726 328 .
758 289 918 328 Perenni
951 288 1111 326 Domino

816 356 953 393 perpes
984 345 1031 381 sit
1064 345 1196 392 gloria,

756 402 815 440 Ex
846 413 918 449 quo
947 407 1045 448 sunt,
1077 411 1146 447 per
1176 411 1285 447 quem
1313 404 1412 449 sunt,

811 459 850 495 in
881 469 953 505 quo
983 461 1070 494 sunt
1100 458 1245 494 omnia:

758 515 817 552 Ex
848 526 920 561 quo
949 518 1048 561 sunt,
1081 517 1190 561 pater
1223 516 1290 558 est,

818 582 886 618 per
917 581 1025 617 quem
1056 574 1154 617 sunt,
1186 569 1298 620 filius,

758 629 801 665 In
833 639 906 674 quo
937 631 1034 677 sunt,
1066 626 1187 674 patris
1218 630 1254 662 et

814 683 883 721 filii
913 684 1082 732 spiritus,

372 798 399 828 B
425 797 483 829 fol.
509 795 552 828 85
563 797 596 828 b.
621 815 663 820 -
688 794 719 837 2,
747 794 768 827 :3
793 806 894 838 aqua.

817 997 891 1033 130.
926 998 1004 1039 (20.)
1041 995 1150 1032 Feria
1173 994 1311 1032 Tertia.

950 1068 1003 1099 Ad
1029 1067 1177 1100 Laudes.

288 1185 324 1222 1.
356 1184 475 1221 Aetas
506 1182 727 1230 perducitur

412 1239 459 1277 ad
492 1239 618 1276 David
650 1239 774 1287 tertia,

356 1297 455 1335 Huic
486 1299 543 1332 est
573 1295 705 1333 similis

411 1353 682 1402 adulescentia,

357 1411 550 1456 interpres
582 1409 734 1456 sapiens

414 1467 488 1504 diei
520 1467 633 1503 tertio

356 1523 565 1570 Utramque
597 1526 791 1569 comparat

414 1584 576 1617 aetatem
607 1579 753 1619 merito.

286 1707 323 1743 2.
356 1705 486 1750 Aquas
516 1703 563 1741 ab
595 1703 703 1740 arida
1102 1704 1140 1740 4.

413 1761 477 1797 lux
508 1760 575 1796 illa
606 1764 785 1807 removet,

355 1818 406 1854 Et
436 1816 536 1854 fluxa
567 1817 707 1854 saeculi

417 1874 478 1910 lex
510 1875 600 1911 data
630 1873 788 1924 inhibet,

358 1931 416 1967 Ne
450 1930 748 1977 deprimentibus

414 1998 481 2024 nos
512 1986 735 2024 libidinibus

359 2044 681 2091 Concupiscentiis

416 2111 457 2138 se
486 2105 632 2148 mergat
662 2101 820 2140 animus.

380 2214 407 2244 B
433 2212 489 2243 sol.
520 2209 563 2243 85
574 2212 605 2243 b.

828 2312 891 2347 131.

942 2382 994 2413 Ad
1019 2383 1202 2424 Vesperas.

292 2498 327 2537 1.
362 2497 457 2534 Post
487 2495 599 2533 fidem
631 2499 744 2543 atque
774 2507 877 2543 spem

423 2554 536 2590 timor
565 2553 758 2597 incutitur,

365 2611 444 2656 Quo
475 2610 729 2646 mercenarius

422 2670 487 2703 aut
517 2677 648 2703 servus
677 2666 813 2713 agitur,

365 2723 461 2760 Dum
496 2723 593 2760 hunc
624 2723 830 2760 sollicitant

424 2785 576 2828 sperata
607 2779 803 2816 commoda

368 2836 437 2872 Vel
468 2836 572 2872 illum
604 2836 799 2873 stimulant

408 2891 557 2939 flagella
589 2893 751 2932 condita.

1101 1184 1137 1220 3.
1169 1181 1276 1219 Haec
1306 1184 1410 1218 aetas
1440 1179 1621 1226 populum

1227 1249 1296 1285 per
1326 1238 1445 1284 legem
1477 1236 1604 1284 genuit

1171 1295 1223 1332 Et
1252 1298 1399 1341 patrem
1429 1293 1624 1331 Abraham

1227 1351 1428 1388 multorum
1459 1350 1591 1387 statuit

1172 1408 1235 1454 Et,
1267 1407 1372 1455 quasi
1403 1407 1525 1454 prima
1556 1406 1603 1443 sit

1229 1465 1322 1502 haec
1352 1468 1477 1501 terrae
1507 1463 1668 1511 suboles,

1173 1521 1390 1559 Nascuntur
1420 1520 1532 1558 hodie

1231 1589 1313 1615 cum
1344 1577 1458 1614 terris
1489 1576 1656 1614 arbores,

1174 1703 1336 1741 Perenni
1367 1702 1528 1739 Domino

1230 1770 1368 1806 perpes
1401 1759 1451 1796 sit
1479 1759 1612 1806 gloria,

1175 1817 1234 1854 Ex
1266 1827 1338 1863 quo
1369 1820 1466 1866 sunt,
1510 1826 1579 1862 per
1608 1825 1715 1862 quem
1747 1818 1846 1861 sunt,

1230 1873 1268 1910 in
1300 1884 1372 1920 quo
1400 1877 1485 1909 sunt
1515 1873 1659 1910 omnia:

1177 1930 1235 1967 Ex
1266 1941 1339 1976 quo
1369 1933 1467 1978 sunt,
1499 1933 1608 1976 pater
1639 1932 1708 1977 est,

1230 1997 1299 2034 per
1329 1997 1436 2034 quem
1467 1990 1567 2033 sunt,
1597 1985 1710 2033 filim,

1176 2045 1219 2081 In
1250 2054 1322 2090 quo
1352 2047 1451 2091 sunt,
1481 2043 1602 2090 patris
1632 2047 1669 2079 et

1232 2099 1299 2138 filii
1328 2100 1496 2148 spiritus,

929 2312 1007 2355 (21.)
1043 2309 1149 2347 Feria
1174 2310 1312 2347 Tertia.

1110 2499 1146 2535 2.
1179 2497 1385 2543 Antiquum
1417 2496 1528 2534 timor
1558 2496 1619 2533 hic

1181 2610 1290 2657 Legis
1322 2610 1500 2657 pollicitis

1235 2670 1268 2703 et
1300 2667 1411 2704 minis
1442 2667 1646 2714 subditum,

1179 2723 1277 2760 Dum
1308 2725 1369 2761 lex
1400 2724 1638 2770 promitteret

1236 2781 1327 2818 haec
1357 2780 1456 2818 bona
1486 2780 1646 2828 cupidis,

1180 2837 1276 2874 Reos
1307 2835 1478 2875 afficeret

1235 2554 1406 2600 possedit
1435 2554 1627 2601 populum,
2011 2572 2013 2581 ⁴

1233 2895 1364 2940 poenis
1395 2893 1636 2941 gravissimis.
2026 2750 2031 3095 1
