2031 3289
500 251 759 297 Laetitiaeque
790 260 894 287 meae
928 250 1049 296 primo
1080 250 1300 287 reminiscar
1329 250 1368 286 in
1398 260 1508 296 anno,

500 308 555 345 Te
586 307 743 355 cunctis,
774 306 1028 351 Hierusalem,
1059 316 1294 352 praeponere
1324 306 1450 344 terris,

499 365 594 402 Esto
625 373 765 400 memor
795 367 873 399 tum
903 362 1022 409 prolis
1056 362 1192 407 Edom‚
1223 366 1266 399 ut
1295 373 1404 399 versa
1433 363 1516 399 vice
1545 365 1713 399 nostrum

417 422 470 460 40
502 420 677 467 Aspiciat
709 417 865 456 confusa
896 418 1008 464 diem,
1038 429 1110 465 quo
1140 418 1249 465 plebs
1279 423 1343 456 tua
1374 419 1515 456 claram

500 475 700 515 Moenibus
731 475 896 513 aeternis
921 474 1160 511 Hierusalem
1190 474 1392 520 habitabit,

501 532 571 571 Cui
600 542 700 568 nunc
730 541 820 578 gens
850 530 970 568 oblita
1000 531 1054 567 tui
1085 531 1239 567 crudele
1270 531 1435 568 minatur

498 588 702 626 Excidium
732 588 882 625 dicens:
914 587 1074 624 invisam
1106 586 1275 624 funditus
1305 587 1437 623 urbem

500 644 650 682 Diruite
680 648 719 681 et
748 648 907 681 vacuate
937 655 1061 687 manu,
1095 643 1254 690 vestigia
1288 643 1408 680 donec

417 704 468 741 45
502 701 619 739 Nulla
649 700 912 747 relinquantur
941 700 1058 737 muris
1088 700 1137 736 ad
1168 700 1279 736 inane
1310 699 1489 736 redactis.

500 756 640 795 Infelix
671 757 831 794 miserae
861 756 1069 803 Babylonis
1100 756 1192 798 filia,
1225 754 1327 805 felix,

501 814 572 860 Qui
602 813 670 849 tibi
703 823 772 859 pro
803 813 911 850 nobis
941 814 980 849 in
1011 823 1078 849 nos
1109 817 1175 848 tua
1205 817 1311 858 gesta
1341 811 1536 860 rependet,

504 871 585 908 Nec
614 870 738 906 minus
767 870 833 906 ille
864 869 996 906 beatus
1029 869 1112 915 erit,
1145 869 1208 915 qui
1239 879 1358 915 parva
1388 867 1530 904 tenebit

502 927 553 965 Et
584 927 695 963 simul
727 926 843 963 elidet
875 926 1019 963 solidae
1049 931 1114 962 tua
1144 925 1303 972 pignora
1333 928 1478 971 petrae.

420 985 472 1023 50
505 983 546 1021 Si
578 983 684 1029 cupis
715 982 882 1019 extincta
912 981 1117 1028 Babylonis
1148 981 1268 1028 stirpe
1299 981 1418 1027 beari,

508 1041 552 1077 In
583 1044 621 1076 te
651 1039 734 1085 ipso
764 1038 897 1085 primis
929 1038 1127 1085 gliscentia
1159 1038 1317 1074 crimina
1346 1036 1504 1074 flammis

503 1097 654 1143 Frange
684 1094 771 1135 fide.
805 1096 883 1132 Iam
914 1100 1073 1141 propter
1103 1095 1211 1131 adest
1242 1100 1349 1140 petra
1371 1093 1566 1139 Christus3
1596 1092 1635 1130 in
1666 1093 1749 1140 ipso

503 1153 705 1200 Vipeream
734 1152 903 1188 subolem
934 1151 1071 1188 validis
1102 1151 1201 1188 elide
1230 1150 1396 1189 lacertis,

501 1210 601 1247 Nam
632 1208 803 1254 Babylon
834 1218 969 1245 nomen
1001 1206 1184 1253 confusio,
1216 1206 1296 1244 filia
1327 1207 1431 1243 cuius

419 1269 469 1305 55
502 1267 574 1304 Est
604 1276 702 1314 caro,
736 1265 903 1313 peccatis
933 1268 1066 1312 mater,
1099 1274 1194 1310 quae
1224 1263 1337 1300 turba
1366 1263 1479 1300 saluti

501 1323 627 1360 Noxia
658 1322 850 1368 corporeis
882 1321 987 1358 ducit
1013 1321 1113 1357 mala
1143 1320 1286 1357 semina
1316 1319 1435 1357 fibris.

502 1380 608 1417 Haec
640 1378 825 1415 vincenda
855 1377 937 1423 tibi,
970 1377 1002 1414 si
1034 1377 1089 1414 vis
1121 1377 1295 1414 evincere
1325 1381 1496 1413 mortem.

502 1436 673 1482 Namque
703 1435 777 1471 tuis
808 1435 903 1472 tales
934 1434 1099 1471 inclusos
1130 1433 1277 1471 ossibus
1307 1433 1448 1479 hostes,

503 1492 542 1530 Si
572 1491 842 1539 permittantur
873 1491 1079 1528 crescendo
1110 1500 1301 1527 assumere
1333 1489 1447 1536 vires,

420 1550 471 1587 60
503 1548 663 1586 Difficili
693 1548 821 1585 vinces
853 1547 1078 1593 luctamine;
1110 1547 1288 1593 praecipe
1318 1557 1470 1594 parvos,

503 1606 604 1644 Dum
635 1604 743 1641 rudis
775 1615 821 1641 ex
852 1609 960 1641 utero
989 1604 1114 1640 cordis
1145 1613 1215 1650 per
1245 1608 1401 1649 pectora
1431 1606 1543 1648 capta

503 1663 646 1709 Reptat
677 1661 804 1698 adhuc
833 1661 974 1697 teneris
1005 1660 1181 1697 vitiorum
1210 1658 1372 1696 infantia
1401 1658 1600 1703 membris3

501 1721 604 1766 Quae
635 1718 708 1754 nisi
738 1727 980 1764 praecaveas,
1013 1721 1124 1754 aucta
1154 1716 1295 1752 virtute
1325 1715 1477 1752 necabit

504 1774 739 1814 Concordem
771 1774 873 1811 vitiis
905 1773 1067 1810 animam
1097 1777 1250 1809 terrena
1274 1783 1456 1819 propago.
2006 1781 2009 1799 v

420 1834 469 1871 65
505 1832 564 1869 Ne
595 1841 730 1878 parcas
761 1831 878 1877 igitur
907 1830 1020 1866 talem
1053 1834 1218 1867 mactare
1250 1833 1453 1867 catervam.
2006 1835 2008 1839 ’

505 1889 588 1926 Non
621 1888 691 1924 tibi
723 1887 863 1924 crimen
895 1887 968 1923 erit
997 1887 1208 1923 nocituram
1240 1886 1401 1932 perdere
1431 1889 1580 1933 gentem

505 1945 764 1991 Ultricemque
795 1944 894 1981 malo
925 1942 1154 1989 perfundere
1184 1942 1365 1989 sanguine
1395 1946 1564 1988 petram3

504 2001 655 2040 Gaudet
677 2002 775 2037 enim
805 2001 938 2047 iustus,
970 2000 1001 2036 si
1033 1999 1207 2036 concidat
1237 1999 1355 2044 impia
1384 1999 1524 2045 proles,

503 2058 603 2096 Nam
633 2058 751 2105 magis
782 2061 895 2103 atque
924 2057 1042 2103 magis
1074 2056 1158 2102 pius
1188 2055 1262 2092 ista
1294 2055 1409 2092 caede
1439 2055 1579 2103 piatur,

421 2117 472 2154 70
507 2115 547 2153 Si
578 2115 742 2161 perimat
772 2117 929 2161 peccata
959 2113 1036 2149 suis
1066 2112 1299 2150 dominantia
1328 2111 1507 2148 membris

505 2172 554 2209 Et
588 2170 710 2208 fracta
740 2171 779 2207 in
811 2170 963 2207 Christo
994 2169 1170 2207 vitiorum
1201 2168 1313 2216 plebe
1343 2168 1563 2214 triumphet.

427 2250 514 2283 Cod.
532 2249 685 2281 Par-isin.
712 2246 812 2280 2122.
831 2258 920 2279 saec.
944 2245 994 2279 10.
1013 2248 1052 2278 A.
1072 2264 1114 2270 —-
1133 2247 1215 2279 Cod.
1233 2247 1382 2278 Parisin.
1398 2245 1456 2285 (ol.
1474 2244 1668 2283 Paredien.)
1685 2241 1784 2275 2772.
1802 2253 1891 2275 saec.

334 2295 421 2328 ¹⁰l11.
448 2297 489 2328 B.
515 2312 559 2316 —
584 2293 606 2326 4
630 2296 750 2326 iustas.
776 2311 821 2315 —-
844 2292 864 2324 5
889 2293 1043 2324 consista
1068 2293 1112 2331 A?
1146 2292 1286 2323 salectis
1313 2292 1384 2323 AB.
1410 2311 1452 2314 —
1477 2289 1498 2323 6
1524 2290 1723 2332 praemebat
1739 2290 1779 2321 B.
1805 2306 1844 2310 —
1872 2286 1890 2319 7

332 2342 436 2374 urbes
469 2342 509 2372 A.
543 2357 584 2362 —-
617 2337 638 2372 8
670 2339 778 2371 oblite
817 2340 855 2371 B.
888 2355 932 2360 -—-
965 2336 985 2370 9
1012 2339 1064 2369 De
1095 2338 1221 2369 salium
1255 2338 1343 2368 rami
1374 2338 1412 2369 B.
1446 2355 1491 2360 —
1526 2334 1566 2368 13
1599 2335 1716 2367 hostes
1750 2335 1822 2366 AB.
1849 2353 1890 2357 —

335 2387 375 2419 17
409 2383 597 2428 ca[ne]mes
621 2385 752 2426 korrig.
785 2385 822 2415 in
847 2394 1010 2415 canemus
1035 2384 1075 2414 B.
1105 2401 1143 2405 —
1173 2380 1213 2414 18
1238 2383 1291 2414 De
1317 2392 1384 2421 quo
1410 2382 1449 2413 A.
1476 2400 1517 2404 —
1544 2378 1587 2413 20
1612 2381 1760 2422 hymnus
1783 2380 1824 2411 A.
1849 2395 1892 2405 *—

332 2431 374 2465 21
402 2435 505 2464 canta
530 2432 616 2463 Sion
640 2432 678 2462 B.
703 2447 748 2452 —
771 2427 816 2461 24
840 2431 975 2460 instans
1002 2429 1039 2459 B.
1066 2445 1109 2450 —
1136 2425 1178 2460 28
1204 2428 1257 2459 bis
1282 2425 1323 2459 31
1350 2438 1404 2460 am
1423 2427 1543 2459 Raude
1569 2426 1827 2468 nachgetragen
1850 2425 1890 2456 A.

334 2496 377 2500 —
403 2475 444 2509 31
471 2478 532 2519 qui
557 2479 660 2508 canta
686 2476 771 2508 Sion
788 2476 827 2506 B.
853 2491 895 2496 ——
920 2472 964 2505 32
989 2474 1084 2505 fuere
1102 2474 1139 2504 B.
1165 2490 1209 2495 —
1233 2470 1276 2504 39
1293 2473 1419 2511 Edum‚
1444 2477 1482 2504 ut
1506 2481 1608 2504 versa
1632 2472 1709 2503 vice
1734 2473 1891 2502 nustrum

333 2525 373 2556 B.
398 2540 442 2544 —
465 2520 510 2554 40
535 2533 601 2564 que
626 2522 725 2562 plebs
744 2522 780 2552 B.
808 2537 850 2541 —
874 2517 919 2551 43
945 2520 1057 2550 insam
1082 2521 1145 2550 mit
1168 2518 1492 2551 iiberschriebenem
1519 2528 1540 2549 u
1559 2519 1596 2548 B.
1613 2533 1657 2538 -—
1673 2514 1717 2547 47
1735 2514 1892 2557 rependit

335 2570 373 2601 B.
399 2585 442 2590 —
466 2565 510 2599 49
536 2567 649 2599 solida
674 2571 754 2598 etua
775 2567 921 2608 pignora
946 2568 1065 2606 patrae
1092 2566 1129 2596 Β.
1156 2581 1195 2585 -
1222 2562 1265 2595 50
1290 2565 1462 2595 extinctae
1480 2563 1520 2594 A.
1544 2579 1580 2584 —
1613 2560 1654 2593 51
1680 2561 1782 2603 primi
1807 2559 1891 2602 glis-

334 2615 450 2646 centia
473 2614 625 2655 grimina
650 2614 687 2643 B.
713 2628 756 2633 —-
781 2609 824 2642 52
850 2611 918 2641 iam
943 2609 1028 2641 fehlt
1045 2610 1114 2641 AB.
1143 2627 1182 2630 —
1209 2607 1251 2640 55
1281 2613 1458 2650 materque
1474 2608 1515 2639 A.
1540 2625 1584 2630 —
1608 2606 1651 2639 56
1677 2606 1764 2638 febri
1784 2606 1823 2637 B.
1850 2621 1891 2627 —

334 2658 377 2691 58
401 2660 470 2691 tuis
496 2659 566 2690 tale
591 2658 636 2696 ss;
670 2657 796 2688 uitales
822 2656 860 2687 A.
886 2672 929 2676 —
955 2653 995 2686 61
1023 2655 1124 2686 rudes
1149 2654 1227 2695 AB;
1261 2658 1401 2686 exutere
1425 2655 1464 2686 B.
1489 2670 1532 2675 —
1557 2650 1601 2684 62
1625 2653 1738 2693 Repta
1762 2651 1807 2691 B3
1842 2652 1891 2681 in-

333 2705 449 2736 fancia
475 2704 625 2735 menbris
651 2704 689 2734 B.
717 2720 753 2725 —
783 2699 827 2733 63
851 2705 928 2732 acta
947 2702 984 2732 Β.
1009 2717 1052 2722 -
1077 2698 1121 2731 64
1146 2701 1248 2731 viciis
1275 2700 1392 2731 anima
1415 2703 1586 2731 terrenam
1613 2698 1651 2728 B.
1678 2713 1719 2719 —
1744 2693 1788 2728 66
1814 2696 1892 2728 Non

334 2751 465 2791 korrig.
497 2751 532 2780 in
566 2758 633 2779 nan
661 2749 706 2785 153
738 2748 913 2779 crimenen
945 2747 1036 2777 uerit
1066 2747 1227 2777 nocitura
1258 2745 1384 2786 perdae
1409 2748 1585 2787 regentem
1610 2743 1649 2773 B.
1674 2759 1719 2764 —
1745 2739 1787 2773 67
1815 2751 1892 2782 pro-

335 2795 476 2827 fundere
511 2795 548 2826 B.
590 2810 636 2815 —
677 2790 719 2825 68
762 2792 868 2834 prolis
901 2792 970 2824 AB.
996 2808 1038 2812 —
1081 2791 1231 2832 „Incipit
1262 2790 1304 2822 de
1341 2790 1486 2832 psalmis
1524 2787 1731 2831 quibusdam
1766 2794 1889 2818 versus

334 2840 498 2872 eiusdem.
519 2839 610 2870 l’sal.
637 2839 845 2871 centesimus
863 2835 1045 2869 XXXVIf
1066 2838 1113 2875 A3
1139 2837 1317 2877 Incipiunt
1341 2846 1461 2867 versus
1487 2835 1528 2866 de
1547 2833 1680 2876 psalmo
1698 2830 1890 2868 CXXXVI,

335 2886 369 2916 id
395 2889 446 2916 est
473 2885 514 2916 de
540 2884 740 2915 fluminibus
769 2882 957 2923 Babylonis
984 2882 1021 2912 B.
1046 2898 1089 2902 —-
1115 2881 1229 2919 Hartl,
1258 2892 1289 2922 p.
1315 2878 1355 2912 21
1383 2891 1458 2922 sqq.
