2031 3289
961 162 1242 201 -16—

413 271 498 302 Vor-
523 271 593 303 und
617 271 840 304 Naehschrift
862 273 1001 305 lauten:
1035 275 1183 316 „Incipit
1208 276 1356 316 hymnus
1380 278 1416 308 in
1441 277 1606 310 honorem
1631 282 1742 311 sancti
1768 281 1877 322 patris

322 319 356 347 et
379 315 524 357 gloriosi
550 316 724 358 pontificis
743 317 916 349 Swithuni
943 319 1097 360 elegiaco
1123 325 1157 351 et
1175 323 1388 361 paracterieo
1407 324 1559 355 carmine
1576 335 1637 365 per
1653 325 1877 366 alphabetum

322 361 565 402 compositus.“
584 379 628 383 -
647 363 764 403 „Finit
789 363 936 403 hymnus
963 365 998 394 in
1020 363 1150 397 honore
1168 367 1280 397 sancti
1299 368 1407 408 patris
1425 367 1597 400 Swithuni
1615 371 1674 410 pia
1692 370 1878 414 devotione

322 405 566 447 compositus.“
592 423 637 428 —
662 407 739 449 Vgl.
772 418 815 438 zu
849 408 979 439 diesem
1003 409 1163 449 Hymnus
1191 411 1296 442 Anal.
1322 412 1424 449 XIX,
1458 411 1524 444 2515·
1549 413 1582 445 ff.
1607 431 1650 435 —
1675 415 1742 447 Die
1768 416 1877 448 Uber-

323 451 508 494 arbeitung
531 452 590 484 des
616 452 800 484 Ordericus
825 453 952 484 Vitalis
977 453 1106 486 lautet:

592 517 709 551 Aurea
733 520 792 551 lux
818 522 949 561 patriae
973 521 1148 554 lVentana
1175 523 1333 564 splendet
1356 525 1392 556 in
1417 526 1512 562 urbe,

661 566 809 596 Sanctus
835 566 933 597 adest
957 566 1140 604 Suuithun‚
1167 577 1272 600 aurea
1296 569 1356 601 lux
1380 572 1525 611 patriae.

591 606 721 642 Blande
748 614 902 651 patrone,
928 612 997 642 tuis
1023 622 1183 644 succurre
1208 614 1378 656 benignus
1403 615 1564 653 alumnis,

660 654 785 686 Confer
810 666 908 696 opem
934 657 1082 690 famulis,
1110 658 1233 690 blande
1260 664 1412 700 patrone,
1439 663 1518 692 tuis.

594 696 751 732 culmina
777 700 871 731 celsa
896 701 966 742 poli
992 702 1085 733 felici
1111 703 1198 734 calle
1224 706 1341 745 petisti

662 744 709 775 Et
733 745 834 776 nobis
860 747 955 787 aperi
981 747 1133 778 culmina
1159 749 1251 780 celsa
1278 750 1360 789 poli.

592 787 740 821 Dextera
765 796 885 822 sancta
910 792 976 822 Dei
1002 795 1034 823 te
1059 803 1094 823 re
1122 793 1299 825 benedixit
1324 796 1359 826 in
1385 797 1488 831 omui,

658 835 730 865 Nos
755 839 789 866 et
808 836 937 877 ubique
962 841 1059 878 regat
1083 838 1223 870 dextera
1249 845 1369 871 sancta
1398 842 1473 872 Dei.

590 875 697 921 Euge,
724 880 823 912 beate
849 886 955 922 pater,
982 884 1174 924 meritoque
1199 889 1233 915 et
1257 887 1397 917 nornine
1420 885 1567 927 fulgens,

502 921 551 956 10.
659 925 821 966 Undique
845 928 1072 968 signipotens,
1099 939 1195 970 euge,
1223 930 1320 961 beate
1344 935 1452 971 pater.

590 967 738 1011 Fulgida
762 971 822 1002 lux
846 971 949 1003 hodie
974 975 1102 1004 nostris
1130 974 1273 1006 lucescit
1298 977 1334 1007 in
1360 977 1441 1015 oris,

659 1016 801 1057 Spargit
823 1017 953 1058 ubique
978 1018 1080 1049 iubar
1108 1019 1241 1059 fulgida
1265 1020 1325 1051 lux
1350 1021 1462 1052 hodie.

591 1056 757 1093 Gentibus
783 1062 986 1102 Angligenis
1013 1063 1185 1095 sollennia
1208 1065 1297 1096 festa
1322 1071 1502 1097 recurrunt

658 1105 705 1136 Et
730 1112 900 1138 renovant
924 1108 1071 1139 iubilum
1095 1110 1257 1151 gentibus
1283 1111 1487 1153 Angligeuis

502 1147 552 1181 15.
590 1147 680 1182 Haec
704 1151 903 1183 veneranda
927 1152 1001 1183 dies
1026 1155 1128 1184 astris
1154 1154 1284 1185 arridet
1309 1162 1342 1186 et
1367 1158 1461 1186 arvis

657 1196 790 1237 Estque
815 1197 938 1228 decora
964 1199 1066 1229 nimis
1092 1198 1176 1230 haec
1203 1200 1384 1231 benedicta
1409 1201 1493 1232 dies.

590 1237 655 1273 Illa
679 1241 798 1273 videre
823 1245 917 1273 tuum
946 1244 1071 1274 meruit
1095 1254 1199 1285 super
1223 1250 1318 1281 astra
1344 1250 1493 1277 meatum

653 1287 769 1325 Digna
794 1288 927 1329 fuitque
952 1289 1084 1319 obitum
1111 1289 1174 1320 illa
1202 1290 1319 1322 videre
1345 1295 1453 1323 tuum.

589 1327 717 1363 Kastra
742 1332 845 1364 beata
870 1333 940 1374 poli
969 1332 1123 1374 psallunt
1148 1335 1328 1367 iubilando
1354 1337 1488 1367 tonanti

499 1374 550 1407 20.
645 1377 941 1419 Congaudentque
966 1379 1031 1410 tibi
1057 1384 1171 1411 castra
1198 1381 1299 1412 beata
1325 1381 1407 1422 poli.

588 1417 695 1454 Laeta
719 1422 840 1454 vident
864 1424 1051 1455 Dominum
1079 1425 1260 1457 rutilantia
1285 1426 1391 1457 corda
1406 1428 1563 1466 piorum,

656 1468 803 1499 Assidue
828 1472 941 1499 tecum
969 1469 1062 1500 laeta
1085 1470 1205 1502 vident
1230 1472 1429 1503 Dominum.

589 1508 682 1544 Mitis
708 1513 789 1544 ades
817 1515 952 1545 miseris
978 1515 1135 1546 relevans
1161 1526 1180 1546 a
1205 1517 1303 1548 clade
1328 1520 1497 1555 catervas,

653 1558 839 1600 Languida
864 1561 1049 1591 restituens
1076 1562 1170 1592 mitis
1195 1562 1276 1593 ades
1303 1563 1451 1594 miseris.

497 1600 550 1635 2-5.
587 1599 688 1635 Nulla
714 1614 857 1635 camena
881 1608 959 1635 tuas
986 1607 1076 1646 potis
1102 1609 1153 1637 est
1179 1607 1338 1639 evolvere
1366 1608 1497 1645 laudes,

656 1649 784 1679 Narrat
812 1650 957 1681 virtutes
983 1651 1080 1682 nulla
1104 1661 1247 1683 camena
1271 1656 1359 1684 tuas.

590 1689 614 1725 0
640 1694 813 1725 medicina
837 1698 969 1736 potens.
995 1705 1064 1737 qua
1091 1697 1249 1728 morbida
1273 1708 1420 1739 corpora
1444 1707 1558 1736 sanas,

656 1740 728 1770 Nos
754 1749 839 1770 sana
862 1740 1016 1782 fragileS,
1041 1752 1060 1772 o
1087 1741 1258 1773 medicina
1286 1747 1408 1785 potens

588 1779 744 1826 Protege,
771 1788 898 1818 sancte,
925 1792 1002 1817 tuos
1027 1788 1087 1828 pia
1113 1798 1172 1828 per
1198 1787 1362 1830 suffragia
1386 1798 1504 1820 servos

499 1826 553 1861 υΟ.
648 1829 696 1860 Et
720 1830 802 1861 licet
827 1830 986 1871 indiguos
1014 1837 1163 1874 protege,
1190 1838 1317 1870 sancte,
1343 1838 1435 1867 tuos.

590 1872 684 1913 Quae
708 1878 768 1906 tua
793 1881 917 1906 cuncta
943 1880 1055 1917 potest
1079 1878 1233 1919 insignia
1258 1888 1413 1919 promere
1439 1878 1584 1920 lingua?

524 697 544 730 0⁷!

656 1920 811 1961 Pangere
836 1931 904 1952 vox
932 1923 1055 1953 merita
1081 1933 1168 1964 quae
1195 1927 1254 1954 tua
1279 1928 1402 1955 cuncta
1425 1926 1560 1965 potest?

588 1961 739 2006 Regibus
765 1976 805 1996 ac
832 1967 967 1997 miseris
993 1967 1079 1998 idem
1106 1973 1272 2010 patronus
1299 1971 1437 2001 haberis

657 2010 874 2042 Subveniens
901 2013 1030 2052 pariter
1055 2013 1193 2055 regibus
1219 2024 1259 2045 ac
1284 2015 1430 2046 miseris.

493 2052 547 2086 3-5.
584 2051 686 2087 Solve
711 2056 808 2087 nefas
834 2057 1000 2088 scelerum
1026 2057 1201 2099 disrumpe
1226 2063 1259 2090 et
1282 2060 1399 2091 vincla
1425 2070 1570 2094 reorum.

658 2101 791 2133 Flebile
816 2105 1013 2134 nostrorum
1040 2104 1135 2134 solvo
1161 2105 1256 2135 nefas
1284 2105 1462 2136 scelerum.

588 2141 632 2177 Te
659 2147 829 2187 rogitante
855 2148 950 2178 Deus
978 2149 1054 2189 pius
1081 2154 1133 2180 est
1157 2154 1332 2190 praestare
1358 2156 1508 2190 paratus,

657 2191 773 2223 Parcit
798 2195 831 2224 et
856 2193 997 2224 exaudit
1021 2198 1054 2225 te
1080 2196 1251 2235 rogitante
1277 2196 1381 2227 Deus.

586 2231 662 2267 Vox
687 2243 747 2268 tua
771 2237 1016 2270 celsithronum
1043 2241 1134 2280 potis
1159 2245 1211 2271 est
1237 2241 1373 2281 placare
1399 2244 1576 2272 tonantem

480 2278 533 2313 40.
639 2282 763 2313 Flectit
787 2286 820 2314 et
845 2283 886 2314 ad
913 2285 1049 2315 veniam
1075 2295 1141 2315 vox
1167 2290 1227 2316 tua
1250 2286 1508 2317 celsithronum.

588 2323 729 2359 Xristus
755 2328 799 2359 ab
825 2338 903 2359 arce
932 2329 1003 2369 poli
1029 2329 1087 2360 dat
1112 2334 1144 2361 to
1171 2335 1332 2372 poscente
1357 2332 1512 2369 salutem,

655 2373 723 2403 Det
747 2374 848 2404 nobis
875 2373 988 2406 lumen
1013 2374 1169 2406 Christus
1195 2377 1238 2408 ab
1264 2386 1342 2408 arce
1369 2377 1450 2418 poli.

591 2413 745 2449 l'mnifer
770 2419 834 2449 iste
860 2418 983 2450 chorus
1010 2421 1114 2451 solvit
1139 2422 1203 2452 tibi
1231 2423 1347 2453 munia
1374 2423 1496 2457 laetus,

654 2462 860 2494 Permaueat
883 2464 1037 2505 gaudeus
1063 2465 1234 2506 hyuiuit'er
1259 2468 1324 2498 iste
1348 2467 1484 2498 chorus.

492 2505 546 2539 45.
584 2504 684 2539 Zelus
709 2518 847 2540 amarus·
874 2510 980 2543 abest.
1008 2511 1065 2541 ubi
1094 2511 1208 2542 saecla
1235 2523 1293 2553 per
1318 2513 1435 2543 omnia
1460 2522 1525 2553 pax
1551 2516 1612 2544 est,

655 2553 727 2584 Pax
756 2555 813 2584 ubi
841 2554 1000 2586 Christus
1027 2556 1133 2593 adest,
1160 2557 1253 2588 zelus
1279 2567 1416 2588 amarus
1441 2558 1549 2589 abest.

925 2642 942 2659 *
1242 2644 1258 2661 *

1083 2668 1100 2686 ss

586 2732 717 2775 Aguieu
743 2735 851 2767 Amen
877 2740 1026 2768 resonat,
1052 2737 1142 2777 quod
1171 2738 1216 2769 ibi
1243 2748 1319 2769 eum
1347 2739 1447 2770 laude
1474 2739 1672 2781 triumphat,

654 2782 737 2811 Cum
768 2781 905 2812 Christo
932 2791 1078 2823 regnans
1110 2792 1233 2823 agmen
1260 2784 1367 2814 Amen
1394 2790 1540 2816 resonat.

588 2821 679 2857 Meu<
708 2826 867 2857 habitans
894 2827 980 2858 inibi
1006 2828 1098 2858 canit
1126 2828 1276 2859 Alleluia
1302 2831 1448 2866 tonanti,

493 2867 545 2901 50.
640 2870 829 2902 Exsultaus
856 2871 980 2903 iubilat
1004 2882 1098 2903 meus
1124 2872 1285 2904 habitans
1313 2875 1415 2908 inibi.
