2031 3289
890 206 1195 247 -540—

264 321 294 356 1.
332 323 443 365 Super
467 326 609 354 cunctas
634 324 667 353 et
690 330 774 363 prae
799 321 933 352 cunctis
1145 317 1342 360 Singularis
1368 327 1404 348 es
1430 320 1464 348 et
1487 327 1567 355 una,

330 369 404 400 Iam
429 367 555 409 puellis
579 366 718 398 Christo
744 366 872 397 iunctis
1145 363 1211 395 Cui
1234 362 1332 394 nulla
1357 365 1409 394 est
1433 361 1594 400 secunda,

330 413 379 444 Te
404 412 542 450 extollo,
569 414 603 442 te
626 410 771 449 honoro,
1145 409 1243 440 Intra
1267 407 1413 439 thalami
1441 411 1575 439 secreta

330 457 522 499 Seraphino
548 466 651 497 super
675 455 780 487 choro
1148 453 1286 486 Cubans
1312 462 1389 484 cum
1414 452 1542 484 dilecto
1567 451 1670 490 laeta,

331 503 428 542 Quae
454 504 612 543 potenter
637 500 840 541 dominaris,
1146 498 1255 531 Cuius
1280 498 1403 529 frueris
1429 497 1601 538 amplexu,

330 548 514 581 Universis
538 546 758 587 principaris,
1146 543 1234 575 Eius
1259 542 1415 584 gaudens
1439 543 1476 573 in
1501 546 1654 583 aspectu,

375 593 489 624 Maria
513 592 767 632 potentissima.
1196 589 1332 630 Sponsa
1357 587 1588 619 divinissima.

330 638 537 679 Imperatrix
562 637 770 678 reginarum,

329 683 429 714 Arois
455 682 541 714 Sion
569 684 742 722 sceptrum
767 680 899 712 clarum

335 728 477 760 Summa
501 730 598 758 tenes
623 729 804 767 potestate,

330 774 370 805 In
396 782 465 814 qua
489 772 605 803 cuncti
629 772 774 803 civitate

329 819 378 850 Te
403 818 561 858 reginam
585 819 803 854 venerantur,

329 863 559 901 Inclinantur,
585 862 814 893 incurvantur

377 909 453 940 Tua
478 907 522 939 ad
546 907 704 949 imperia.

1079 665 1111 699 pc

1149 668 1316 699 Nostrum
1341 666 1445 697 decus
1471 668 1506 697 et
1528 665 1681 703 lucerna,

1148 711 1198 743 Te
1223 711 1362 753 appello
1387 714 1466 742 tuus
1491 721 1609 750 verna,

1148 757 1256 789 Cuius
1282 756 1382 787 thoro
1409 756 1577 798 virginali

1150 802 1293 843 Semper
1317 801 1425 843 glisco
1450 801 1612 832 famulari

1149 847 1235 879 Cum
1260 850 1400 878 caterva
1417 846 1623 888 puellarum,

1147 893 1301 924 Tuarum
1326 891 1621 933 pedissequarum,

1194 937 1243 968 Te
1268 940 1455 978 praesenta
1477 935 1561 968 filio.

261 985 296 1019 2.
333 987 552 1026 Principissa
575 988 613 1017 tu
638 985 829 1027 praeclara,
1148 982 1216 1013 Pro
1241 993 1296 1013 me
1320 981 1420 1013 illum
1445 981 1649 1023 depreceris,

332 1031 470 1063 Christo
496 1041 622 1072 sponso
647 1029 749 1062 valde
775 1039 865 1068 cara,
1151 1027 1248 1066 Quae
1273 1027 1446 1068 repulsam
1471 1037 1541 1058 non
1565 1028 1697 1058 vereris

331 1078 440 1117 Quem
467 1075 617 1107 iucunde
643 1075 824 1115 oscularis,
1151 1074 1241 1104 Ante
1267 1072 1430 1104 thronum
1455 1073 1658 1110 maiestatis,

329 1121 559 1154 Laetabunde
586 1121 807 1162 amplexaris,
1153 1118 1199 1150 Ut
1223 1120 1391 1159 agnoscat
1416 1117 1480 1148 mis
1505 1118 1656 1157 peccatis

331 1167 438 1199 Cuius
464 1169 568 1209 gustu
593 1167 744 1203 satiaris,
1149 1163 1276 1204 Meque
1301 1162 1421 1200 salvet,
1449 1163 1508 1203 qui
1533 1163 1666 1193 creavit

329 1213 401 1244 Nec
426 1222 447 1243 a
473 1221 648 1254 quoquam
674 1211 850 1252 superaris
1149 1209 1196 1240 Et
1225 1218 1347 1240 cruore
1372 1218 1434 1239 suo
1459 1207 1556 1245 lavit,

374 1258 442 1289 Per
465 1260 590 1289 cuncta
615 1256 703 1288 caeli
729 1256 879 1298 agmina.
1197 1255 1254 1285 Me
1279 1262 1341 1285 suo
1367 1255 1492 1294 aptans
1517 1253 1618 1284 solio.

357 1334 386 1374 1,
415 1334 456 1367 13
482 1336 701 1367 Inclinantur
727 1338 762 1367 et
786 1338 976 1366 curvantur
995 1335 1032 1365 B.
1058 1351 1102 1354 —
1126 1331 1156 1372 2,
1182 1331 1204 1364 4
1229 1331 1458 1364 Laetabundo
1477 1332 1513 1363 C.
1540 1350 1581 1354 —
1611 1330 1641 1369 2,
1663 1329 1705 1363 13
1722 1333 1830 1364 Cuius

263 1381 417 1424 gaudens
444 1382 488 1420 (ἐς
515 1382 550 1412 in
575 1385 762 1421 conspectu
786 1380 916 1422 korrig.
943 1381 978 1410 in
1004 1381 1146 1420 aspectu
1163 1377 1205 1409 E.
1230 1395 1274 1399 —
1297 1374 1328 1415 3,
1354 1376 1369 1408 1
1390 1377 1419 1409 Ο
1444 1380 1599 1408 nostrum
1625 1377 1729 1409 decus
1749 1377 1827 1416 GE,

264 1427 410 1458 Omnius
436 1426 555 1458 decum
583 1429 615 1457 et
640 1427 679 1457 Β.
707 1444 752 1449 -
776 1423 807 1462 3,
834 1424 853 1457 7
880 1427 1060 1466 praesente
1085 1423 1157 1455 BE.
1173 1440 1219 1445 —
1235 1421 1354 1464 Gegen
1372 1422 1428 1453 die
1444 1421 1700 1453 Authentizitat
1717 1422 1830 1453 dieser

264 1472 439 1513 Strophen
472 1470 603 1512 spricht
635 1470 697 1502 das
723 1469 852 1502 Fehlen
881 1470 1064 1502 derselben
1089 1470 1146 1501 bei
1170 1468 1248 1499 Van
1275 1468 1336 1498 der
1360 1467 1487 1505 Sterre,
1513 1467 1570 1498 die
1593 1468 1830 1509 gegenseitige

261 1517 526 1559 Abh‘angigkeit
551 1527 621 1547 von
646 1516 747 1554 BCE,
774 1516 835 1547 das
861 1515 991 1547 Fehlen
1017 1515 1076 1546 der
1101 1513 1284 1545 Anakruse
1312 1512 1341 1554 1,
1369 1511 1428 1551 143
1463 1511 1494 1550 2,
1521 1510 1558 1550 7;
1590 1511 1619 1551 2,
1649 1510 1708 1552 143
1734 1510 1765 1550 3,
1792 1511 1830 1552 73

263 1561 400 1594 endlich
428 1562 483 1593 die
509 1562 721 1602 Verletzung
745 1561 805 1592 der
830 1562 941 1593 Casur
966 1558 996 1598 2,
1026 1558 1066 1591 10
1090 1559 1160 1590 und
1187 1556 1239 1590 11.

353 1607 423 1638 Fiir
449 1607 506 1638 die
532 1606 720 1638 Authentie
745 1606 804 1637 des
829 1606 1016 1638 Gedichtes
1045 1604 1177 1646 spricht
1203 1614 1257 1642 es,
1291 1602 1366 1634 dass
1390 1612 1459 1634 van
1484 1602 1544 1633 der
1569 1602 1685 1634 Sterre
1710 1613 1745 1634 es
1767 1613 1830 1635 aus

264 1654 361 1685 einer
398 1651 607 1684 Steinfelder
643 1651 872 1683 Handschrift
911 1649 1195 1682 veroffentlichen
1230 1649 1376 1680 konnte:
1422 1647 1483 1688 „de
1519 1647 1665 1689 hymno,
1693 1649 1751 1689 qui
1793 1650 1829 1680 in

266 1697 524 1730 Steinveldensi
558 1696 619 1728 MS
650 1700 796 1728 vocatur
820 1694 976 1728 Iubilus“
1010 1696 1055 1737 (p.
1089 1692 1185 1734 314),
1218 1704 1281 1725 vor
1306 1693 1410 1725 allem
1435 1693 1517 1725 aber
1541 1693 1596 1724 die
1621 1692 1828 1725 Ausdrficke

263 1742 574 1775 columbellae
608 1740 645 1775 2.
673 1740 692 1772 2
718 1741 788 1773 und
821 1752 920 1773 rosa
949 1740 987 1779 5,
1014 1738 1120 1777 2-4,
1147 1740 1203 1771 die
1228 1739 1425 1770 Hermanns
1450 1738 1828 1779 Lieblingsausdriicke

216 1807 220 1810 ·
264 1798 381 1819 waren
415 1798 476 1818 zur
508 1787 756 1828 Bezeichnung
787 1787 847 1818 der
880 1787 1100 1827 Jungfrauen
1131 1784 1280 1817 Ursulas
1314 1783 1384 1815 und
1419 1785 1532 1815 seiner
1567 1782 1716 1823 „Brauff‘
1745 1784 1827 1825 (vgl.

264 1834 347 1865 Vita
382 1843 410 1864 c.
446 1830 488 1863 22
521 1832 591 1863 und
624 1833 713 1864 oben
747 1831 788 1870 5,
820 1830 853 1872 8)
882 1833 1006 1865 Maria.
1055 1832 1159 1862 Denn
1193 1840 1230 1861 so
1264 1829 1397 1860 erzahlt
1429 1839 1494 1860 uns
1527 1828 1588 1860 das
1622 1829 1829 1860 Steinfelder

264 1879 384 1910 Leben
410 1879 609 1909 Hermanns
643 1888 671 1908 c.
706 1875 776 1909 29.:
815 1877 925 1917 „unde
958 1880 991 1908 et
1025 1880 1147 1918 postea
1180 1878 1289 1906 totam
1323 1884 1457 1906 sacram
1485 1873 1706 1906 sodalitatem
1731 1874 1827 1906 illam

265 1934 400 1955 necnon
435 1933 554 1955 omnes
589 1923 743 1964 virgines
777 1923 851 1954 Deo
885 1922 1028 1954 devotas
1063 1920 1372 1954 Colunibellas
1405 1929 1529 1951 vocare
1562 1920 1663 1960 quasi
1687 1920 1829 1951 nomine

264 1970 396 2001 usitato
422 1966 637 2007 consuevit,“
665 1969 711 2004 (v.
736 1968 769 1999 d.
788 1967 903 1999 Sterre
930 1979 960 2009 p.
987 1965 1043 2006 89)
1065 1966 1137 1998 und
1155 1976 1182 1996 e.
1201 1963 1263 1997 24:
1293 1965 1534 2006 „Cognoscens
1553 1964 1612 1996 ille
1629 1965 1827 2006 loquentem

261 2013 454 2053 (Mariam),
489 2023 592 2054 quam
627 2024 697 2044 non
730 2017 875 2044 noverat
900 2014 936 2044 in
962 2016 1123 2054 aspectu:
1154 2012 1252 2042 Tune
1278 2021 1333 2048 εδ,
1368 2011 1501 2052 inquit,
1535 2020 1554 2040 ο
1580 2010 1720 2041 Rosa?
1770 2010 1847 2042 Sic⁴

264 2061 355 2091 enim
394 2070 434 2091 ex
474 2060 585 2090 nimia
621 2058 878 2096 familiaritate,
917 2068 1103 2099 suppresso
1139 2057 1277 2088 nomine
1314 2056 1528 2087 reverentiae
1563 2064 1640 2086 eam
1671 2056 1829 2087 vocitare

263 2102 466 2136 0011suevit“
500 2103 544 2143 (v.
580 2104 610 2135 d.
638 2104 753 2136 Sterre
787 2115 818 2145 p.
852 2101 917 2142 76).
968 2103 1052 2134 Dass
1086 2102 1148 2133 das
1173 2100 1322 2134 Gedicht
1353 2099 1693 2132 irrtiimlicherweise
1717 2101 1826 2132 Lans-

264 2151 403 2191 pergius
437 2149 709 2191 zugeschrieben
741 2147 825 2190 (vgl.
852 2149 966 2181 Sterre
994 2159 1025 2189 p.
1051 2145 1139 2186 345),
1171 2147 1345 2179 beweisen
1369 2146 1425 2177 die
1450 2145 1740 2186 Handschriften,
1773 2145 1829 2178 die

262 2195 350 2227 alter
376 2195 454 2227 sind
481 2195 533 2226 als
560 2195 684 2227 dieser.

672 2328 754 2363 350.
792 2327 851 2369 (2.)
886 2326 1037 2362 lubilus
1063 2327 1110 2362 de
1136 2327 1184 2362 Β.
1212 2324 1343 2360 Maria
1368 2325 1414 2360 V.

265 2412 301 2450 1.
349 2411 497 2459 Gaude,
530 2411 683 2458 plaude,
729 2410 831 2447 clara
862 2410 1011 2459 Rosa,
1087 2411 1124 2449 2.
1173 2408 1317 2453 Gaude,
1350 2417 1432 2444 mea
1463 2407 1645 2456 speciosa,

351 2468 444 2506 Esto
481 2472 624 2505 maesto
655 2478 743 2504 cara
773 2477 899 2515 prosa,
1170 2465 1239 2504 Cui
1271 2464 1410 2501 clamo:
1444 2463 1595 2504 Rosa,
1639 2463 1788 2510 Rosa,

354 2525 555 2574 Salutanti,
589 2523 832 2570 supplicanti,
1171 2520 1334 2558 Pulchra
1366 2520 1476 2557 nimis
1508 2525 1544 2556 et
1576 2517 1754 2563 formosa,

353 2581 406 2618 Te
438 2581 585 2628 roganti
619 2580 680 2618 dic
709 2579 869 2617 amanti:
1169 2577 1292 2626 Super
1321 2586 1449 2613 omnes
1480 2586 1652 2613 amorosa

411 2638 453 2674 In
487 2637 637 2675 Christo
668 2641 706 2673 te
739 2645 953 2673 servavero.
1227 2634 1284 2670 Tu
1315 2633 1395 2670 sola
1427 2633 1506 2669 sine
1538 2641 1725 2679 compare.

352 2693 489 2731 Colens
521 2694 653 2731 volens
684 2697 720 2729 te
752 2692 907 2740 sentire,
1169 2690 1315 2737 Gaude,
1356 2699 1437 2726 mea
1468 2693 1508 2726 tu
1541 2688 1714 2735 dulcedo,

352 2750 458 2797 Quod
477 2751 529 2787 sis
546 2760 737 2798 praesens,
760 2747 1009 2794 facmescire‚
1169 2747 1267 2783 Vere
1300 2746 1422 2784 dulcis
1454 2745 1538 2792 plus
1570 2756 1678 2792 quam
1706 2743 1826 2790 medo,

351 2807 562 2844 Intuentem
594 2806 754 2853 intuere,
1170 2803 1225 2840 Tu
1259 2813 1323 2839 cor
1352 2813 1475 2839 meum
1510 2801 1708 2838 dulcorare

351 2862 478 2899 Sinum
508 2867 610 2900 tuum
645 2863 693 2900 da
724 2866 856 2910 patere
1169 2860 1219 2896 Et
1250 2869 1310 2896 me
1342 2857 1457 2896 debes
1491 2857 1667 2896 debriare

403 2920 467 2956 Me
498 2923 615 2956 totum
648 2918 718 2955 tibi
753 2917 881 2955 offero.
1229 2916 1461 2962 Voluptuoso
1494 2918 1658 2953 nectare.

2001 3178 2003 3192 ss
2000 3134 2003 3164 ῃ,
1988 2408 2003 3116 T———-.-—--
1988 1884 1993 2397 aa..—-....—.-,-.-.,...a-.--.-—..s
1988 1715 1993 1873 ——-...-.—
1989 1604 1993 1706 -ῃ-
1987 1321 1993 1595 .—-——.—*
1987 1193 1995 1312 ‘w
