1914 3223
822 184 1130 225 —451—

206 298 273 336 25.
307 296 365 335 Sit
397 296 582 343 voluntas,
616 308 700 334 nam
734 295 894 335 facultas

361 352 482 390 Tuum
514 353 611 390 velle
641 353 823 402 sequitur,

304 408 495 457 Quidquid
527 409 643 456 voles,
676 414 739 447 tua
772 411 898 457 proles

361 465 463 503 Dare
495 476 566 503 non
598 466 821 505 morabitur.

204 575 271 613 26.
305 574 421 620 Virgo
452 574 612 620 pulchra
643 573 792 622 fulgens
822 575 922 614 ultra

357 629 502 668 Cuncta
533 631 628 668 caeli
657 631 796 679 sidera,

301 687 552 733 Postulamus‚
585 691 625 724 ut
655 699 844 725 sumamus

356 743 429 780 Per
460 750 496 780 te
527 744 627 781 vitae
658 755 827 783 munera.

195 852 263 890 27.
298 850 434 888 Curam
466 861 568 899 gere,
598 857 638 888 ut
671 852 802 889 videre

351 908 569 945 Mereamur
598 908 728 955 filium,

293 965 440 1012 Quaere
470 975 613 1014 pacem,
647 975 694 1002 ne
726 965 909 1003 minacem

353 1020 485 1058 Vibret
515 1021 552 1058 in
585 1033 652 1060 nos
684 1022 864 1070 gladium.

190 1129 258 1168 28.
292 1128 416 1165 Meam
450 1128 564 1166 vitam
598 1127 659 1166 fac
689 1129 869 1167 munitam

348 1185 446 1223 Fide
477 1189 514 1222 et
544 1185 736 1232 operibus,

290 1240 343 1279 Ut
374 1242 424 1279 ad
457 1251 585 1279 cenam
608 1242 746 1279 intrem
769 1243 920 1289 plenam

346 1290 464 1335 Bonis
494 1298 783 1337 immortalibus.

187 1407 254 1444 29.
288 1405 359 1443 Dei
391 1405 560 1452 verbum,
593 1406 656 1453 qui
688 1407 892 1454 superbum

345 1462 466 1500 Cruce
496 1463 650 1500 vincens
678 1463 853 1501 zabulum

286 1519 462 1567 Expiasti
495 1520 722 1566 protoplasti

342 1576 453 1613 Noxa
484 1581 587 1613 tuum
618 1577 811 1624 populum,

186 1686 253 1724 30,
285 1684 321 1720 Α
352 1683 526 1730 malignis
558 1695 627 1731 pro
658 1685 823 1732 indignis

342 1740 497 1778 Patiens
516 1741 710 1790 'crudeli-a,

287 1797 337 1835 Ut
368 1803 539 1834 terrenos
570 1802 607 1833 et
638 1808 774 1844 egenos

342 1853 576 1891 Sublimares
607 1854 742 1901 gloria.

981 289 986 294 ’
1027 301 1092 339 31.
1126 300 1207 338 Rex
1241 301 1428 350 caelestis,
1461 303 1515 340 sic
1546 303 1726 342 modestis

1180 357 1244 394 Mc
1275 368 1437 404 perorna
1465 359 1644 407 moribus,

1124 414 1172 452 Ut
1208 413 1386 451 bonorum
1418 420 1657 455 aeternorum

1178 470 1322 517 Dignus
1354 471 1422 508 sim
1455 472 1683 512 muneribus.

1019 579 1085 615 32.
1118 578 1393 616 Munimentum
1425 581 1472 617 sit
1505 581 1724 619 credentum

1174 634 1267 671 Eius
1302 635 1535 685 intercessio,

1115 691 1217 737 Quae
1258 696 1294 728 te
1324 693 1429 740 pavit
1461 698 1496 730 ct
1528 695 1687 740 gestavit

1178 746 1427 786 Sacrosancto
1458 750 1613 797 gremio.

1014 855 1078 892 33.
1115 855 1202 891 Reis
1234 866 1361 902 parce.
1393 857 1455 903 qui
1487 857 1534 894 ab
1567 868 1654 896 arce

1170 911 1311 949 Missus
1343 923 1381 949 es
1413 913 1589 951 aetherea

1114 968 1237 1005 Carne
1269 974 1429 1018 sumpta,
1461 974 1499 1006 ut
1534 976 1714 1018 corrupta

1170 1024 1419 1062 Restaurares
1450 1031 1586 1065 terrea.

1009 1133 1074 1171 34.
1108 1133 1190 1170 Tua
1221 1133 1376 1169 mundet
1408 1138 1445 1170 et
1479 1134 1656 1172 fecundet

1165 1188 1290 1226 Corda
1322 1193 1450 1227 nostra
1481 1191 1615 1239 gratia,

1107 1244 1158 1282 Ut
1199 1245 1380 1283 virtutum
1412 1245 1535 1284 ferant
1568 1246 1732 1284 fructum

1160 1301 1401 1348 Expellendo
1433 1303 1536 1341 vitia.

1008 1409 1074 1447 35.
1109 1410 1335 1446 Innocenter
1364 1413 1399 1446 et
1432 1410 1640 1456 prudenter

1162 1465 1240 1503 Fac
1271 1477 1338 1503 nos
1370 1471 1504 1503 cuneta
1535 1477 1678 1514 gerere,

1105 1523 1162 1560 Ne
1197 1521 1422 1568 phantasma
1452 1527 1556 1560 tuum
1588 1524 1734 1572 plasma

1159 1578 1283 1617 Possit
1313 1579 1430 1616 ullum
1465 1578 1612 1617 fallere.

1007 1688 1070 1724 36.
1103 1686 1183 1724 Fac
1205 1697 1263 1722 me
1286 1691 1434 1724 cautum
1451 1692 1563 1734 atque
1581 1698 1736 1735 promp-

1397 1747 1474 1780 tum

1160 1801 1204 1837 In
1237 1799 1306 1837 hoc
1338 1800 1438 1837 vitae
1468 1800 1605 1846 stadio,

1103 1856 1152 1894 Ut
1185 1865 1256 1902 per
1287 1855 1396 1893 fletus
1428 1855 1534 1894 fruar
1565 1857 1686 1894 laetus

1157 1913 1331 1950 Summae
1362 1914 1468 1961 pacis
1501 1913 1644 1953 bravio.

730 2069 1010 2116 Rhythmus
1051 2071 1161 2110 XIV.

187 2163 245 2214 '1.
279 2176 397 2214 Stella
427 2176 554 2220 maris,
586 2177 787 2223 singularis

335 2233 463 2270 Mater
493 2233 752 2283 excellentiae,

275 2290 378 2336 Quae
400 2293 487 2335 post
508 2294 634 2327 natum
652 2290 908 2336 principatum

333 2345 455 2395 Tenes
487 2346 758 2384 sanctimoniae

202 2456 226 2491 2
273 2452 498 2498 Mediatrix,
530 2454 664 2490 summi
696 2455 817 2500 patris

328 2509 386 2546 Ex
424 2520 497 2556 qua
529 2511 631 2547 nasci
663 2511 811 2557 genitus

269 2566 340 2603 Est
357 2566 395 2602 di
409 2571 556 2614 gnatus,
583 2577 651 2613 per
667 2578 776 2614 quem
796 2567 906 2605 datus

326 2622 398 2659 Est
432 2623 480 2659 ad
513 2623 627 2660 vitam
661 2623 818 2661 reditus.

197 2731 234 2767 3.
269 2729 375 2776 Roga
407 2728 609 2775 Christum,
642 2734 681 2767 ut
710 2731 879 2769 auditum

327 2785 520 2823 Praebens
551 2790 588 2823 te
619 2787 830 2825 colentibus

269 2841 347 2879 Nos
379 2842 559 2889 gubernet
592 2848 629 2880 et
664 2849 821 2881 exornet

326 2898 484 2936 Gratiae
515 2900 744 2940 muneribus,

1026 2180 1064 2216 4.
1098 2178 1209 2215 Salve
1242 2179 1360 2225 virgo,
1393 2188 1487 2225 quae
1518 2190 1584 2216 nos
1616 2180 1702 2227 iugo

1151 2235 1362 2272 Absolvisti
1396 2235 1574 2285 criminis,

1094 2292 1173 2337 Quo
1205 2292 1335 2338 ligavit
1368 2302 1435 2328 nos
1468 2297 1505 2328 et
1536 2292 1669 2329 stravit

1153 2348 1270 2385 Primi
1302 2348 1430 2394 lapsus
1464 2347 1637 2386 hominis.

1026 2458 1062 2493 5.
1096 2456 1198 2492 Iesse
1233 2455 1351 2501 virga,
1384 2455 1504 2492 omnis
1533 2455 1659 2503 lingua

1150 2511 1273 2548 Debet
1306 2516 1342 2548 te
1373 2512 1581 2558 percolere,

1094 2567 1180 2604 Tibi
1212 2572 1341 2615 gentes
1374 2568 1510 2605 debent
1545 2573 1672 2615 grates

1152 2625 1278 2670 Atque
1309 2624 1440 2661 laudes
1473 2624 1646 2665 reddere.

1015 2734 1053 2772 6.
1085 2731 1181 2768 Nam
1192 2730 1279 2767 dum
1290 2730 1443 2767 verbum
1452 2731 1723 2778 sempiternum

1143 2787 1283 2825 Summi
1317 2788 1438 2834 patris
1469 2798 1640 2836 generas,

1088 2844 1168 2881 Tuo
1201 2847 1313 2890 partu
1342 2855 1363 2881 a
1395 2848 1501 2881 reatu

1147 2899 1224 2938 Nos
1259 2900 1412 2947 antiquo
1443 2900 1595 2939 liberas.

1436 2965 1508 2998 29*
