1914 3223
742 157 792 162 —
856 134 945 180 619.
997 157 1051 162 -

568 244 647 281 401.
685 245 744 288 (3.)
781 246 958 290 Hymnus
985 245 1034 281 aa
1061 218 1230 282 Laudes.

119 342 155 381 1.
201 341 310 378 Felix
340 342 513 387 Augusta
544 339 678 376 civitas
937 342 974 378 5.
1021 340 1214 386 Aquarum
1247 340 1357 377 'l'arri
1390 338 1569 386 pontifex

201 401 301 445 Agat
331 397 501 434 sollenne
532 396 720 446 gaudium,
1019 396 1220 433 Tumorem
1253 396 1359 433 sedat
1391 396 1554 434 fluminis

204 455 349 501 Pangat
381 453 527 500 insigne
558 453 756 499 multiplex
1022 452 1114 490 Eius
1146 454 1230 500 ripa
1261 452 1462 490 conficiens

202 510 372 549 Odelrici
402 510 659 558 praeconium.
1020 508 1092 545 Dei
1125 520 1260 556 corpus
1291 514 1327 545 et¹
1359 510 1532 551 hominis.

118 602 158 640 2.
204 601 399 647 Laetetur,
421 599 521 647 quod
542 609 611 646 per
636 599 862 648 praesulem,
936 600 971 638 6.
1018 599 1128 636 Hunc
1159 604 1329 637 sanctum
1361 600 1397 636 in
1431 599 1636 637 virtutibus

199 658 313 696 Suum
345 667 497 704 germen
530 657 733 704 egregium,
1022 657 1231 703 Sequamur
1262 661 1296 692 et
1328 656 1519 703 operibus,

197 714 416 752 Odelricum
448 713 679 759 multiplicat
1023 713 1256 750 Veneremur
1287 724 1368 749 cum
1401 713 1578 750 laudibus

201 770 360 818 Semper
377 768 409 820 ¹)
447 774 615 807 nostrum
649 769 863 816 collegium.
1022 769 1073 806 Et
1105 769 1242 806 debitis
1274 769 1491 808 honoribus.

114 861 154 902 3.
200 860 317 906 Quem
348 859 420 897 Dei
451 859 694 907 providentia
936 860 973 898 7.
1019 859 1236 897 Odelricum
1269 857 1527 905 frequentibus

200 916 419 954 Monstrant
449 917 528 953 nati
559 916 782 965 primordia,
1020 915 1208 964 Rogemus
1240 925 1368 952 omnes
1398 915 1589 964 precibus,

201 973 311 1019 Quod
342 976 542 1020 sperneret
573 972 782 1023 terrestria,
1020 972 1071 1010 Ut
1102 973 1140 1009 in
1172 972 1283 1009 beata
1313 972 1439 1019 patria

201 1029 389 1078 Diligeret
419 1029 612 1068 caelestia.
1020 1028 1141 1065 Nobis
1172 1032 1341 1075 praestet
1372 1028 1563 1076 suffragia.

115 1124 155 1160 4.
203 1121 319 1160 Cuius
349 1125 481 1158 sancta
512 1124 599 1158 sunt.
629 1130 759 1168 opera,
937 1120 974 1158 8.
1023 1120 1140 1161 Patri.
1174 1124 1278 1163 nato,
1309 1120 1459 1167 spiritui

202 1178 407 1216 Excellens
438 1177 700 1225 sanctimonia,
1024 1177 1214 1215 Paraclito
1244 1176 1291 1212 sit
1324 1176 1458 1223 gloria,

203 1234 334 1282 Fides,
365 1244 452 1281 spes
484 1237 596 1281 atque
623 1233 762 1270 caritas
1023 1232 1161 1269 Tribus
1193 1233 1364 1279 personis
1395 1232 1566 1280 singulis,

200 1291 251 1329 Et
281 1290 413 1338 ingens
444 1290 641 1338 patientia.
1021 1290 1123 1336 Quae
1154 1294 1242 1327 sunt
1273 1301 1345 1327 una
1375 1288 1604 1329 substantia.

553 1455 634 1492 402.
670 1456 730 1499 (4.)
768 1456 826 1491 De
851 1456 994 1492 sancto
1022 1455 1232 1492 Udalrico.

793 1526 996 1569 Sequentia.

119 1621 191 1660 1a.
232 1619 411 1659 Odelrico
442 1619 702 1665 collaetemur,
939 1619 959 1656 1
979 1617 1015 1657 b.
1051 1618 1190 1656 Sancta
1221 1618 1298 1654 vita
1331 1617 1429 1655 bunc
1460 1621 1661 1668 sectemur,

228 1676 322 1715 Eius
353 1675 451 1713 festo
481 1675 732 1713 iucundemur
1052 1674 1164 1712 Hunc
1194 1674 1395 1711 laudantes
1427 1685 1650 1712 veneremur

284 1733 400 1784 Lyra,
435 1733 561 1781 viella,
594 1737 797 1782 tympano,
1109 1732 1152 1768 In
1184 1731 1368 1778 cymbalis
1402 1735 1437 1767 et
1469 1741 1623 1778 organo,

117 1826 189 1864 2a.
232 1823 383 1861 Nobilis
415 1823 477 1860 hic
503 1823 738 1861 Alamannus
936 1823 959 1860 2
981 1821 1018 1861 b.
1052 1822 1211 1861 Praesul
1242 1822 1361 1858 iustus
1393 1825 1429 1858 et
1461 1820 1641 1872 urbanus,

230 1880 331 1930 Fuit,
366 1880 458 1917 civis
488 1881 743 1929 Augustanus,
1054 1878 1169 1917 Cuius
1201 1876 1273 1915 fuit
1303 1878 1410 1925 larga
1442 1889 1586 1926 manus,

289 1937 402 1975 Clara
431 1940 542 1974 natus
573 1935 766 1985 prosapia,
1108 1935 1197 1972 Pius
1225 1934 1499 1972 misericordia.

121 2030 194 2068 3a.
238 2027 451 2067 Sublimant
480 2028 592 2064 istum
625 2026 820 2074 sanctitas,
941 2028 964 2065 3
983 2024 1019 2065 b.
1054 2026 1173 2064 Ornat
1204 2036 1349 2062 morum
1379 2025 1558 2062 nobilitas

233 2084 474 2132 Episcopalis
507 2084 670 2131 dignitas
1054 2082 1314 2128 Mundumque
1346 2082 1476 2118 reddit
1509 2082 1664 2119 castitas

288 2142 332 2179 In
362 2141 594 2188 Augustensi
625 2140 761 2187 patria,
1109 2138 1262 2185 Mentis,
1296 2138 1421 2175 carnis
1454 2138 1653 2176 munditia.

119 2234 196 2273 4a.
237 2234 407 2271 Fervens
438 2231 510 2270 fuit
541 2231 712 2278 caritate,
941 2229 1020 2270 4b.
1052 2227 1225 2267 Affluens
1256 2228 1500 2277 benignitate,

236 2289 417 2326 Perennis
448 2288 673 2335 humilitate,
1055 2285 1244 2322 Liberalis
1276 2285 1453 2332 largitate

290 2345 401 2383 Miris
432 2345 580 2392 pollens
612 2344 804 2393 operibus,
1112 2341 1344 2378 Subveniens
1375 2340 1620 2388 pauperibus,

126 2439 197 2476 5a.
237 2436 356 2476 Trina
385 2436 490 2483 pavit
521 2436 583 2473 hic
613 2440 771 2484 pastura
942 2437 964 2473 5
985 2432 1023 2471 b.
1057 2432 1196 2482 Verbo,
1229 2431 1324 2480 cibo,
1358 2432 1436 2469 vita
1466 2442 1562 2480 pura

238 2493 420 2540 Diligenti
447 2492 597 2540 plebem
631 2503 720 2529 cura
1056 2489 1170 2536 Gregi
1203 2499 1270 2526 sua
1301 2488 1464 2526 reddens
1496 2488 1591 2538 iura,

292 2548 441 2587 Fidelis
471 2553 603 2596 pastor
632 2549 768 2598 ovium,
1111 2545 1161 2583 Ut
1196 2545 1306 2582 docet
1337 2545 1584 2591 evangelium.

127 2641 197 2679 6a.
238 2639 437 2677 Miraculis
468 2638 666 2683 mirabilis,
944 2638 967 2675 6
986 2637 1023 2675 b.
1055 2636 1136 2673 Deo
1169 2633 1241 2672 suit
1270 2634 1456 2682 amabilis,

239 2695 336 2733 Fide
368 2696 509 2744 firmus,
543 2706 610 2742 spe
641 2695 791 2732 stabilis
1060 2691 1285 2729 Hominibus
1316 2691 1491 2741 affabilis,

297 2752 351 2790 Et
382 2751 492 2790 fortis
523 2751 719 2801 patientia,
1115 2748 1421 2794 Circumspectus
1453 2747 1674 2797 prudentia.

243 2864 268 2906 ¹)
304 2866 417 2908 Super
442 2864 505 2895 Hs.
