2031 3289
953 173 1261 215 -216—

339 287 374 323 3.
415 285 551 323 Valida
581 290 638 322 est

468 342 564 379 sicut
594 353 694 380 mors
726 343 889 393 dilectio,

409 398 489 435 Nec
519 398 628 435 istius

465 455 563 501 ignis
594 460 650 491 est
680 456 885 500 instinctio,

411 512 538 557 Aquae
569 512 707 548 multae

465 579 536 603 non
567 574 725 614 possunt
757 569 996 614 exstinguere

407 624 585 660 Caritatis

462 679 652 716 flammam
684 681 966 728 invictissimae,

522 736 603 772 Nec
634 742 691 773 est
720 749 882 784 unquam

577 804 658 830 cum
690 794 759 832 hae
791 794 926 831 debilis

521 848 639 886 Sexus
670 856 868 897 quantum-

583 917 740 954 cumque
772 906 929 954 fragilia

1141 290 1178 328 4.
1225 289 1322 335 Quid
1354 289 1502 328 barbati

1282 345 1418 382 dicturi
1449 350 1535 382 sunt
1565 347 1732 397 iuvenes,

1225 401 1420 438 Delicatae

1281 467 1362 494 cum
1393 457 1486 509 haec
1516 457 1639 496 ferant
1671 460 1862 507 virgines?

1223 510 1433 551 Erubescat
1616 549 1623 553 ,

1279 571 1327 607 ad
1359 570 1452 607 haec
1483 582 1593 608 sexus
1625 571 1771 621 fortior,

1223 626 1298 664 Ubi
1330 631 1435 664 tanta

1279 683 1437 720 sustinet
1468 682 1663 724 infirmior.

1338 739 1413 785 Ipsi
1445 740 1570 789 decus,

1391 796 1465 842 ipsi
1496 797 1616 842 gloria

1336 852 1408 898 Qui
1438 856 1493 889 tot
1524 852 1613 890 fecit

1392 909 1595 948 mirabilia.

413 1052 438 1082 B
467 1052 525 1083 fol.
551 1050 635 1084 96a.
661 1070 705 1073 —
733 1051 759 1093 l,
794 1051 815 1083 2
840 1054 886 1084 sit
910 1054 1014 1084 Deus.
1042 1071 1082 1074 —
1112 1051 1139 1091 1,
1165 1051 1186 1085 3
1211 1064 1259 1095 sq.
1290 1055 1325 1085 in
1352 1056 1510 1086 meritum
1536 1056 1704 1087 victoriis.
1729 1073 1781 1079 —1
1802 1055 1828 1095 l,
1852 1056 1873 1089 5
1919 1046 1923 1048 “

328 1100 361 1126 et
386 1096 480 1129 fehlt.
506 1115 548 1118 —
578 1097 604 1136 1,
631 1095 651 1129 8
676 1098 765 1129 hanc.
790 1098 884 1129 fehlt.
912 1115 954 1119 —
982 1098 1010 1136 1,
1036 1097 1056 1129 9
1081 1109 1148 1140 quo
1174 1099 1277 1131 fehlts

794 1356 874 1393 ⁶232.
911 1357 1014 1399 (122.)
1049 1357 1094 1392 In
1118 1357 1404 1394 3.Noctu1·n0.

338 1497 374 1534 1.
408 1497 593 1542 Quantum
625 1508 763 1543 sponso
1151 1498 1187 1535 3.
1220 1498 1270 1534 Et
1296 1498 1428 1545 regina

459 1552 584 1591 fidelis
616 1553 708 1590 haec
740 1552 866 1602 fuerit,

404 1610 496 1647 Tam
528 1610 646 1656 ipsius

461 1668 538 1704 vita
569 1678 678 1713 quam
711 1678 811 1703 mors
845 1666 981 1712 docuit,

405 1724 477 1760 Illa
508 1734 644 1770 eorpus

462 1780 645 1826 integrum
682 1779 908 1824 custodiens,

408 1837 509 1873 Haec
540 1837 658 1884 ipsius

463 1894 718 1930 holocaustum
751 1892 933 1937 offerens3

519 1951 633 1996 Virgo
665 1961 814 1996 sponsa„

575 2007 678 2053 virgo
710 2017 869 2053 sponsus
900 2010 969 2051 est,

521 2064 665 2111 Sponsa
697 2068 854 2109 martyr,

577 2131 734 2167 sponsus
764 2124 910 2166 martyr
940 2127 1006 2156 est.

333 2271 370 2307 2.
403 2269 531 2305 Talem
564 2278 740 2314 sponsum

459 2325 545 2362 talis
577 2335 715 2371 sponsa
746 2324 884 2372 decuit,

400 2384 501 2429 Quae
532 2388 661 2418 secuta

459 2439 520 2485 sit,
554 2447 774 2484 quocunque
804 2437 904 2482 ierit,

402 2496 501 2540 Quos
533 2505 601 2531 nec
633 2504 763 2531 sacrae

459 2552 581 2588 carnis
615 2551 729 2588 decor
761 2550 919 2597 dividat,

403 2609 481 2646 Nec
511 2609 547 2644 in
582 2613 701 2644 morte

459 2665 590 2711 dispar
620 2676 724 2701 amor
754 2668 906 2712 pateat3

515 2721 801 2768 Subsequuntur

569 2789 745 2825 sponsum
779 2783 938 2822 ceterae,

514 2835 619 2871 Hnee
649 2835 788 2871 incedit

569 2892 695 2928 iuncto
727 2892 856 2930 latere.

1277 1555 1402 1600 sponsi
1437 1560 1568 1591 tenens
1602 1555 1808 1601 dexteram,

1220 1610 1514 1657 Subsequentem

1276 1667 1424 1704 turbam
1458 1668 1570 1704 habet
1602 1673 1778 1717 ceteram,

1220 1725 1261 1761 In
1294 1725 1432 1760 vestitu

1279 1781 1459 1817 deaurato
1492 1781 1626 1817 renitet

1218 1837 1268 1874 Et
1300 1847 1456 1874 coronas

1275 1894 1514 1940 supradictas
1546 1894 1737 1940 possiden,

1333 1951 1443 1987 Certe
1475 1961 1605 1987 aurum

1391 2007 1461 2044 hoo
1492 2014 1545 2043 est
1579 2007 1772 2053 optimum,

1333 2065 1594 2110 Incorruptum

1390 2126 1446 2157 est
1477 2125 1511 2157 et
1544 2120 1708 2159 rutilum.

1176 2298 1183 2305 .
1217 2267 1365 2305 Sertum
1397 2268 1492 2304 rosis

1273 2325 1456 2361 intextum
1489 2329 1525 2360 et
1555 2324 1645 2360 liliis

1217 2380 1311 2417 Sunt
1341 2381 1486 2427 insigne
1767 2429 1769 2431 ι

1274 2439 1451 2484 martyris
1483 2442 1517 2473 et
1551 2436 1718 2486 virginis,

1215 2494 1258 2531 In
1291 2495 1444 2531 odorem

1272 2552 1422 2588 Christo
1453 2549 1713 2587 suavissimum

1216 2607 1365 2654 Martyr
1396 2618 1532 2646 rosam.

1272 2664 1377 2709 virgo
1409 2663 1551 2709 profert
1584 2663 1716 2701 lilium.

1328 2722 1551 2758 Indumenta

1387 2777 1475 2814 dant
1505 2776 1676 2823 insignia,

1330 2834 1503 2872 Candens
1535 2833 1680 2880 byssus,

1386 2890 1500 2927 rubra
1532 2900 1711 2937 purpura.
