2031 3289
983 153 1285 193 —472—

639 269 676 304 4.
707 266 865 303 Fluvius
895 272 1034 313 autem,
1067 277 1322 313 expavescens
1353 270 1572 313 martyrem,

710 322 849 360 Nobile
879 333 1015 369 corpus
1046 323 1208 360 elevavit
1241 323 1278 359 in
1309 326 1478 370 petram3

711 380 822 416 Iussu
853 379 982 416 divino
1012 379 1217 416 adveniens
1247 379 1375 425 aquila

712 435 906 481 Expansis
937 435 1008 472 alis
1041 435 1118 472 suis
1147 435 1185 471 in
1216 435 1367 472 modum
1401 434 1523 471 crucis

708 490 944 529 Sanctissimi
977 501 1114 538 corpus
1145 491 1314 538 protexit
1345 491 1536 538 martyris,

642 571 679 608 5.
711 569 782 616 Qui
812 580 853 606 se
885 570 1045 607 devotae
1078 568 1239 606 feminae
1270 569 1457 618 Valeriae,

710 625 765 664 Ut
795 625 906 663 humo
938 636 1074 672 corpus
1107 626 1257 674 condat,
1288 624 1569 671 manifestavit3

712 683 816 728 Quae
843 682 938 719 illud
970 682 1144 728 virgultis
1176 683 1371 719 involvens
1399 682 1448 719 ad
1479 682 1602 719 locum

713 739 845 785 Pergit
875 744 1124 776 monstratum
1156 743 1204 787 et,
1239 738 1327 774 dum
1359 738 1536 775 animalia

711 795 933 839 Lassantur,
968 794 1052 832 fons
1083 796 1208 841 erupit
1241 795 1381 832 durans
1412 794 1535 831 hodie.

646 875 682 912 6.
713 874 777 911 Ad
808 874 929 910 locum
963 884 1051 920 ergo
1083 874 1301 920 sepulturae
1333 873 1486 910 veniens

715 930 860 977 Corpus
889 934 1034 967 secrete
1065 930 1134 967 sub
1167 936 1268 966 terra
1301 931 1487 978 deposuit,

713 986 789 1024 Ubi
821 987 949 1024 divina
980 987 1130 1023 volente
1162 986 1361 1023 clementia

714 1043 829 1080 Miles
859 1043 925 1079 ille
955 1047 1174 1090 martyrque
1205 1042 1483 1079 sacratissimus

714 1100 928 1137 Innumeris
959 1100 1086 1137 adbuc
1114 1098 1225 1136 floret
1255 1099 1460 1137 miraculis,

648 1180 683 1218 7.
715 1179 836 1227 Flori,
867 1190 939 1225 quo
969 1177 1094 1224 flores,
1127 1178 1307 1215 Floriane
1336 1177 1480 1222 inclite,

716 1235 867 1274 Christo
899 1236 1120 1272 commenda
1150 1246 1217 1271 nos
1248 1235 1322 1271 tuis
1353 1234 1584 1281 precatibus,

716 1293 781 1338 Ut,
812 1302 907 1339 quae
938 1291 1204 1338 commisimus,
1236 1292 1298 1328 hic
1327 1291 1425 1328 mala
1457 1291 1603 1327 relaxet

714 1349 767 1386 Et
796 1349 870 1385 tuis
902 1348 1056 1386 tandem
1088 1348 1336 1385 sanctissimis
1367 1347 1513 1385 meritis

713 1405 981 1443 Perveniamus
1012 1405 1062 1442 ad
1096 1408 1251 1442 aeterna
1280 1404 1430 1452 gaudia.

449 1483 593 1516 Colleet.
630 1494 692 1515 ms.
729 1483 992 1515 Lunaelacense
1029 1492 1118 1514 saec.
1156 1480 1208 1514 15.
1265 1482 1348 1514 Cod.
1385 1481 1626 1514 Vindobonen.
1663 1478 1762 1513 3848.
1801 1482 1840 1513 A.
1879 1498 1924 1503 ———

360 1527 504 1561 Colleet.
536 1539 598 1561 ms.
630 1529 691 1561 SS.
717 1529 875 1561 Udah-iei
909 1532 942 1560 et
966 1529 1070 1560 Afrae
1101 1529 1184 1559 anni
1217 1525 1314 1559 1481.
1362 1527 1448 1559 Clrn.
1474 1528 1654 1559 Monacen.
1687 1524 1788 1558 4423.
1813 1526 1852 1558 B.
1878 1543 1923 1548 -

361 1570 393 1613 3,
411 1571 433 1605 3
450 1585 470 1606 o
487 1574 574 1606 fehlt
588 1575 659 1606 AB.
672 1591 717 1595 —
729 1572 750 1605 5
771 1573 802 1611 ‚3
820 1576 917 1614 Quae
934 1574 970 1605 id
986 1573 1150 1616 virgultis
1164 1573 1234 1605 AB.
1247 1589 1293 1595 —-
1306 1571 1475 1604 Erwiihnt
1492 1574 1544 1603 in:
1563 1573 1735 1604 Mantissa
1756 1572 1921 1604 Chronici

363 1619 599 1652 Lunaelaeen.
623 1620 659 1651 II
683 1621 757 1651 suh.
784 1621 842 1651 Nr.
868 1616 945 1651 395.

811 1739 892 1776 454.
929 1741 987 1782 (9.)
1022 1741 1080 1775 De
1105 1740 1247 1776 sancto
1275 1739 1466 1783 Georgio.

622 1827 659 1865 1.
691 1825 721 1863 Ο
753 1829 899 1870 martyr
929 1824 1069 1861 Christi
1099 1824 1280 1869 milesque
1312 1822 1529 1868 fortissime,

690 1880 828 1918 Sancte
860 1880 1012 1928 Georgi,
1046 1880 1247 1917 Dominum
1280 1881 1401 1917 lesum
1435 1879 1627 1918 Christum

690 1938 763 1975 Pro
795 1947 853 1974 me
886 1937 1022 1974 devoto
1052 1937 1135 1985 tibi,
1168 1947 1319 1984 quaeso,
1353 1935 1494 1972 famulo

689 1994 909 2041 Deprecare
939 1998 980 2030 tu
1011 1998 1166 2040 precatu
1198 1993 1363 2037 assiduo,

683 2050 742 2087 Ne
774 2051 915 2097 vincar,
948 2050 1011 2097 qui
1041 2048 1197 2087 infestat
1228 2060 1297 2095 me,
1330 2060 1352 2086 a
1383 2050 1577 2086 daemone.

622 2131 658 2170 2.
692 2130 743 2167 Et
773 2134 815 2166 ut
845 2129 969 2166 vicisti
1003 2129 1201 2166 draconem
1234 2126 1457 2174 pestiferum

688 2186 862 2224 Nobilem
893 2185 1091 2222 liberando
1123 2186 1223 2231 regis
1253 2183 1382 2233 filiam,

685 2243 745 2280 Ita
775 2243 813 2279 in
844 2242 1017 2279 omnibus
1049 2240 1346 2279 adversitatibus

687 2299 785 2337 Mihi
816 2309 1005 2343 succurre,
1041 2299 1128 2335 dum
1162 2302 1333 2334 extrema
1364 2296 1526 2334 maxime

688 2356 926 2393 Necessitate
955 2355 1180 2392 constitutus
1213 2353 1332 2393 fuero.

623 2437 660 2474 3.
695 2435 768 2473 Det
799 2434 889 2471 mihi
923 2434 1024 2471 Deus
1056 2445 1125 2480 per
1156 2437 1192 2469 te
1225 2431 1484 2469 fortitudinem

693 2491 858 2538 Spiritus
889 2491 1023 2536 sancti,
1056 2495 1097 2527 ut
1128 2489 1453 2536 concupiscentias

695 2548 829 2586 Carnis
862 2548 1016 2584 domare
1046 2551 1159 2593 atque
1190 2546 1343 2583 vincere
1372 2555 1503 2592 queam

694 2605 913 2651 Mundoque
945 2603 1060 2640 corde
1094 2602 1255 2640 Domino
1288 2602 1511 2650 deserviam,

692 2661 892 2707 Quousque
923 2659 1008 2697 finis
1040 2660 1140 2697 vitae
1170 2669 1276 2696 meae
1306 2658 1504 2695 clauditur.

457 2740 600 2771 Colleet.
637 2750 698 2771 ms,
737 2738 995 2770 Lunaelacensc
1033 2747 1121 2769 saec.
1162 2735 1213 2768 15.
1267 2736 1351 2768 Cod.
1390 2735 1631 2766 Vindolnmen.
1669 2728 1768 2763 3848.
1809 2731 1845 2761 A.
1887 2745 1924 2750 -

367 2784 510 2817 Collect.
542 2796 602 2816 ms.
638 2786 699 2817 SS.
727 2784 881 2816 lssdalriei
917 2788 949 2815 et
974 2782 1076 2814 Afrae.
1110 2784 1191 2814 anni
1229 2780 1323 2813 1481.
1375 2781 1460 2812 Clm.
1488 2781 1667 2811 Manat-011.
1692 2774 1792 2808 4423.
1821 2777 1856 2807 B.
1882 2789 1926 2796 —-

371 2828 407 2868 1,
440 2829 461 2861 4
485 2834 523 2862 tu
547 2830 631 2862 fehlt
659 2831 726 2861 AB.
754 2847 794 2850 fi
821 2827 858 2864 3,
885 2826 905 2859 3
931 2829 1070 2859 domare
1095 2832 1129 2859 ot
1154 2829 1291 2859 vincere
1319 2827 1388 2857 AB.
1413 2844 1457 2849 —
1482 2824 1648 2857 Erwiihnt
1675 2823 1726 2853 in:
1752 2820 1924 2852 Mantissa

368 2875 528 2907 Chronici
556 2876 789 2907 Lunaolnvon.
819 2876 858 2909 ΙΙ,
890 2875 946 2905 Nr.
974 2872 1050 2904 395.
