1914 3223
747 182 801 186 —
861 159 942 198 299
1002 181 1056 188 —

550 275 589 311 5.
620 271 772 309 Summo
803 273 949 310 tonanti
980 274 1099 320 gloria

623 329 795 365 Aeterna
826 329 875 366 sit
904 334 973 376 per
1004 330 1167 373 saecula,

629 385 698 430 Qui
731 396 797 422 nos
829 386 948 423 sacris
980 387 1188 423 sollemniis

629 441 764 488 Iungat
795 443 967 488 polorum
1000 442 1160 489 gaudiis.

210 530 293 561 Vita
326 540 386 561 ms.
422 529 456 561 S.
482 529 687 561 Adelhcidis
721 540 810 562 saec.
847 529 897 562 15.
947 531 1029 563 Cod.
1057 531 1246 563 Eremiten.
1279 530 1334 563 86.
1360 532 1397 563 A.
1427 547 1468 553 —-
1496 532 1596 563 Brev.
1624 542 1686 563 ms.

119 575 345 615 Pollingense
370 584 460 606 saec.
490 572 541 605 15.
560 575 646 606 Clm.
666 576 846 607 Monacen.
876 574 1002 607 11771.
1031 578 1065 608 13.
1092 595 1103 597 e
1153 578 1366 608 Breviarium
1386 576 1686 619 Magdeburgense

120 622 201 662 imp.
228 620 488 661 Nurembergae
518 618 614 651 1491.
640 620 676 651 C.
703 638 745 642 —
775 619 991 653 Bibliotheca
1017 622 1218 653 Cluniaeen.
1245 622 1308 653 col.
1335 620 1411 654 369.
1438 623 1481 654 D.

213 663 249 703 l,
281 663 302 696 2
333 665 536 697 Adelhaidis
573 667 615 701 Βς
649 665 825 707 Adheydis
859 667 895 698 C.
927 684 970 688 —
1007 666 1034 703 1,
1067 666 1089 698 4
1123 670 1219 706 Quae
1253 670 1298 707 (23
1333 669 1430 707 Quae
1464 678 1544 699 secu
1570 667 1685 700 lumen

119 710 335 752 resplenduit
368 712 406 741 B.
441 727 482 731 —
517 709 547 746 2,
585 709 599 742 1
633 712 673 742 In
707 711 890 752 apostolici
928 713 963 743 B.
999 730 1039 734 —
1074 710 1111 750 2,
1145 711 1166 743 2
1198 713 1421 745 ‹lidascolicis
1448 715 1515 745 Bc.
1541 730 1583 734 —
1609 710 1639 748 3,
1669 711 1683 744 1

119 756 317 798 largissime
342 756 379 788 C.
405 773 449 777 —
474 755 505 793 4,
531 754 552 787 2
578 766 700 788 manns
725 757 959 798 compleverat
994 759 1030 789 Β.
1049 776 1091 779 —
1112 758 1187 799 Vgl.
1207 759 1286 790 Mon
1318 759 1432 791 Germ.
1451 760 1512 791 SS.
1531 758 1592 797 IV,
1609 756 1685 791 649.

610 912 692 948 232.
730 913 788 955 154.)
813 914 855 948 In
882 914 1014 949 sancti
1040 914 1198 949 Maioli.
1256 922 1266 931 ·

752 979 791 1009 In
819 977 846 1009 1.
878 979 1052 1020 Vesperis.

137 1059 172 1098 1,
206 1057 375 1095 Victoris
406 1058 492 1105 agni
523 1058 705 1105 sanguine
956 1062 993 1098 6.
1026 1060 1179 1098 Ordinis
1211 1060 1412 1106 apostolici

205 1114 297 1152 Dies
329 1120 501 1152 sacratus
533 1115 659 1161 hodie,
1024 1116 1212 1153 Sectando
1243 1127 1350 1153 sacra
1379 1116 1555 1163 dogmata

202 1170 326 1208 Fusus
354 1181 529 1218 supremo
561 1172 714 1217 lumine,
1025 1173 1164 1209 Factus
1195 1177 1251 1209 est
1283 1178 1392 1219 pater
1423 1174 1575 1210 inclitus

205 1227 365 1265 Gemina
396 1228 544 1275 pollens
576 1229 766 1275 lampade.
1028 1230 1114 1276 Ipse
1144 1230 1203 1266 vir
1231 1230 1474 1276 apostolicus.

135 1321 172 1357 2.
204 1319 319 1366 Ecce,
352 1319 532 1365 paschale
562 1319 740 1366 gaudium
956 1321 992 1358 7.
1024 1320 1138 1358 Cuius
1171 1320 1273 1357 clara
1305 1318 1491 1357 confessio

203 1375 343 1422 Fulget
375 1386 443 1422 per
473 1385 583 1412 omne
613 1376 828 1413 sacculum!
1024 1378 1236 1415 Coronatur
1266 1376 1450 1424 martyrio

202 1432 336 1478 Magni
363 1432 498 1469 Maioli
530 1433 746 1481 transitum,
1023 1432 1265 1470 Decertando
1295 1433 1463 1480 legitime

204 1489 330 1526 Vitam
361 1488 473 1525 simul
504 1493 541 1525 et
571 1489 747 1525 meritum
1024 1489 1188 1527 Subaeto
1219 1490 1350 1527 mundi
1382 1490 1568 1536 principe.

133 1582 171 1619 3.
204 1580 352 1626 Pangat
383 1579 506 1616 clerus
535 1583 571 1615 et
603 1580 778 1627 populus,
952 1582 989 1619 8.
1023 1580 1221 1626 Templum
1252 1580 1334 1626 ipse
1362 1580 1574 1626 virgineum

201 1636 370 1673 Maxime
400 1646 493 1683 grex
525 1636 767 1685 monasticus,
1020 1637 1159 1673 Pectus
1191 1637 1355 1674 sacravit
1387 1637 1596 1684 proprium,

204 1693 285 1739 Quo
314 1693 369 1730 nil
398 1692 533 1729 habuit
565 1693 725 1736 dulcius,
1023 1693 1206 1730 Caelestis
1237 1693 1338 1730 vitae
1369 1694 1521 1730 nuntius

204 1749 302 1787 Dum
334 1755 433 1786 esset
463 1750 576 1786 terris
608 1750 766 1796 positus,
1022 1751 1138 1787 Recte
1169 1755 1326 1787 vocatur
1356 1750 1526 1798 angelus.

135 1843 172 1881 4.
202 1840 405 1878 Praecedit
439 1840 610 1878 Christus
643 1840 804 1890 patiens,
956 1842 992 1879 9.
1026 1841 1189 1886 Quorum
1220 1840 1359 1887 gaudet
1389 1840 1603 1877 nominibus

207 1897 372 1934 Maiolus
402 1897 508 1934 illum
540 1897 722 1934 confitens
1025 1899 1140 1935 Pater
1170 1902 1299 1934 noster
1328 1897 1513 1944 egregius,

207 1954 386 2000 Sequitur
417 1958 520 1990 recto
551 1954 716 2001 tramite,
1027 1954 1099 1992 Hic
1129 1964 1197 1990 nos
1228 1954 1355 2001 iungat
1387 1954 1425 1991 in
1456 1954 1613 1991 aethera

206 2010 278 2047 Dei
309 2015 539 2057 praeventus
569 2021 739 2051 munere.
1026 2010 1169 2048 Christi
1200 2010 1352 2048 favente
1382 2010 1517 2059 gratia.

138 2102 175 2139 5.
207 2100 517 2138 patriarcharum
549 2101 707 2138 solidam
930 2102 994 2140 10.
1026 2100 1113 2139 Tibi
1144 2100 1193 2136 sit
1223 2100 1304 2137 laus
1336 2104 1373 2136 et
1404 2100 1525 2145 gloria

206 2157 342 2194 Fidem
374 2168 490 2205 opere
521 2158 649 2204 coluit,
1025 2157 1190 2194 Tollenti
1222 2156 1351 2193 mundi
1378 2156 1535 2194 crimina

209 2214 316 2259 Quod
349 2214 484 2251 chorus
514 2218 640 2251 vatum
673 2214 821 2261 cecinit,
1027 2214 1119 2251 Cum
1151 2218 1259 2259 patre
1293 2217 1329 2249 et
1360 2217 1489 2250 sancto
1520 2213 1656 2260 spiritu

208 2270 335 2307 Fideli
365 2269 441 2308 fide
472 2271 649 2309 credidit.
1027 2271 1070 2307 In
1102 2270 1333 2316 sempiterna
1359 2270 1522 2306 saecula.

215 2359 299 2392 Cod.
324 2360 473 2404 Parisin.
498 2361 610 2392 Nouv.
636 2371 710 2403 aeq.
738 2359 825 2393 1496
850 2371 940 2393 saec.
969 2358 1009 2392 12
1035 2361 1080 2391 in.
1107 2377 1150 2380 —
1178 2358 1493 2400 Augenscheinlich
1521 2368 1584 2390 aus
1610 2358 1685 2390 der-

124 2404 252 2492 ⁸{gl-Ibeqril
275 2406 339 2437 Hs.
371 2405 591 2437 Bibliotheca
624 2407 827 2438 Cluniacen.
860 2407 924 2438 col.
958 2404 1034 2437 ⁶291.
1063 2423 1103 2426 -«
1132 2405 1349 2437 Wiederholt
1373 2414 1436 2435 aus
1462 2404 1563 2435 Anal.
1590 2404 1687 2440 XIX,

604 2561 686 2597 233.
723 2562 781 2601 (5.)
816 2562 861 2596 In
887 2561 1019 2596 sancti
1046 2561 1202 2596 Maioli.

756 2626 810 2657 Ad
836 2627 1062 2657 Nocturnum.

386 2706 422 2744 1.
470 2705 632 2753 Christe,
667 2710 884 2743 cunctorum
918 2706 990 2753 via,
1022 2706 1085 2742 lux
1117 2710 1346 2752 sanctorum,

471 2762 651 2800 Precibus
682 2763 801 2799 sacris
832 2762 1039 2799 venerandi
1072 2763 1205 2808 patris,

469 2819 601 2866 Magni
632 2819 780 2866 Maioli,
811 2819 952 2866 populo
984 2818 1087 2856 fideli

752 2874 901 2912 Gaudia
931 2875 1037 2922 pacis
