1914 3223
760 191 813 197 ——
872 169 952 210 517
1013 191 1068 197 —

147 286 213 326 12.
244 285 274 324 Ο
305 294 401 332 puer
431 283 661 329 dulcissime,
968 283 1032 324 13.
1065 283 1192 322 Pater,
1227 282 1437 318 natalitium

296 341 361 379 Me
392 351 529 387 purges
560 340 721 377 lustrato
1119 339 1276 385 Suscipe
1308 338 1475 385 sophiae,

242 396 432 444 Surrigas,
464 397 660 441 altissime,
1021 398 1026 404 '
1061 395 1219 433 Gratum
1252 395 1476 432 sacrificium

297 453 421 491 Corde
451 452 700 500 inflammat03
1117 451 1295 489 Manibus
1322 452 1489 497 Mariae-3

241 510 446 548 Redimens
478 508 639 555 vivifica,
1061 509 1219 555 Corpus,
1252 519 1395 548 sensus,
1429 508 1593 545 animam

240 566 304 604 Me
335 565 600 613 compueiitica
1061 565 1102 601 In
1137 565 1322 602 viventem
1356 565 1544 601 victimam

296 625 378 662 Hoc
409 626 472 660 tuo
503 623 632 663 natali,
1073 628 1075 631 ’
1117 621 1201 657 Lito
1235 622 1320 658 Iesu
1355 626 1443 658 nato

241 678 415 717 Perfecte
446 679 652 724 sanctifica,
1058 677 1109 714 Et
1138 688 1298 725 sponsae
1329 679 1542 715 unanimam

241 736 381 774 Tecum
413 735 589 773 beatifica
1059 733 1229 771 Laudem
1261 734 1520 772 suavissimam

297 793 386 830 Vita
415 793 610 830 aeternali.
1117 791 1259 828 Libans
1291 796 1377 827 voto
1405 795 1525 838 grato,

219 947 262 951 —
290 926 366 966 1,10
390 929 520 959 Datum
554 927 625 959 fide
657 929 778 958 matris
804 928 843 959 B.
864 945 909 950 —-
935 919 1030 959 Uber
1063 926 1129 957 den
1165 925 1347 957 einzelnen
1373 925 1545 967 Strophcn
1572 926 1691 958 stelit-n

129 974 288 1016 folgende
313 973 577 1015 Erkliirungen:
607 971 635 1005 1.
661 972 838 1004 Excitatio
866 973 1006 1004 animae
1030 971 1236 1003 accedentis.
1278 969 1309 1002 2.
1335 972 1456 1002 Oratio
1483 971 1525 1002 ad
1543 972 1691 1004 Mariani

129 1023 163 1053 et
178 1018 322 1061 Joseph.
354 1017 386 1051 3.
405 1020 569 1060 Captatio
589 1018 866 1050 benevolentiae.
899 1015 932 1050 4.
950 1018 1112 1059 Captatio
1130 1017 1395 1049 benevolentiae
1410 1027 1430 1048 a
1446 1017 1691 1058 compatientis

125 1066 386 1106 conquestione.
447 1062 478 1096 5.
509 1064 587 1095 Vox
616 1064 703 1096 Jesu
739 1063 992 1104 respondentis.
1046 1061 1077 1094 6.
1110 1062 1287 1094 Excitatio
1326 1062 1368 1093 ad
1405 1062 1692 1095 considerandam

128 1110 377 1152 dignationem.
410 1108 442 1141 7.
466 1109 689 1141 Exclamatio
718 1120 780 1150 pro
799 1107 923 1140 fructu.
957 1106 988 1139 8.
1006 1109 1113 1139 Actus
1130 1108 1433 1140 Fescenninorum.
1469 1106 1500 1140 9.
1522 1109 1692 1141 Ainorosa

127 1157 311 1197 susceptio.
368 1153 419 1187 10.
453 1155 559 1186 Actus
593 1155 729 1186 latriae.
792 1153 841 1188 11.
875 1154 984 1185 Actus
1014 1153 1129 1185 laudis
1161 1164 1202 1185 ex
1236 1153 1514 1185 consideratione
1548 1155 1691 1186 circum-

124 1203 343 1233 stantiarum.
396 1198 447 1233 12.
473 1201 594 1232 Oratio
621 1211 682 1242 pro
708 1200 877 1231 fructibus
903 1200 1100 1231 nativitatis
1125 1198 1238 1239 hujus.
1284 1196 1336 1230 13.
1365 1199 1518 1231 oblatio.
1544 1217 1587 1222 —
1607 1201 1691 1232 Dies

127 1246 214 1279 Lied
238 1246 344 1278 findet
368 1245 440 1278 sich
467 1245 555 1277 auch
581 1247 617 1277 in
643 1245 704 1277 der
720 1246 785 1277 Hs.
812 1243 900 1276 7955
926 1244 986 1276 der
1010 1244 1071 1275 kk.
1088 1244 1636 1277 Familien-Fidei-Comiss-Bibl.
1655 1247 1691 1277 in

128 1292 232 1324 Wien
263 1302 342 1324 vom
375 1291 484 1325 Jahre
521 1289 607 1323 1508
642 1291 712 1322 und
745 1290 828 1323 Cod.
855 1290 1050 1322 Londinen.
1084 1290 1171 1321 Add.
1206 1287 1315 1322 19050
1348 1300 1426 1321 vom
1452 1290 1560 1322 Jahre
1594 1288 1689 1328 1523,

124 1338 230 1370 sowie
268 1338 304 1369 in
341 1338 453 1370 einem
486 1337 701 1379 Tegernseer
731 1335 852 1368 Druck
884 1346 953 1367 von
990 1333 1090 1367 1577:
1127 1336 1212 1367 Tres
1249 1336 1428 1367 cantiones
1466 1336 1612 1367 devotae
1649 1346 1690 1368 ac

126 1382 311 1425 plurimum
337 1383 452 1419 utiles.

123 1595 203 1632 495.
237 1596 295 1639 (2.)
330 1596 640 1640 Praeparatorii
670 1597 709 1630 et
736 1594 961 1630 laudatorii
979 1594 1122 1638 Hymni
1148 1594 1188 1628 in
1215 1594 1379 1629 sanctos
1405 1595 1500 1628 ante
1527 1595 1567 1629 et
1592 1595 1687 1639 post

124 1653 436 1690 communionem
471 1663 545 1697 pro
573 1652 869 1688 inflaiiiinalidis
897 1651 1041 1687 animis
1067 1651 1367 1695 frequentandi,
1398 1652 1588 1686 cantandi
1614 1652 1686 1688 sub

613 1711 733 1745 nota:
760 1709 856 1745 Dies
883 1709 945 1744 est
969 1708 1171 1744 laetitiae.

564 1839 634 1876 Ad
667 1842 895 1876 sanctam
926 1837 1239 1875 Trinitatem.

138 1929 176 1968 1.
207 1929 236 1968 O
268 1929 379 1967 beata
409 1930 573 1977 trinitas,
952 1931 989 1968 2.
1023 1929 1052 1967 Ο
1086 1929 1187 1965 celsa
1219 1928 1411 1975 div-initas,

261 1985 392 2024 Gloria
422 1991 651 2027 sanctorum.
1079 1985 1202 2032 Salve,
1237 1985 1352 2029 salve,
1385 1984 1502 2033 salve,

203 2042 321 2089 Quam
351 2044 472 2080 omnis
503 2043 715 2080 sublimitas
1022 2042 1146 2079 Beans
1176 2041 1277 2078 trina
1306 2041 1445 2084 unitas,

261 2099 407 2136 Tremit
437 2101 669 2148 angelorum,
1078 2099 1246 2146 Bonitas,
1280 2098 1447 2135 resalvet

204 2155 312 2203 Veni,
343 2156 574 2206 beatissima,
1022 2156 1052 2194 Ο
1082 2166 1167 2193 mea
1198 2153 1340 2200 fruitio,

203 2211 313 2259 Veni,
348 2213 649 2263 clementissima,
1022 2213 1141 2260 Quoto
1172 2222 1231 2248 me
1263 2211 1398 2248 delicio

260 2269 431 2307 Omnium
463 2270 643 2317 creatrix,
1079 2269 1205 2308 Hodie
1236 2268 1391 2305 cibasti!

202 2325 347 2364 Adesto
378 2327 558 2376 propitia,
1021 2326 1115 2363 Tum
1148 2336 1298 2371 corpus,
1331 2329 1408 2361 tum
1441 2325 1603 2362 animam

203 2381 336 2419 Mittas
363 2383 527 2421 alitricia
1019 2383 1107 2420 Lito
1138 2382 1262 2419 laudis
1295 2382 1510 2429 victimam3

255 2438 377 2487 Dona,
410 2441 638 2478 recreatrix!
1076 2440 1105 2478 O
1138 2443 1275 2485 quanta
1310 2438 1480 2475 donasti!

362 2575 434 2613 Ad
474 2581 700 2613 sanctam
741 2575 833 2612 Dei
874 2574 1180 2623 genetricem
1213 2574 1431 2612 Mariam.

130 2663 170 2702 3.
201 2663 230 2702 O
257 2668 378 2702 mater
409 2667 572 2715 egregia,
1015 2666 1096 2703 Tuo
1127 2670 1239 2713 gnato
1270 2665 1383 2702 hodie

257 2720 403 2769 Regina
431 2723 569 2770 Maria,
1075 2722 1187 2760 Cibes
1218 2721 1499 2765 famescentem‚

198 2776 228 2814 Ο
259 2788 340 2815 cum
371 2788 457 2816 esca
487 2780 590 2827 regia
847 2823 855 2833 θ
1019 2779 1115 2816 Prae
1143 2784 1180 2815 te
1212 2777 1313 2815 feras
1344 2778 1474 2824 ubera,

253 2834 360 2882 Veni,
391 2840 511 2873 mater
541 2836 626 2884 pia,
1018 2835 1162 2873 Gratiis
1194 2835 1373 2881 exubera,

202 2889 301 2928 Fons
332 2891 630 2940 misericordiae,
1069 2892 1206 2929 Lactes
1237 2892 1442 2929 sitientem.
