1914 3223
733 219 787 224 --
850 196 932 237 513
990 218 1045 225 —-

76 320 79 322 ·
111 311 148 348 3.
197 309 257 346 Ex
289 312 400 355 parte
431 319 558 345 rerum
589 309 774 356 principis
933 315 970 350 ἵ».
1018 312 1095 349 Ros
1127 310 1334 359 gratiarum
1366 311 1530 348 omnium

257 364 424 403 Salutem
456 364 525 402 tibi
557 366 709 402 nuntius
1073 368 1170 405 Dum
1203 367 1324 405 vellus
1355 372 1459 405 tuum
1490 373 1648 413 saturat,

254 421 379 459 Affert
410 421 722 470 seminiverbius;
1074 425 1115 461 In
1147 435 1219 471 quo
1251 429 1398 471 gratum
1430 423 1639 472 refulgurat

196 478 293 516 Dum
327 478 484 515 verbum
512 489 604 516 aure
634 478 814 526 percipis,
1015 481 1095 518 Deo
1127 481 1424 526 reclinatorium,

197 535 241 572 In
273 534 390 572 verbo
422 534 577 573 verbum
610 535 788 584 concipis,
1016 537 1150 575 Carnis
1181 538 1218 574 in
1252 541 1289 574 te
1321 538 1484 574 cilicium

253 591 316 628 Fit
347 595 433 629 tuus
462 591 534 629 Dei
565 591 677 631 filius,
1073 593 1187 630 Verbi
1220 594 1424 640 splendore
1455 601 1655 642 purpurat.

116 718 152 753 4.
202 715 231 753 Ο
263 726 372 762 quam
405 715 501 752 bene
531 719 568 752 te
597 715 745 753 iudicas
937 719 972 755 6.
1021 717 1117 754 'sota
1149 717 1347 754 descendit
1379 718 1499 756 deitas

262 773 305 810 In
338 772 474 810 throno
505 772 602 809 tanti
633 772 811 820 muneris,
1076 772 1119 811 In
1151 774 1332 821 templum
1364 775 1418 811 tui
1448 776 1637 825 pectoris3

256 828 431 875 Quantae
468 829 614 866 culmen
645 829 864 866 ascenderis
1076 830 1134 868 De
1166 835 1270 867 terra
1300 832 1353 868 tui
1386 833 1556 879 corporis

203 885 453 929 Humilitatis‚
487 885 647 934 indicas,
1018 886 1139 924 Nobis
1171 892 1227 924 est
1258 892 1341 925 orta
1372 888 1513 926 veritas

201 941 299 979 Dum
332 942 510 979 ancillam
543 947 579 979 te
609 942 821 991 praedicas,
1017 943 1069 980 Et
1099 947 1254 981 aeterna
1283 944 1462 982 divinitas

258 998 372 1036 Cuius
401 1004 522 1036 mater
553 998 718 1046 eligeris.
1075 1000 1224 1048 Incepit
1254 1011 1336 1038 esse
1367 1001 1561 1048 temporis.

533 1123 569 1164 7.
615 1124 659 1161 In
690 1134 764 1170 qua
795 1124 1017 1170 propitiatio

673 1180 836 1217 Veritati
868 1179 907 1217 fit
939 1179 1063 1225 obvia,

676 1237 749 1273 Per
778 1248 888 1283 quam
921 1248 996 1283 pax
1029 1242 1065 1274 et
1097 1237 1243 1276 iustitia

613 1293 879 1330 Convenerunt
909 1294 947 1330 in
980 1293 1085 1331 basio

613 1350 803 1387 Iustorum
837 1351 875 1387 in
907 1350 1080 1394 concilio,

669 1406 741 1443 Dei
775 1411 897 1444 mater
927 1411 963 1443 et
994 1406 1084 1455 filia,

668 1463 749 1500 Tuo
779 1474 847 1500 nos
878 1463 1083 1501 reconcilia

614 1520 719 1557 Patri
749 1520 861 1557 simul
892 1524 929 1557 et
958 1519 1050 1558 filio.

198 1642 263 1684 Ep.
302 1644 399 1675 V111.
435 1661 479 1664 —
510 1643 709 1676 Excellenti
746 1643 907 1675 dominae
944 1643 985 1675 de
1022 1643 1176 1676 Castello
1213 1644 1401 1680 Porcensi,
1442 1646 1553 1676 sorori
1591 1655 1674 1677 suae

107 1688 294 1729 plurimum
327 1689 538 1732 diligendae.
569 1707 614 1710 —
647 1688 713 1721 Am
747 1688 904 1722 Schluss:
939 1690 1077 1727 „Huius
1109 1689 1286 1730 gloriosae
1321 1690 1388 1720 Dei
1420 1691 1606 1730 genetricis
1640 1694 1674 1721 et

104 1734 254 1776 virginis
287 1735 371 1776 quia
403 1735 486 1766 novi
516 1734 680 1767 laudibus
712 1735 874 1766 insistere
908 1734 1124 1766 celebrandis
1158 1737 1191 1766 et
1220 1734 1482 1766 devotissimam
1508 1737 1673 1767 exsistere

102 1782 136 1810 tc
172 1779 371 1818 cultricem,
408 1780 471 1811 tibi
506 1779 627 1812 laudes
659 1779 813 1812 eiusdem
846 1779 1040 1820 rhythmice
1074 1781 1174 1811 mitto
1207 1781 1437 1822 compositas,
1472 1781 1672 1822 supplicatu

104 1829 184 1856 ante
218 1825 443 1857 reverendam
478 1827 552 1857 eius
578 1827 766 1867 imaginem
792 1825 956 1857 dicendas
982 1826 1018 1856 in
1044 1826 1202 1856 oratione
1228 1835 1289 1857 seu
1314 1825 1408 1856 dulci
1433 1826 1671 1858 modulatione

103 1869 328 1910 cantandas*,
377 1871 482 1902 Mone
506 1872 552 1908 ΙΙ,
578 1868 622 1902 35
646 1881 678 1902 u.
705 1871 727 1902 f.

193 1916 235 1954 R,
257 1913 278 1947 3
304 1916 468 1948 hostium.
493 1934 539 1937 —
563 1913 594 1955 2,
620 1914 641 1947 2
664 1916 871 1948 Procedens.
897 1931 939 1937 —
966 1914 998 1953 5,
1025 1913 1045 1947 6
1070 1915 1207 1947 Verbis.
1232 1933 1276 1937 —-

556 2105 638 2141 349.
675 2104 733 2148 (6.)
768 2105 826 2139 De
851 2105 983 2140 Beata
1009 2105 1142 2141 Maria
1166 2106 1214 2142 V.

480 2223 527 2264 R.
574 2223 604 2260 O
635 2222 800 2269 gloriosa
832 2221 996 2265 domina,

572 2280 737 2326 Quorum
769 2284 806 2315 te
836 2278 994 2315 laudant
1026 2278 1206 2324 carmina,

573 2337 794 2384 Pmcamur,
828 2335 912 2372 dele
943 2335 1113 2374 crimina.

101 2463 136 2500 1.
190 2461 260 2498 Dei
291 2460 423 2498 matris
455 2460 627 2497 cantibus
921 2462 958 2497 2.
1005 2459 1086 2496 Tua
1115 2469 1183 2496 nos
1214 2459 1379 2496 restituit

243 2517 448 2555 Sollemnia
1060 2515 1280 2564 conceptio,

187 2574 345 2612 Recolat
375 2573 608 2611 sollennibus
1005 2572 1105 2618 Quos
1134 2571 1322 2618 serpentis
1353 2571 1479 2609 obruit

242 2630 430 2668 Ecclesia.
1061 2628 1259 2675 Deceptio,

185 2688 284 2724 Vota
314 2687 389 2724 tuis
420 2685 574 2724 auribus
1005 2685 1063 2722 De
1093 2684 1226 2722 mortis
1257 2685 1397 2731 eripuit

242 2743 411 2782 Concilia
1061 2740 1233 2779 Confinio

187 2801 241 2838 Te
273 2800 420 2837 devotis
451 2798 607 2836 vocibus
1004 2798 1055 2835 Et
1085 2797 1196 2834 finem
1227 2797 1408 2844 imposuit

245 2855 473 2903 Laudamia,
1062 2854 1225 2900 Exsilio,

189 2913 316 2960 Digna
349 2912 473 2960 dignis
501 2911 692 2950 laudibus.
1003 2911 1110 2957 Quod
1141 2910 1225 2948 Eva
1256 2910 1475 2957 promeruit.

167 2981 336 3013 Dreves,
363 2980 570 3008 Lateinische
591 2979 883 3014 Hymnendiehter.
922 2979 964 3005 11.
1419 2974 1463 3008 33
