2031 3289
868 225 922 228 —
981 200 1062 240 390
1131 221 1171 225 --

654 320 690 355 9.
740 315 854 353 Vobis
886 324 988 350 meus
1021 312 1225 350 deservivit

797 371 1064 417 qualiscunque
1095 369 1272 416 calamus,

740 429 812 465 Per
842 438 908 464 vos
940 425 1068 462 mundi
1100 429 1344 462 conservator

797 484 889 520 mihi
920 483 967 519 sit
1000 481 1201 528 propitius.

338 599 528 630 Comment.
555 596 644 628 Bibl.
671 605 732 626 ms.
758 604 847 626 saec.
876 592 926 625 ll.
975 593 1058 625 Cod.
1084 593 1310 633 Rotomagen.
1340 589 1401 624 148
1425 592 1467 631 (A
1492 589 1579 632 202).
1605 591 1683 624 add.
1712 601 1807 624 saec.

244 641 296 675 12.
324 644 363 674 A.
390 660 432 663 —
457 641 682 682 Beaugendre
708 640 771 671 col.
800 637 886 671 1546
912 640 949 670 Β.
968 656 1012 660 -
1028 639 1135 670 Diese
1162 637 1282 669 Oratio
1309 637 1395 679 folgt
1421 637 1483 668 auf
1502 637 1559 668 die
1576 637 1660 668 Vita
1684 637 1803 677 rhyth-

244 690 334 720 mica
364 688 424 719 der
457 686 581 719 beiden
612 686 794 726 Miirtyrer.
844 686 901 717 Sie
936 685 981 715 ist
1014 684 1088 715 also
1122 683 1186 714 wie
1220 683 1315 714 diese
1345 685 1381 714 in
1405 683 1555 724 Angers,
1591 682 1716 714 mithin
1740 692 1807 713 vor

247 732 349 771 1096,
382 732 625 775 geschriebem
660 730 751 761 deun
783 730 839 761 die
865 729 1050 770 Reliquien
1083 728 1195 759 dieser
1220 728 1405 770 Heiligen,
1438 738 1507 759 von
1537 727 1641 759 deren
1665 728 1804 768 Tragen

245 781 291 810 im
325 779 510 820 Bittgange
543 777 638 808 diese
668 775 789 807 Oratio
823 775 936 813 redet,
969 773 1138 805 befanden
1169 772 1241 804 sich
1275 775 1311 804 in
1343 773 1487 815 AngerS.
1536 772 1604 805 cfr.
1629 773 1715 804 Acta
1741 772 1802 805 SS.

376 824 386 840 r

244 824 419 900 AffluDEss
442 821 576 905 {Agma
599 819 661 897 gas
686 876 730 897 an
755 865 821 897 den
849 864 986 896 Schluss
1012 865 1106 896 einer
1132 865 1203 894 vita
1230 864 1373 895 metrica
1397 863 1457 894 der
1481 862 1607 894 beiden
1631 863 1806 904 Lffirtyrer

247 914 412 956 angefiigt
436 915 491 951 ist,
527 913 582 943 die
609 912 795 953 allgemein
820 911 874 942 fiir
899 908 1119 941 authentisch
1148 908 1345 950 angesehen
1370 908 1465 946 wird,
1491 909 1537 939 ist
1561 908 1614 939 ffir
1640 918 1703 939 uns
1729 907 1804 939 des-

246 956 327 991 ha-lb
357 969 426 990 von
457 956 706 998 Wichtigkeit‚
740 956 819 987 weil
851 966 888 987 es
921 956 985 986 wie
1019 955 1075 986 die
1101 955 1183 985 Vita
1215 954 1280 985 den
1305 953 1488 985 Nachweis
1522 953 1695 995 erbringt,
1728 952 1804 985 dass

242 1003 390 1036 Marbod
424 1014 460 1035 es
494 1003 567 1034 sich
602 1003 655 1033 bei
689 1001 887 1033 reimenden
912 999 1153 1031 trochaischen
1179 1000 1416 1031 Tetrametern
1440 1000 1503 1030 mit
1531 998 1606 1030 dem
1632 998 1807 1040 stumpfen

247 1051 384 1088 Reime‚
409 1049 472 1080 mit
497 1048 556 1080 der
581 1050 819 1089 sogenannten
844 1047 1023 1077 Assonanz
1049 1047 1207 1086 geniigen
1232 1043 1320 1075 liess.

582 1226 664 1261 300.
705 1225 762 1267 (2.)
800 1225 854 1259 De
881 1223 1196 1259 Annuntiatione
1222 1223 1270 1258 B.
1296 1223 1465 1258 Mariae.

446 1331 585 1369 Missus
617 1331 665 1367 ad
698 1329 887 1377 egregiam
923 1328 1079 1366 Gabriel
1111 1328 1198 1366 tulit
1229 1328 1303 1364 ista
1332 1327 1515 1366 Mariam:

443 1386 588 1427 Innuba
619 1397 781 1435 semper,
814 1397 896 1430 ave,
929 1384 996 1422 flos
1029 1385 1187 1432 pulcher
1219 1379 1397 1430 olensque
1427 1394 1555 1429 suave⁷

445 1444 639 1483 Christum
670 1447 802 1481 ventre
835 1441 947 1492 feres,
980 1441 1180 1479 benedicta
1213 1451 1328 1487 super
1359 1441 1547 1486 mulieres,

446 1502 554 1539 Solus
586 1500 658 1537 erit
689 1500 827 1548 salvus,
859 1504 923 1536 tua
954 1509 1063 1545 quem
1095 1498 1300 1535 salvaverit
1331 1497 1448 1534 alvus.

377 1561 398 1596 5
445 1558 505 1595 Ex
538 1563 573 1593 te
604 1561 792 1604 nascetur,
827 1556 889 1603 qui
919 1560 1069 1602 sceptra
1102 1554 1225 1591 David
1257 1554 1488 1599 moderetur,

447 1614 503 1651 De
535 1612 659 1650 fructu
691 1613 795 1649 cuius
826 1622 912 1658 spes
944 1611 1121 1659 geminis
1154 1611 1254 1647 exiet
1287 1610 1408 1656 liuius,

447 1670 557 1707 Nunc
589 1675 623 1706 et
655 1670 692 1706 in
724 1673 916 1705 aeternum
945 1673 1050 1714 geret
1080 1667 1141 1703 bic
1173 1667 1346 1703 diadema
1379 1672 1589 1712 paternum,

448 1728 552 1763 Iesus
584 1726 655 1762 erit
688 1726 823 1774 dietus,
856 1736 971 1771 super
1000 1724 1124 1760 omnia
1155 1733 1221 1760 rex
1255 1723 1490 1760 benedictus.

447 1784 476 1821 O
509 1782 601 1819 felix
635 1781 780 1819 fruetus
812 1785 961 1818 vellens
994 1782 1030 1817 iu
1062 1781 1199 1827 gaudia
1230 1780 1364 1824 luctus,

348 1839 398 1878 10
446 1840 474 1877 O
504 1849 656 1886 germen
687 1843 871 1884 sanctum,
903 1848 1023 1883 neque
1054 1837 1130 1873 tale
1162 1835 1232 1872 fuit
1262 1846 1381 1882 neque
1411 1837 1576 1872 tantum!

445 1896 600 1934 Talibus
631 1895 772 1932 auditis
805 1894 932 1931 reddit
960 1894 1178 1940 virguncula
1209 1892 1331 1928 mitis:

446 1952 638 1999 Quomodo
670 1951 877 1997 concipiam
910 1951 969 1987 vel
1002 1955 1121 1986 mater
1151 1950 1337 1996 quomodo
1369 1948 1468 1994 fiam,

447 2013 562 2055 Quae,
595 2008 691 2045 sicut
722 2007 818 2057 vovi,
852 2018 972 2053 neque
1003 2017 1116 2044 nosco
1147 2005 1267 2042 virum
1299 2016 1418 2051 neque
1450 2003 1565 2041 novi?

447 2066 654 2111 Corruptcs
686 2069 790 2101 artus
821 2064 992 2110 sequitur
1024 2062 1219 2108 conceptio
1248 2066 1403 2111 partus;

352 2123 400 2160 15
449 2126 550 2167 Quae
582 2121 719 2158 coitum
751 2121 882 2169 nescit,
916 2125 1047 2157 venter
1078 2129 1165 2156 suus
1195 2119 1296 2155 unde
1327 2116 1531 2154 tumescit?

451 2179 603 2225 Virgine
634 2178 689 2213 sic
720 2175 797 2214 fata
831 2188 902 2214 vox
934 2181 991 2213 est
1023 2176 1150 2213 divina
1180 2175 1322 2212 relata:

450 2235 651 2282 Progenies
683 2235 796 2275 Iesse,
830 2233 931 2269 Deus
963 2237 1018 2269 est
1049 2232 1111 2278 qui
1143 2232 1197 2268 sie
1227 2231 1331 2268 iubet
1362 2241 1455 2276 esse,

448 2291 592 2338 Quique
623 2290 755 2327 iubens
787 2300 867 2326 esse
897 2288 989 2326 facit
1020 2299 1101 2325 esse
1131 2287 1294 2324 iubendo
1326 2298 1490 2326 necesse,

448 2348 612 2394 Spi111u5
643 2352 818 2383 aeternus
849 2346 931 2392 tibi,
965 2350 1084 2391 casta,
1118 2344 1298 2391 favorque
1330 2349 1511 2390 paternus

350 2406 402 2442 20
449 2406 554 2441 Intus
586 2402 825 2441 obumbrabit
857 2408 1098 2448 ventremque
1129 2407 1232 2438 tuum
1263 2400 1489 2447 gravidabit‚

450 2460 569 2497 Filius
601 2461 682 2506 ipse
714 2459 798 2503 Dei,
831 2460 951 2496 noctis
983 2464 1085 2495 sator
1116 2463 1227 2504 atque
1259 2457 1347 2502 diei,

452 2518 589 2554 lleclor
619 2516 818 2564 caelorum,
852 2514 954 2552 Dbus
986 2521 1022 2551 et
1057 2515 1227 2551 dominus
1259 2514 1506 2558 dominorum,

448 2573 615 2610 Naturae
646 2573 826 2619 geminae,
862 2572 942 2608 sine
973 2571 1174 2618 principio,
1208 2571 1287 2608 sine
1320 2570 1404 2612 line,

453 2630 614 2667 Ultimus
647 2635 681 2665 et
716 2629 871 2677 primus,
906 2629 1049 2676 longus,
1082 2627 1218 2672 brevis,
1251 2627 1350 2664 altus
1382 2632 1417 2662 et
1449 2627 1556 2671 imus,

354 2688 404 2724 25
457 2687 636 2723 l‘arvulus
669 2691 705 2722 et
737 2695 904 2732 magnus,
937 2695 1091 2731 magnus
1124 2684 1194 2729 leo,
1226 2683 1404 2730 parvulus
1436 2693 1564 2730 agnuS‚

447 2743 504 2779 Ex
536 2750 572 2778 te
604 2742 786 2789 mortalis,
819 2741 940 2788 qualis
973 2746 1092 2787 pater,
1123 2750 1168 2776 ex
1201 2746 1307 2787 patre
1339 2740 1438 2778 taliS.

447 2799 494 2835 Et
526 2804 576 2847 tu,
610 2799 719 2835 stella
751 2799 877 2844 maim,
910 2797 1055 2834 miseris
1088 2797 1161 2833 eris
1193 2796 1426 2838 auxiliatrix,

449 2855 541 2901 Spes
574 2862 827 2902 peccatorum,
861 2855 989 2901 regina
1019 2853 1127 2890 beata
1160 2853 1342 2900 polorum,

452 2912 490 2947 ln
524 2912 634 2948 terris
668 2911 754 2948 totis
785 2911 859 2957 pia,
892 2915 1022 2947 sancta
1054 2909 1236 2946 vocabere
1269 2909 1375 2947 votis.
