2031 3289
977 202 1286 245 —308-—

854 313 938 350 323.
973 314 1055 358 (25.)
1088 315 1146 351 De
1171 315 1399 360 Largitate.

794 390 930 429 Faecis
959 391 1144 429 avaritiae

853 448 970 486 Potus
999 447 1128 485 multis
1157 446 1279 486 officit

851 503 904 541 Et
935 504 1159 550 praesertim
1188 504 1308 542 inficit

763 591 766 593 ,
791 559 989 598 Ministros
1021 561 1227 611 ecclesiae3

793 615 891 654 Nam
922 617 1079 654 haustus
1109 617 1300 664 ingluviae

854 673 976 710 Tanto
1008 678 1162 710 cunctos
1193 674 1327 719 allicit,

856 729 964 775 Quod
991 741 1067 767 non
1097 734 1165 780 est,
1199 730 1264 778 qui
1292 730 1449 779 Sufficit

794 786 893 823 Vere
925 786 1028 824 dicat
1058 786 1198 836 hodie3

797 841 888 879 Sitis
920 842 1018 880 enim
1049 843 1178 880 ebriae

853 899 1000 937 Fervor
1028 910 1215 946 nunquam
1250 899 1388 940 deficit.

793 956 926 1002 Itaque

907 1011 1134 1062 Dolendum‚
1167 1013 1266 1059 quod
1299 1013 1427 1050 clerici

910 1068 972 1106 Sic
1004 1069 1181 1116 languent
1211 1069 1426 1116 hydropici.

820 1188 902 1225 3⁶24.
939 1189 1020 1231 (26.)
1053 1189 1112 1225 De
1137 1190 1434 1235 Temperantia.

828 1267 1025 1304 Modestos
1055 1267 1265 1305 blanditiae

897 1323 1048 1361 Saeculi
1079 1335 1151 1360 non
1184 1324 1393 1371 emolliunt,

893 1380 973 1416 Nec
1001 1380 1148 1428 horum,
1180 1381 1243 1427 qui
1273 1381 1457 1428 saeviunt,

825 1436 1102 1474 Perturbantur
1131 1437 1287 1482 insanie,
1348 1463 1351 1466 <

826 1493 903 1532 Sed
934 1498 1086 1530 manent
1116 1494 1154 1530 in
1184 1493 1380 1543 temperie,

896 1550 976 1595 Qua
1007 1560 1047 1586 se
1077 1561 1228 1597 semper
1257 1551 1429 1588 muniunt

894 1606 1060 1654 Seseque
1091 1607 1307 1644 custodiunt

826 1664 986 1702 Servata
1017 1664 1122 1710 pacis
1153 1664 1294 1712 requie,

827 1720 890 1758 Sic
920 1720 1066 1767 gratiae

835 1797 838 1800 ⁴
894 1776 1075 1814 Meritum

828 1834 1038 1871 Lucrantes
1069 1838 1107 1871 et
1135 1833 1292 1881 gloriae.

849 1954 932 1990 325.
969 1954 1050 1998 (27.)
1083 1955 1142 1990 De
1167 1955 1405 1992 Prudentia.

731 2031 871 2069 Beatus
897 2032 970 2082 vir,
1001 2032 1065 2079 qui
1094 2033 1304 2080 sapientiae

788 2088 1065 2126 Thesaurizans
1097 2089 1245 2136 quaerit
1275 2089 1476 2136 aerarium,

732 2143 846 2182 Cuius
876 2156 989 2193 gazas
1020 2145 1139 2183 hostis
1170 2146 1333 2184 insidiae

787 2201 874 2239 Non
905 2203 1152 2249 praedantur,
1185 2201 1247 2240 fur
1277 2203 1337 2239 vel
1367 2204 1597 2243 incendium.

789 2257 865 2296 Sed
897 2269 979 2296 cum
1013 2259 1081 2296 illa
1110 2259 1291 2296 bonorum
1323 2262 1485 2298 omnium

731 2314 877 2353 Crescit
907 2315 1026 2353 honor
1056 2320 1094 2352 et
1123 2316 1250 2354 lumen
1279 2318 1436 2364 gratiae,

731 2370 816 2408 Non
849 2376 905 2408 est
930 2383 1074 2419 aurum⁷
1107 2373 1207 2419 quod
1238 2373 1286 2410 ad
1319 2374 1500 2412 scientiae

786 2428 984 2466 Mereatur
1014 2427 1180 2466 conferri
1210 2430 1386 2477 pretium.

791 2553 873 2591 326.
907 2554 988 2598 (28.)
1022 2555 1081 2591 De
1107 2557 1258 2601 septem
1284 2557 1461 2593 Artibus.

630 2624 817 2663 Notula
856 2637 1008 2673 super
1046 2627 1207 2677 illam,
1248 2639 1368 2676 quae
1405 2629 1614 2676 incipit:

577 2681 639 2718 De
667 2681 752 2719 iuer
781 2686 815 2721 et
845 2683 890 2720 de
919 2683 1024 2721 baler
1052 2695 1100 2721 ne
1130 2685 1217 2731 quie
1246 2686 1347 2724 mais
1377 2686 1486 2724 avoir
1515 2685 1646 2728 balent.

817 2773 915 2812 Olim
945 2773 982 2810 in
1015 2773 1211 2811 harmonia

884 2829 1017 2867 Multis
1049 2836 1130 2868 erat
1159 2831 1338 2879 studium,

818 2885 998 2924 Placebat
1027 2888 1191 2925 melodia

881 2943 1065 2982 Sonorum
1096 2945 1349 2992 concordium,
