<?xml version="1.0" encoding="UTF-8"?>
<!DOCTYPE html PUBLIC "-//W3C//DTD XHTML 1.0 Transitional//EN"
    "http://www.w3.org/TR/xhtml1/DTD/xhtml1-transitional.dtd">
<html xmlns="http://www.w3.org/1999/xhtml" xml:lang="en" lang="en">
 <head>
  <title>
</title>
<meta http-equiv="Content-Type" content="text/html;charset=utf-8" />
  <meta name='ocr-system' content='tesseract 3.04.00' />
  <meta name='ocr-capabilities' content='ocr_page ocr_carea ocr_par ocr_line ocrx_word'/>
</head>
<body>
  <div class='ocr_page' id='page_1' title='image "./hymnographilatin01drevuoft_0120.png"; bbox 0 0 2031 3289; ppageno 0'>
   <div class='ocr_carea' id='block_1_1' title="bbox 962 175 1268 216">
    <p class='ocr_par' dir='ltr' id='par_1_1' title="bbox 962 175 1268 216">
     <span class='ocr_line' id='line_1_1' title="bbox 962 175 1268 216; baseline -0.01 1"><span class='ocrx_word' id='word_1_1' title='bbox 962 175 1268 216; x_wconf 85' lang='lat'>-114—</span> 
     </span>
    </p>
   </div>
   <div class='ocr_carea' id='block_1_2' title="bbox 354 290 1079 2944">
    <p class='ocr_par' dir='ltr' id='par_1_2' title="bbox 354 290 1079 1696">
     <span class='ocr_line' id='line_1_2' title="bbox 480 290 1079 337; baseline -0.003 -9"><span class='ocrx_word' id='word_1_2' title='bbox 480 292 643 337; x_wconf 80' lang='lat' dir='ltr'>Quorum</span> <span class='ocrx_word' id='word_1_3' title='bbox 682 302 769 329; x_wconf 88' lang='lat' dir='ltr'>usus</span> <span class='ocrx_word' id='word_1_4' title='bbox 800 290 893 327; x_wconf 93' lang='lat' dir='ltr'>nulli</span> <span class='ocrx_word' id='word_1_5' title='bbox 923 300 1079 336; x_wconf 89' lang='lat' dir='ltr'>prorsus</span> 
     </span>
     <span class='ocr_line' id='line_1_3' title="bbox 535 346 927 395; baseline -0.008 -11"><span class='ocrx_word' id='word_1_6' title='bbox 535 353 691 395; x_wconf 85' lang='lat' dir='ltr'>generat</span> <span class='ocrx_word' id='word_1_7' title='bbox 721 346 927 392; x_wconf 85' lang='lat' dir='ltr'>fastidium,</span> 
     </span>
     <span class='ocr_line' id='line_1_4' title="bbox 480 407 1040 447; baseline -0.005 0"><span class='ocrx_word' id='word_1_8' title='bbox 480 409 555 447; x_wconf 90' lang='lat' dir='ltr'>Sed</span> <span class='ocrx_word' id='word_1_9' title='bbox 585 414 751 447; x_wconf 86' lang='lat' dir='ltr'>utentem</span> <span class='ocrx_word' id='word_1_10' title='bbox 782 408 830 445; x_wconf 89' lang='lat' dir='ltr'>ad</span> <span class='ocrx_word' id='word_1_11' title='bbox 861 407 1040 445; x_wconf 89' lang='lat' dir='ltr'>utendum</span> 
     </span>
     <span class='ocr_line' id='line_1_5' title="bbox 380 464 998 514; baseline -0.002 -9"><span class='ocrx_word' id='word_1_12' title='bbox 380 467 446 505; x_wconf 84' lang='lat'>90.</span> <span class='ocrx_word' id='word_1_13' title='bbox 532 467 650 514; x_wconf 85' lang='lat' dir='ltr'>magis</span> <span class='ocrx_word' id='word_1_14' title='bbox 676 465 804 502; x_wconf 80' lang='lat' dir='ltr'>reddit</span> <span class='ocrx_word' id='word_1_15' title='bbox 833 464 998 504; x_wconf 85' lang='lat' dir='ltr'>avidum.</span> 
     </span>
     <span class='ocr_line' id='line_1_6' title="bbox 480 526 939 571; baseline -0.007 -6"><span class='ocrx_word' id='word_1_16' title='bbox 480 528 538 565; x_wconf 90' lang='lat' dir='ltr'>Ibi</span> <span class='ocrx_word' id='word_1_17' title='bbox 571 529 673 565; x_wconf 85' lang='lat' dir='ltr'>clara</span> <span class='ocrx_word' id='word_1_18' title='bbox 704 538 830 564; x_wconf 90' lang='lat' dir='ltr'>coram</span> <span class='ocrx_word' id='word_1_19' title='bbox 861 526 939 571; x_wconf 92' lang='lat' dir='ltr'>illo,</span> 
     </span>
     <span class='ocr_line' id='line_1_7' title="bbox 533 582 992 631; baseline -0.004 -10"><span class='ocrx_word' id='word_1_20' title='bbox 533 585 596 631; x_wconf 92' lang='lat' dir='ltr'>qui</span> <span class='ocrx_word' id='word_1_21' title='bbox 627 585 692 621; x_wconf 81' lang='lat' dir='ltr'>lux</span> <span class='ocrx_word' id='word_1_22' title='bbox 724 587 781 621; x_wconf 88' lang='lat' dir='ltr'>est</span> <span class='ocrx_word' id='word_1_23' title='bbox 810 582 992 629; x_wconf 89' lang='lat' dir='ltr'>fidelium,</span> 
     </span>
     <span class='ocr_line' id='line_1_8' title="bbox 478 646 1002 694; baseline -0.006 -10"><span class='ocrx_word' id='word_1_24' title='bbox 478 646 699 684; x_wconf 82' lang='lat' dir='ltr'>Miseratrix</span> <span class='ocrx_word' id='word_1_25' title='bbox 730 656 881 693; x_wconf 88' lang='lat' dir='ltr'>semper</span> <span class='ocrx_word' id='word_1_26' title='bbox 909 652 1002 694; x_wconf 90' lang='lat' dir='ltr'>esto,</span> 
     </span>
     <span class='ocr_line' id='line_1_9' title="bbox 532 702 1007 741; baseline -0.006 -1"><span class='ocrx_word' id='word_1_27' title='bbox 532 714 674 740; x_wconf 91' lang='lat' dir='ltr'>memor</span> <span class='ocrx_word' id='word_1_28' title='bbox 704 702 760 739; x_wconf 87' lang='lat' dir='ltr'>tui</span> <span class='ocrx_word' id='word_1_29' title='bbox 789 712 1007 741; x_wconf 83' lang='lat' dir='ltr'>memorum.</span> 
     </span>
     <span class='ocr_line' id='line_1_10' title="bbox 381 764 993 804; baseline -0.005 -1"><span class='ocrx_word' id='word_1_30' title='bbox 381 766 448 804; x_wconf 88' lang='lat'>95.</span> <span class='ocrx_word' id='word_1_31' title='bbox 478 766 579 802; x_wconf 86' lang='lat' dir='ltr'>Ante</span> <span class='ocrx_word' id='word_1_32' title='bbox 610 764 711 802; x_wconf 87' lang='lat' dir='ltr'>fores</span> <span class='ocrx_word' id='word_1_33' title='bbox 742 768 828 801; x_wconf 89' lang='lat' dir='ltr'>tuae</span> <span class='ocrx_word' id='word_1_34' title='bbox 862 765 993 801; x_wconf 89' lang='lat' dir='ltr'>domus</span> 
     </span>
     <span class='ocr_line' id='line_1_11' title="bbox 537 820 1062 869; baseline -0.006 -10"><span class='ocrx_word' id='word_1_35' title='bbox 537 822 646 869; x_wconf 90' lang='lat' dir='ltr'>pulso</span> <span class='ocrx_word' id='word_1_36' title='bbox 677 831 824 869; x_wconf 83' lang='lat' dir='ltr'>pauper</span> <span class='ocrx_word' id='word_1_37' title='bbox 857 820 1062 867; x_wconf 91' lang='lat' dir='ltr'>annullum,</span> 
     </span>
     <span class='ocr_line' id='line_1_12' title="bbox 478 882 1023 931; baseline -0.006 -10"><span class='ocrx_word' id='word_1_38' title='bbox 478 884 695 931; x_wconf 87' lang='lat' dir='ltr'>Imbecillis,</span> <span class='ocrx_word' id='word_1_39' title='bbox 727 884 849 930; x_wconf 89' lang='lat' dir='ltr'>inops,</span> <span class='ocrx_word' id='word_1_40' title='bbox 882 882 1023 919; x_wconf 87' lang='lat' dir='ltr'>habens</span> 
     </span>
     <span class='ocr_line' id='line_1_13' title="bbox 537 939 1034 986; baseline -0.006 -8"><span class='ocrx_word' id='word_1_41' title='bbox 537 952 600 978; x_wconf 91' lang='lat' dir='ltr'>cor</span> <span class='ocrx_word' id='word_1_42' title='bbox 631 947 668 977; x_wconf 88' lang='lat' dir='ltr'>et</span> <span class='ocrx_word' id='word_1_43' title='bbox 699 950 834 986; x_wconf 89' lang='lat' dir='ltr'>corpus</span> <span class='ocrx_word' id='word_1_44' title='bbox 864 939 1034 976; x_wconf 89' lang='lat' dir='ltr'>tabidum</span> 
     </span>
     <span class='ocr_line' id='line_1_14' title="bbox 477 1000 1077 1048; baseline -0.007 -8"><span class='ocrx_word' id='word_1_45' title='bbox 477 1003 529 1040; x_wconf 85' lang='lat' dir='ltr'>Et</span> <span class='ocrx_word' id='word_1_46' title='bbox 549 1003 586 1039; x_wconf 93' lang='lat' dir='ltr'>in</span> <span class='ocrx_word' id='word_1_47' title='bbox 609 1007 766 1048; x_wconf 89' lang='lat' dir='ltr'>tantum,</span> <span class='ocrx_word' id='word_1_48' title='bbox 790 1005 832 1038; x_wconf 92' lang='lat' dir='ltr'>ut</span> <span class='ocrx_word' id='word_1_49' title='bbox 853 1002 937 1048; x_wconf 91' lang='lat' dir='ltr'>plus</span> <span class='ocrx_word' id='word_1_50' title='bbox 955 1000 1077 1047; x_wconf 89' lang='lat' dir='ltr'>possis</span> 
     </span>
     <span class='ocr_line' id='line_1_15' title="bbox 354 1058 1036 1106; baseline -0.003 -8"><span class='ocrx_word' id='word_1_51' title='bbox 354 1061 446 1098; x_wconf 85' lang='lat'>700.</span> <span class='ocrx_word' id='word_1_52' title='bbox 535 1060 666 1097; x_wconf 87' lang='lat' dir='ltr'>videre</span> <span class='ocrx_word' id='word_1_53' title='bbox 696 1070 806 1106; x_wconf 85' lang='lat' dir='ltr'>quam</span> <span class='ocrx_word' id='word_1_54' title='bbox 837 1058 1036 1096; x_wconf 81' lang='lat' dir='ltr'><strong>Lazarum.</strong></span> 
     </span>
     <span class='ocr_line' id='line_1_16' title="bbox 478 1119 1077 1167; baseline -0.007 -8"><span class='ocrx_word' id='word_1_55' title='bbox 478 1122 574 1159; x_wconf 84' lang='lat' dir='ltr'>Nam</span> <span class='ocrx_word' id='word_1_56' title='bbox 606 1122 692 1159; x_wconf 91' lang='lat' dir='ltr'>huic</span> <span class='ocrx_word' id='word_1_57' title='bbox 724 1121 819 1158; x_wconf 91' lang='lat' dir='ltr'>cutis</span> <span class='ocrx_word' id='word_1_58' title='bbox 851 1124 954 1167; x_wconf 82' lang='lat' dir='ltr'>erat,</span> <span class='ocrx_word' id='word_1_59' title='bbox 986 1119 1077 1156; x_wconf 90' lang='lat' dir='ltr'>mihi</span> 
     </span>
     <span class='ocr_line' id='line_1_17' title="bbox 534 1177 981 1226; baseline -0.004 -11"><span class='ocrx_word' id='word_1_60' title='bbox 534 1179 670 1216; x_wconf 88' lang='lat' dir='ltr'>vulnus</span> <span class='ocrx_word' id='word_1_61' title='bbox 699 1177 981 1226; x_wconf 85' lang='lat' dir='ltr'>subcutaneum,</span> 
     </span>
     <span class='ocr_line' id='line_1_18' title="bbox 478 1239 1075 1287; baseline -0.005 -10"><span class='ocrx_word' id='word_1_62' title='bbox 478 1241 573 1287; x_wconf 82' lang='lat' dir='ltr'>Quin</span> <span class='ocrx_word' id='word_1_63' title='bbox 614 1245 650 1277; x_wconf 89' lang='lat' dir='ltr'>et</span> <span class='ocrx_word' id='word_1_64' title='bbox 688 1240 791 1277; x_wconf 90' lang='lat' dir='ltr'>canis</span> <span class='ocrx_word' id='word_1_65' title='bbox 822 1239 897 1286; x_wconf 89' lang='lat' dir='ltr'>ipsi</span> <span class='ocrx_word' id='word_1_66' title='bbox 929 1239 1075 1284; x_wconf 86' lang='lat' dir='ltr'>desunt,</span> 
     </span>
     <span class='ocr_line' id='line_1_19' title="bbox 533 1296 1076 1345; baseline -0.006 -10"><span class='ocrx_word' id='word_1_67' title='bbox 533 1298 597 1345; x_wconf 89' lang='lat' dir='ltr'>qui</span> <span class='ocrx_word' id='word_1_68' title='bbox 627 1308 697 1345; x_wconf 90' lang='lat' dir='ltr'>pus</span> <span class='ocrx_word' id='word_1_69' title='bbox 728 1297 875 1343; x_wconf 85' lang='lat' dir='ltr'>lingant</span> <span class='ocrx_word' id='word_1_70' title='bbox 895 1296 1076 1332; x_wconf 86' lang='lat' dir='ltr'>ulcerum.</span> 
     </span>
     <span class='ocr_line' id='line_1_20' title="bbox 377 1358 1025 1407; baseline -0.008 -9"><span class='ocrx_word' id='word_1_71' title='bbox 377 1361 444 1400; x_wconf 90' lang='lat'>05.</span> <span class='ocrx_word' id='word_1_72' title='bbox 476 1359 554 1397; x_wconf 85' lang='lat' dir='ltr'>Sed</span> <span class='ocrx_word' id='word_1_73' title='bbox 584 1364 637 1406; x_wconf 94' lang='lat' dir='ltr'>tu,</span> <span class='ocrx_word' id='word_1_74' title='bbox 670 1359 775 1407; x_wconf 86' lang='lat' dir='ltr'>virgo</span> <span class='ocrx_word' id='word_1_75' title='bbox 806 1358 1025 1395; x_wconf 91' lang='lat' dir='ltr'>meritorum</span> 
     </span>
     <span class='ocr_line' id='line_1_21' title="bbox 531 1416 906 1464; baseline -0.005 -11"><span class='ocrx_word' id='word_1_76' title='bbox 531 1427 620 1454; x_wconf 84' lang='lat' dir='ltr'>vere</span> <span class='ocrx_word' id='word_1_77' title='bbox 651 1416 906 1464; x_wconf 81' lang='lat' dir='ltr'>singularium,</span> 
     </span>
     <span class='ocr_line' id='line_1_22' title="bbox 478 1476 1013 1527; baseline -0.007 -11"><span class='ocrx_word' id='word_1_78' title='bbox 478 1479 698 1524; x_wconf 82' lang='lat' dir='ltr'>Condoleto,</span> <span class='ocrx_word' id='word_1_79' title='bbox 732 1476 862 1514; x_wconf 87' lang='lat' dir='ltr'>confer</span> <span class='ocrx_word' id='word_1_80' title='bbox 892 1487 1013 1527; x_wconf 80' lang='lat' dir='ltr'>opem,</span> 
     </span>
     <span class='ocr_line' id='line_1_23' title="bbox 535 1534 911 1581; baseline -0.005 -9"><span class='ocrx_word' id='word_1_81' title='bbox 535 1534 642 1572; x_wconf 88' lang='lat' dir='ltr'>defer</span> <span class='ocrx_word' id='word_1_82' title='bbox 669 1534 911 1581; x_wconf 81' lang='lat' dir='ltr'>adiutorium,</span> 
     </span>
     <span class='ocr_line' id='line_1_24' title="bbox 475 1590 1075 1640; baseline -0.005 -11"><span class='ocrx_word' id='word_1_83' title='bbox 475 1592 610 1630; x_wconf 85' lang='lat' dir='ltr'>Funde</span> <span class='ocrx_word' id='word_1_84' title='bbox 626 1595 780 1639; x_wconf 83' lang='lat' dir='ltr'>guttam,</span> <span class='ocrx_word' id='word_1_85' title='bbox 804 1590 914 1627; x_wconf 87' lang='lat' dir='ltr'>trade</span> <span class='ocrx_word' id='word_1_86' title='bbox 929 1590 1075 1640; x_wconf 86' lang='lat' dir='ltr'>micam,</span> 
     </span>
     <span class='ocr_line' id='line_1_25' title="bbox 380 1647 885 1696; baseline -0.008 -9"><span class='ocrx_word' id='word_1_87' title='bbox 380 1651 443 1687; x_wconf 94' lang='lat' dir='ltr'>]O.</span> <span class='ocrx_word' id='word_1_88' title='bbox 533 1650 628 1686; x_wconf 84' lang='lat' dir='ltr'>satia</span> <span class='ocrx_word' id='word_1_89' title='bbox 660 1647 885 1696; x_wconf 86' lang='lat' dir='ltr'>famelicum,</span> 
     </span>
    </p>

    <p class='ocr_par' dir='ltr' id='par_1_3' title="bbox 474 1705 1074 1921">
     <span class='ocr_line' id='line_1_26' title="bbox 474 1705 1074 1752; baseline -0.003 -10"><span class='ocrx_word' id='word_1_90' title='bbox 474 1705 632 1751; x_wconf 89' lang='lat' dir='ltr'>Praebe,</span> <span class='ocrx_word' id='word_1_91' title='bbox 666 1705 714 1743; x_wconf 89' lang='lat' dir='ltr'>de</span> <span class='ocrx_word' id='word_1_92' title='bbox 736 1715 808 1751; x_wconf 88' lang='lat' dir='ltr'>quo</span> <span class='ocrx_word' id='word_1_93' title='bbox 830 1708 1074 1752; x_wconf 80' lang='lat' dir='ltr'>sustentetur,</span> 
     </span>
     <span class='ocr_line' id='line_1_27' title="bbox 530 1761 891 1800; baseline -0.006 -1"><span class='ocrx_word' id='word_1_94' title='bbox 530 1763 677 1800; x_wconf 90' lang='lat' dir='ltr'>animae</span> <span class='ocrx_word' id='word_1_95' title='bbox 708 1761 891 1799; x_wconf 88' lang='lat' dir='ltr'>cibarium</span> 
     </span>
     <span class='ocr_line' id='line_1_28' title="bbox 475 1818 970 1866; baseline -0.006 -10"><span class='ocrx_word' id='word_1_96' title='bbox 475 1819 677 1866; x_wconf 85' lang='lat' dir='ltr'>Oculisque</span> <span class='ocrx_word' id='word_1_97' title='bbox 709 1819 810 1856; x_wconf 88' lang='lat' dir='ltr'>caeci</span> <span class='ocrx_word' id='word_1_98' title='bbox 845 1818 970 1855; x_wconf 90' lang='lat' dir='ltr'>cordis</span> 
     </span>
     <span class='ocr_line' id='line_1_29' title="bbox 530 1875 917 1921; baseline -0.005 -9"><span class='ocrx_word' id='word_1_99' title='bbox 530 1875 688 1913; x_wconf 88' lang='lat' dir='ltr'>infunde</span> <span class='ocrx_word' id='word_1_100' title='bbox 719 1875 917 1921; x_wconf 83' lang='lat' dir='ltr'>collirium,</span> 
     </span>
    </p>

    <p class='ocr_par' dir='ltr' id='par_1_4' title="bbox 372 1930 1075 2944">
     <span class='ocr_line' id='line_1_30' title="bbox 378 1930 1019 1979; baseline -0.008 -8"><span class='ocrx_word' id='word_1_101' title='bbox 378 1935 440 1972; x_wconf 88' lang='lat'>15.</span> <span class='ocrx_word' id='word_1_102' title='bbox 474 1932 546 1969; x_wconf 88' lang='lat' dir='ltr'>Per</span> <span class='ocrx_word' id='word_1_103' title='bbox 577 1933 676 1979; x_wconf 88' lang='lat' dir='ltr'>quod</span> <span class='ocrx_word' id='word_1_104' title='bbox 707 1943 797 1970; x_wconf 92' lang='lat' dir='ltr'>vero</span> <span class='ocrx_word' id='word_1_105' title='bbox 830 1930 1019 1968; x_wconf 86' lang='lat' dir='ltr'>renovasti</span> 
     </span>
     <span class='ocr_line' id='line_1_31' title="bbox 531 1988 967 2037; baseline -0.007 -11"><span class='ocrx_word' id='word_1_106' title='bbox 531 1989 671 2026; x_wconf 88' lang='lat' dir='ltr'>lumine</span> <span class='ocrx_word' id='word_1_107' title='bbox 702 1988 967 2037; x_wconf 88' lang='lat' dir='ltr'>Theophilum.</span> 
     </span>
     <span class='ocr_line' id='line_1_32' title="bbox 471 2045 1055 2094; baseline -0.005 -12"><span class='ocrx_word' id='word_1_108' title='bbox 471 2046 584 2083; x_wconf 82' lang='lat' dir='ltr'>Mitte</span> <span class='ocrx_word' id='word_1_109' title='bbox 614 2046 705 2082; x_wconf 90' lang='lat' dir='ltr'>mihi</span> <span class='ocrx_word' id='word_1_110' title='bbox 734 2056 806 2094; x_wconf 90' lang='lat' dir='ltr'>per</span> <span class='ocrx_word' id='word_1_111' title='bbox 838 2045 1055 2088; x_wconf 85' lang='lat' dir='ltr'>Iohannem,</span> 
     </span>
     <span class='ocr_line' id='line_1_33' title="bbox 530 2102 988 2147; baseline -0.009 -7"><span class='ocrx_word' id='word_1_112' title='bbox 530 2107 633 2140; x_wconf 89' lang='lat' dir='ltr'>tuum</span> <span class='ocrx_word' id='word_1_113' title='bbox 665 2103 771 2139; x_wconf 87' lang='lat' dir='ltr'>illum</span> <span class='ocrx_word' id='word_1_114' title='bbox 803 2102 988 2147; x_wconf 87' lang='lat' dir='ltr'>intimum,</span> 
     </span>
     <span class='ocr_line' id='line_1_34' title="bbox 474 2155 1073 2206; baseline -0.007 -9"><span class='ocrx_word' id='word_1_115' title='bbox 474 2160 590 2205; x_wconf 83' lang='lat' dir='ltr'>Quem</span> <span class='ocrx_word' id='word_1_116' title='bbox 629 2160 850 2206; x_wconf 85' lang='lat' dir='ltr'>redemptor</span> <span class='ocrx_word' id='word_1_117' title='bbox 880 2157 953 2195; x_wconf 89' lang='lat' dir='ltr'>sibi</span> <span class='ocrx_word' id='word_1_118' title='bbox 985 2155 1073 2194; x_wconf 90' lang='lat' dir='ltr'>fecit</span> 
     </span>
     <span class='ocr_line' id='line_1_35' title="bbox 376 2216 926 2263; baseline -0.009 -7"><span class='ocrx_word' id='word_1_119' title='bbox 376 2219 441 2256; x_wconf 84' lang='lat'>20.</span> <span class='ocrx_word' id='word_1_120' title='bbox 531 2217 632 2263; x_wconf 86' lang='lat' dir='ltr'>apud</span> <span class='ocrx_word' id='word_1_121' title='bbox 663 2222 700 2252; x_wconf 90' lang='lat' dir='ltr'>te</span> <span class='ocrx_word' id='word_1_122' title='bbox 732 2216 926 2262; x_wconf 88' lang='lat' dir='ltr'>vicarium,</span> 
     </span>
     <span class='ocr_line' id='line_1_36' title="bbox 474 2272 1021 2319; baseline -0.005 -8"><span class='ocrx_word' id='word_1_123' title='bbox 474 2274 632 2319; x_wconf 80' lang='lat' dir='ltr'>Quando</span> <span class='ocrx_word' id='word_1_124' title='bbox 663 2273 737 2319; x_wconf 88' lang='lat' dir='ltr'>ipsi</span> <span class='ocrx_word' id='word_1_125' title='bbox 768 2278 805 2309; x_wconf 90' lang='lat' dir='ltr'>te</span> <span class='ocrx_word' id='word_1_126' title='bbox 837 2272 1021 2309; x_wconf 87' lang='lat' dir='ltr'>commisit</span> 
     </span>
     <span class='ocr_line' id='line_1_37' title="bbox 529 2329 980 2376; baseline -0.004 -9"><span class='ocrx_word' id='word_1_127' title='bbox 529 2330 578 2367; x_wconf 90' lang='lat' dir='ltr'>ad</span> <span class='ocrx_word' id='word_1_128' title='bbox 606 2329 726 2366; x_wconf 88' lang='lat' dir='ltr'>crucis</span> <span class='ocrx_word' id='word_1_129' title='bbox 757 2329 980 2376; x_wconf 79' lang='lat' dir='ltr'>patibulum,</span> 
     </span>
     <span class='ocr_line' id='line_1_38' title="bbox 474 2385 1075 2434; baseline -0.007 -10"><span class='ocrx_word' id='word_1_130' title='bbox 474 2387 545 2434; x_wconf 86' lang='lat' dir='ltr'>Nc,</span> <span class='ocrx_word' id='word_1_131' title='bbox 579 2386 665 2424; x_wconf 90' lang='lat' dir='ltr'>dum</span> <span class='ocrx_word' id='word_1_132' title='bbox 688 2386 770 2433; x_wconf 89' lang='lat' dir='ltr'>ipse</span> <span class='ocrx_word' id='word_1_133' title='bbox 798 2386 918 2423; x_wconf 86' lang='lat' dir='ltr'>victor</span> <span class='ocrx_word' id='word_1_134' title='bbox 944 2385 1075 2422; x_wconf 88' lang='lat' dir='ltr'>mortis</span> 
     </span>
     <span class='ocr_line' id='line_1_39' title="bbox 527 2442 939 2490; baseline -0.005 -10"><span class='ocrx_word' id='word_1_135' title='bbox 527 2447 716 2490; x_wconf 84' lang='lat' dir='ltr'>expugnat</span> <span class='ocrx_word' id='word_1_136' title='bbox 749 2442 939 2480; x_wconf 91' lang='lat' dir='ltr'>diabolum</span> 
     </span>
     <span class='ocr_line' id='line_1_40' title="bbox 372 2498 1043 2538; baseline -0.007 0"><span class='ocrx_word' id='word_1_137' title='bbox 372 2503 439 2538; x_wconf 83' lang='lat'>25.</span> <span class='ocrx_word' id='word_1_138' title='bbox 471 2501 523 2538; x_wconf 87' lang='lat' dir='ltr'>Et</span> <span class='ocrx_word' id='word_1_139' title='bbox 553 2501 602 2537; x_wconf 92' lang='lat' dir='ltr'>ad</span> <span class='ocrx_word' id='word_1_140' title='bbox 632 2499 760 2537; x_wconf 86' lang='lat' dir='ltr'>horam</span> <span class='ocrx_word' id='word_1_141' title='bbox 794 2509 834 2536; x_wconf 86' lang='lat' dir='ltr'>se</span> <span class='ocrx_word' id='word_1_142' title='bbox 866 2498 1043 2535; x_wconf 79' lang='lat' dir='ltr'>subducit</span> 
     </span>
     <span class='ocr_line' id='line_1_41' title="bbox 529 2556 1016 2605; baseline -0.006 -11"><span class='ocrx_word' id='word_1_143' title='bbox 529 2569 551 2594; x_wconf 87' lang='lat' dir='ltr'>a</span> <span class='ocrx_word' id='word_1_144' title='bbox 582 2561 785 2603; x_wconf 87' lang='lat' dir='ltr'>conspectu</span> <span class='ocrx_word' id='word_1_145' title='bbox 815 2556 1016 2605; x_wconf 81' lang='lat' dir='ltr'>hominum,</span> 
     </span>
     <span class='ocr_line' id='line_1_42' title="bbox 473 2612 1018 2660; baseline -0.006 -9"><span class='ocrx_word' id='word_1_146' title='bbox 473 2614 679 2660; x_wconf 80' lang='lat' dir='ltr'>Tamquam</span> <span class='ocrx_word' id='word_1_147' title='bbox 709 2613 802 2650; x_wconf 88' lang='lat' dir='ltr'>orba</span> <span class='ocrx_word' id='word_1_148' title='bbox 833 2612 1018 2649; x_wconf 83' lang='lat' dir='ltr'>videreris</span> 
     </span>
     <span class='ocr_line' id='line_1_43' title="bbox 530 2668 935 2708; baseline 0.002 -1"><span class='ocrx_word' id='word_1_149' title='bbox 530 2682 601 2707; x_wconf 90' lang='lat' dir='ltr'>non</span> <span class='ocrx_word' id='word_1_150' title='bbox 634 2670 774 2707; x_wconf 83' lang='lat' dir='ltr'>habere</span> <span class='ocrx_word' id='word_1_151' title='bbox 804 2668 935 2708; x_wconf 82' lang='lat' dir='ltr'>filium.</span> 
     </span>
     <span class='ocr_line' id='line_1_44' title="bbox 472 2726 1072 2773; baseline -0.005 -10"><span class='ocrx_word' id='word_1_152' title='bbox 472 2731 589 2773; x_wconf 78' lang='lat' dir='ltr'>Quam</span> <span class='ocrx_word' id='word_1_153' title='bbox 619 2727 769 2763; x_wconf 86' lang='lat' dir='ltr'>beatum</span> <span class='ocrx_word' id='word_1_154' title='bbox 793 2733 841 2770; x_wconf 82' lang='lat' dir='ltr'>te,</span> <span class='ocrx_word' id='word_1_155' title='bbox 876 2726 1072 2771; x_wconf 81' lang='lat' dir='ltr'>lohannes,</span> 
     </span>
     <span class='ocr_line' id='line_1_45' title="bbox 375 2783 997 2830; baseline -0.005 -10"><span class='ocrx_word' id='word_1_156' title='bbox 375 2788 439 2823; x_wconf 68' lang='lat'>30.</span> <span class='ocrx_word' id='word_1_157' title='bbox 530 2796 639 2830; x_wconf 81' lang='lat' dir='ltr'>quam</span> <span class='ocrx_word' id='word_1_158' title='bbox 672 2783 997 2830; x_wconf 61' lang='lat' dir='ltr'>gloriosissimum,</span> 
     </span>
     <span class='ocr_line' id='line_1_46' title="bbox 473 2840 1073 2886; baseline -0.005 -9"><span class='ocrx_word' id='word_1_159' title='bbox 473 2841 643 2877; x_wconf 68' lang='lat' dir='ltr'>Thalami</span> <span class='ocrx_word' id='word_1_160' title='bbox 683 2851 791 2886; x_wconf 75' lang='lat' dir='ltr'>quom</span> <span class='ocrx_word' id='word_1_161' title='bbox 824 2840 880 2877; x_wconf 86' lang='lat' dir='ltr'>sui</span> <span class='ocrx_word' id='word_1_162' title='bbox 915 2849 1073 2885; x_wconf 83' lang='lat' dir='ltr'>sponsus</span> 
     </span>
     <span class='ocr_line' id='line_1_47' title="bbox 524 2897 870 2944; baseline 0 -12"><span class='ocrx_word' id='word_1_163' title='bbox 524 2898 645 2944; x_wconf 80' lang='lat' dir='ltr'>posuit</span> <span class='ocrx_word' id='word_1_164' title='bbox 678 2897 870 2933; x_wconf 80' lang='lat' dir='ltr'>aedituum</span> 
     </span>
    </p>
   </div>
   <div class='ocr_carea' id='block_1_3' title="bbox 1189 290 1890 2940">
    <p class='ocr_par' dir='ltr' id='par_1_5' title="bbox 1189 290 1890 2940">
     <span class='ocr_line' id='line_1_48' title="bbox 1289 290 1888 328; baseline 0 -1"><span class='ocrx_word' id='word_1_165' title='bbox 1289 290 1339 327; x_wconf 91' lang='lat' dir='ltr'>Et</span> <span class='ocrx_word' id='word_1_166' title='bbox 1371 290 1597 328; x_wconf 78' lang='lat' dir='ltr'>servandum</span> <span class='ocrx_word' id='word_1_167' title='bbox 1629 290 1736 327; x_wconf 86' lang='lat' dir='ltr'>dedit</span> <span class='ocrx_word' id='word_1_168' title='bbox 1766 291 1888 327; x_wconf 85' lang='lat' dir='ltr'>sancti</span> 
     </span>
     <span class='ocr_line' id='line_1_49' title="bbox 1345 347 1760 393; baseline 0 -11"><span class='ocrx_word' id='word_1_169' title='bbox 1345 347 1501 393; x_wconf 88' lang='lat' dir='ltr'>spiritus</span> <span class='ocrx_word' id='word_1_170' title='bbox 1532 347 1760 384; x_wconf 83' lang='lat' dir='ltr'>sacrarium!</span> 
     </span>
     <span class='ocr_line' id='line_1_50' title="bbox 1192 408 1889 455; baseline -0.001 -9"><span class='ocrx_word' id='word_1_171' title='bbox 1192 409 1256 446; x_wconf 84' lang='lat'>35.</span> <span class='ocrx_word' id='word_1_172' title='bbox 1288 408 1372 445; x_wconf 92' lang='lat' dir='ltr'>Hoc</span> <span class='ocrx_word' id='word_1_173' title='bbox 1410 408 1583 455; x_wconf 87' lang='lat' dir='ltr'>signabat</span> <span class='ocrx_word' id='word_1_174' title='bbox 1612 408 1708 445; x_wconf 86' lang='lat' dir='ltr'>illud</span> <span class='ocrx_word' id='word_1_175' title='bbox 1740 408 1889 454; x_wconf 87' lang='lat' dir='ltr'>pridem</span> 
     </span>
     <span class='ocr_line' id='line_1_51' title="bbox 1346 463 1690 514; baseline 0.003 -14"><span class='ocrx_word' id='word_1_176' title='bbox 1346 463 1690 514; x_wconf 86' lang='lat' dir='ltr'>familiarissimum,</span> 
     </span>
     <span class='ocr_line' id='line_1_52' title="bbox 1289 525 1888 573; baseline -0.002 -9"><span class='ocrx_word' id='word_1_177' title='bbox 1289 527 1397 573; x_wconf 81' lang='lat' dir='ltr'>Quod</span> <span class='ocrx_word' id='word_1_178' title='bbox 1429 530 1466 563; x_wconf 87' lang='lat' dir='ltr'>te</span> <span class='ocrx_word' id='word_1_179' title='bbox 1499 525 1589 564; x_wconf 82' lang='lat' dir='ltr'>fecit</span> <span class='ocrx_word' id='word_1_180' title='bbox 1619 537 1735 573; x_wconf 88' lang='lat' dir='ltr'>supra</span> <span class='ocrx_word' id='word_1_181' title='bbox 1757 529 1888 573; x_wconf 89' lang='lat' dir='ltr'>pectus</span> 
     </span>
     <span class='ocr_line' id='line_1_53' title="bbox 1346 582 1771 632; baseline 0.002 -13"><span class='ocrx_word' id='word_1_182' title='bbox 1346 582 1532 620; x_wconf 81' lang='lat' dir='ltr'>accubare</span> <span class='ocrx_word' id='word_1_183' title='bbox 1563 583 1771 632; x_wconf 87' lang='lat' dir='ltr'>proprium,</span> 
     </span>
     <span class='ocr_line' id='line_1_54' title="bbox 1291 644 1816 693; baseline -0.002 -11"><span class='ocrx_word' id='word_1_184' title='bbox 1291 645 1387 691; x_wconf 83' lang='lat' dir='ltr'>Quia</span> <span class='ocrx_word' id='word_1_185' title='bbox 1416 644 1486 682; x_wconf 88' lang='lat' dir='ltr'>tibi</span> <span class='ocrx_word' id='word_1_186' title='bbox 1517 644 1816 693; x_wconf 81' lang='lat' dir='ltr'>commendabat,</span> 
     </span>
     <span class='ocr_line' id='line_1_55' title="bbox 1194 701 1852 749; baseline -0.003 -10"><span class='ocrx_word' id='word_1_187' title='bbox 1194 703 1260 739; x_wconf 89' lang='lat'>40.</span> <span class='ocrx_word' id='word_1_188' title='bbox 1348 702 1447 748; x_wconf 90' lang='lat' dir='ltr'>quod</span> <span class='ocrx_word' id='word_1_189' title='bbox 1479 701 1655 749; x_wconf 88' lang='lat' dir='ltr'>habebat,</span> <span class='ocrx_word' id='word_1_190' title='bbox 1690 701 1852 748; x_wconf 89' lang='lat' dir='ltr'>unicum,</span> 
     </span>
     <span class='ocr_line' id='line_1_56' title="bbox 1291 763 1852 801; baseline -0.004 0"><span class='ocrx_word' id='word_1_191' title='bbox 1291 763 1343 801; x_wconf 92' lang='lat' dir='ltr'>Ut</span> <span class='ocrx_word' id='word_1_192' title='bbox 1373 763 1565 800; x_wconf 85' lang='lat' dir='ltr'>custodem</span> <span class='ocrx_word' id='word_1_193' title='bbox 1598 764 1710 801; x_wconf 86' lang='lat' dir='ltr'>matri</span> <span class='ocrx_word' id='word_1_194' title='bbox 1743 763 1852 801; x_wconf 88' lang='lat' dir='ltr'>daret</span> 
     </span>
     <span class='ocr_line' id='line_1_57' title="bbox 1347 820 1737 867; baseline 0 -11"><span class='ocrx_word' id='word_1_195' title='bbox 1347 820 1482 867; x_wconf 85' lang='lat' dir='ltr'>virgini</span> <span class='ocrx_word' id='word_1_196' title='bbox 1515 821 1737 867; x_wconf 78' lang='lat' dir='ltr'>virgineum,</span> 
     </span>
     <span class='ocr_line' id='line_1_58' title="bbox 1290 882 1831 920; baseline -0.004 0"><span class='ocrx_word' id='word_1_197' title='bbox 1290 882 1342 920; x_wconf 93' lang='lat' dir='ltr'>Ut</span> <span class='ocrx_word' id='word_1_198' title='bbox 1373 882 1567 919; x_wconf 87' lang='lat' dir='ltr'>columbae</span> <span class='ocrx_word' id='word_1_199' title='bbox 1597 882 1831 919; x_wconf 83' lang='lat' dir='ltr'>ministraret</span> 
     </span>
     <span class='ocr_line' id='line_1_59' title="bbox 1344 938 1695 985; baseline 0.003 -10"><span class='ocrx_word' id='word_1_200' title='bbox 1344 939 1471 985; x_wconf 88' lang='lat' dir='ltr'>aquila</span> <span class='ocrx_word' id='word_1_201' title='bbox 1502 938 1695 976; x_wconf 90' lang='lat' dir='ltr'>solacium.</span> 
     </span>
     <span class='ocr_line' id='line_1_60' title="bbox 1189 999 1888 1047; baseline -0.003 -9"><span class='ocrx_word' id='word_1_202' title='bbox 1189 1003 1255 1039; x_wconf 85' lang='lat'>45.</span> <span class='ocrx_word' id='word_1_203' title='bbox 1288 1000 1426 1037; x_wconf 90' lang='lat' dir='ltr'>Frater</span> <span class='ocrx_word' id='word_1_204' title='bbox 1452 1001 1605 1047; x_wconf 84' lang='lat' dir='ltr'>Christi,</span> <span class='ocrx_word' id='word_1_205' title='bbox 1638 1010 1752 1047; x_wconf 89' lang='lat' dir='ltr'>posce</span> <span class='ocrx_word' id='word_1_206' title='bbox 1777 999 1888 1036; x_wconf 89' lang='lat' dir='ltr'>nobis</span> 
     </span>
     <span class='ocr_line' id='line_1_61' title="bbox 1342 1055 1864 1104; baseline -0.004 -10"><span class='ocrx_word' id='word_1_207' title='bbox 1342 1069 1474 1094; x_wconf 88' lang='lat' dir='ltr'>munus</span> <span class='ocrx_word' id='word_1_208' title='bbox 1505 1062 1580 1094; x_wconf 87' lang='lat' dir='ltr'>tam</span> <span class='ocrx_word' id='word_1_209' title='bbox 1611 1055 1864 1104; x_wconf 85' lang='lat' dir='ltr'>magnificum,</span> 
     </span>
     <span class='ocr_line' id='line_1_62' title="bbox 1288 1118 1887 1167; baseline -0.002 -11"><span class='ocrx_word' id='word_1_210' title='bbox 1288 1119 1389 1167; x_wconf 90' lang='lat' dir='ltr'>Fac,</span> <span class='ocrx_word' id='word_1_211' title='bbox 1425 1123 1466 1156; x_wconf 91' lang='lat' dir='ltr'>ut</span> <span class='ocrx_word' id='word_1_212' title='bbox 1496 1123 1666 1167; x_wconf 86' lang='lat' dir='ltr'>praestet</span> <span class='ocrx_word' id='word_1_213' title='bbox 1695 1118 1887 1165; x_wconf 85' lang='lat' dir='ltr'>adoptatis</span> 
     </span>
     <span class='ocr_line' id='line_1_63' title="bbox 1346 1175 1810 1225; baseline 0 -13"><span class='ocrx_word' id='word_1_214' title='bbox 1346 1176 1459 1213; x_wconf 88' lang='lat' dir='ltr'>matri</span> <span class='ocrx_word' id='word_1_215' title='bbox 1490 1186 1578 1212; x_wconf 88' lang='lat' dir='ltr'>suae</span> <span class='ocrx_word' id='word_1_216' title='bbox 1608 1175 1810 1225; x_wconf 85' lang='lat' dir='ltr'>vinculum,</span> 
     </span>
     <span class='ocr_line' id='line_1_64' title="bbox 1287 1238 1883 1285; baseline -0.002 -10"><span class='ocrx_word' id='word_1_217' title='bbox 1287 1238 1345 1275; x_wconf 93' lang='lat' dir='ltr'>De</span> <span class='ocrx_word' id='word_1_218' title='bbox 1366 1249 1438 1285; x_wconf 89' lang='lat' dir='ltr'>quo</span> <span class='ocrx_word' id='word_1_219' title='bbox 1459 1239 1615 1275; x_wconf 90' lang='lat' dir='ltr'>verbum</span> <span class='ocrx_word' id='word_1_220' title='bbox 1636 1238 1883 1285; x_wconf 85' lang='lat' dir='ltr'>promulgasti</span> 
     </span>
     <span class='ocr_line' id='line_1_65' title="bbox 1191 1295 1810 1342; baseline 0 -9"><span class='ocrx_word' id='word_1_221' title='bbox 1191 1296 1257 1334; x_wconf 91' lang='lat'>50.</span> <span class='ocrx_word' id='word_1_222' title='bbox 1347 1295 1441 1332; x_wconf 88' lang='lat' dir='ltr'>nulli</span> <span class='ocrx_word' id='word_1_223' title='bbox 1471 1295 1576 1342; x_wconf 90' lang='lat' dir='ltr'>prius</span> <span class='ocrx_word' id='word_1_224' title='bbox 1609 1295 1810 1342; x_wconf 83' lang='lat' dir='ltr'>cognitum.</span> 
     </span>
     <span class='ocr_line' id='line_1_66' title="bbox 1288 1356 1731 1403; baseline -0.002 -8"><span class='ocrx_word' id='word_1_225' title='bbox 1288 1357 1317 1395; x_wconf 95' lang='grc' dir='ltr'><strong>Ο</strong></span> <span class='ocrx_word' id='word_1_226' title='bbox 1347 1356 1544 1395; x_wconf 88' lang='lat' dir='ltr'>beatitudo</span> <span class='ocrx_word' id='word_1_227' title='bbox 1576 1368 1731 1403; x_wconf 87' lang='lat' dir='ltr'>summa,</span> 
     </span>
     <span class='ocr_line' id='line_1_67' title="bbox 1344 1413 1796 1461; baseline 0.002 -11"><span class='ocrx_word' id='word_1_228' title='bbox 1344 1413 1405 1451; x_wconf 83' lang='lat' dir='ltr'>fac</span> <span class='ocrx_word' id='word_1_229' title='bbox 1434 1425 1493 1451; x_wconf 89' lang='lat' dir='ltr'>me</span> <span class='ocrx_word' id='word_1_230' title='bbox 1521 1415 1575 1450; x_wconf 90' lang='lat' dir='ltr'>tui</span> <span class='ocrx_word' id='word_1_231' title='bbox 1607 1414 1796 1461; x_wconf 89' lang='lat' dir='ltr'>cupidum,</span> 
     </span>
     <span class='ocr_line' id='line_1_68' title="bbox 1287 1476 1794 1527; baseline -0.004 -13"><span class='ocrx_word' id='word_1_232' title='bbox 1287 1476 1317 1514; x_wconf 93' lang='grc' dir='ltr'>Ο</span> <span class='ocrx_word' id='word_1_233' title='bbox 1347 1476 1484 1527; x_wconf 88' lang='lat' dir='ltr'>Maria,</span> <span class='ocrx_word' id='word_1_234' title='bbox 1519 1476 1629 1513; x_wconf 83' lang='lat' dir='ltr'>dulce</span> <span class='ocrx_word' id='word_1_235' title='bbox 1659 1486 1794 1513; x_wconf 90' lang='lat' dir='ltr'>nomen</span> 
     </span>
     <span class='ocr_line' id='line_1_69' title="bbox 1344 1533 1778 1579; baseline 0 -10"><span class='ocrx_word' id='word_1_236' title='bbox 1344 1536 1381 1569; x_wconf 89' lang='lat' dir='ltr'>et</span> <span class='ocrx_word' id='word_1_237' title='bbox 1411 1533 1778 1579; x_wconf 83' lang='lat' dir='ltr'>reverendissimum,</span> 
     </span>
     <span class='ocr_line' id='line_1_70' title="bbox 1191 1589 1772 1637; baseline -0.003 -9"><span class='ocrx_word' id='word_1_238' title='bbox 1191 1593 1257 1629; x_wconf 89' lang='lat'>55.</span> <span class='ocrx_word' id='word_1_239' title='bbox 1289 1589 1461 1637; x_wconf 89' lang='lat' dir='ltr'>Diligens</span> <span class='ocrx_word' id='word_1_240' title='bbox 1491 1594 1529 1626; x_wconf 92' lang='lat' dir='ltr'>te</span> <span class='ocrx_word' id='word_1_241' title='bbox 1561 1589 1772 1637; x_wconf 85' lang='lat' dir='ltr'>diligentes,</span> 
     </span>
     <span class='ocr_line' id='line_1_71' title="bbox 1344 1646 1782 1686; baseline 0 -4"><span class='ocrx_word' id='word_1_242' title='bbox 1344 1647 1445 1683; x_wconf 90' lang='lat' dir='ltr'>muni</span> <span class='ocrx_word' id='word_1_243' title='bbox 1477 1657 1597 1683; x_wconf 90' lang='lat' dir='ltr'>meum</span> <span class='ocrx_word' id='word_1_244' title='bbox 1630 1646 1782 1686; x_wconf 83' lang='lat' dir='ltr'>exitum.</span> 
     </span>
     <span class='ocr_line' id='line_1_72' title="bbox 1288 1704 1889 1750; baseline -0.003 -10"><span class='ocrx_word' id='word_1_245' title='bbox 1288 1704 1394 1748; x_wconf 76' lang='lat' dir='ltr'>Quia,</span> <span class='ocrx_word' id='word_1_246' title='bbox 1428 1704 1596 1750; x_wconf 89' lang='lat' dir='ltr'>quamvis</span> <span class='ocrx_word' id='word_1_247' title='bbox 1629 1713 1688 1739; x_wconf 87' lang='lat' dir='ltr'>me</span> <span class='ocrx_word' id='word_1_248' title='bbox 1713 1713 1788 1739; x_wconf 89' lang='lat' dir='ltr'>non</span> <span class='ocrx_word' id='word_1_249' title='bbox 1808 1712 1889 1739; x_wconf 89' lang='lat' dir='ltr'>esse</span> 
     </span>
     <span class='ocr_line' id='line_1_73' title="bbox 1344 1760 1717 1806; baseline -0.003 -10"><span class='ocrx_word' id='word_1_250' title='bbox 1344 1760 1459 1796; x_wconf 88' lang='lat' dir='ltr'>sciam</span> <span class='ocrx_word' id='word_1_251' title='bbox 1491 1760 1717 1806; x_wconf 89' lang='lat' dir='ltr'>operarium,</span> 
     </span>
     <span class='ocr_line' id='line_1_74' title="bbox 1289 1817 1890 1863; baseline -0.005 -9"><span class='ocrx_word' id='word_1_252' title='bbox 1289 1817 1410 1854; x_wconf 90' lang='lat' dir='ltr'>Credo</span> <span class='ocrx_word' id='word_1_253' title='bbox 1451 1821 1576 1854; x_wconf 88' lang='lat' dir='ltr'>tamen</span> <span class='ocrx_word' id='word_1_254' title='bbox 1613 1827 1682 1863; x_wconf 86' lang='lat' dir='ltr'>per</span> <span class='ocrx_word' id='word_1_255' title='bbox 1711 1821 1749 1852; x_wconf 89' lang='lat' dir='ltr'>te</span> <span class='ocrx_word' id='word_1_256' title='bbox 1779 1824 1890 1862; x_wconf 88' lang='lat' dir='ltr'>posse</span> 
     </span>
     <span class='ocr_line' id='line_1_75' title="bbox 1192 1873 1722 1912; baseline -0.002 0"><span class='ocrx_word' id='word_1_257' title='bbox 1192 1876 1256 1912; x_wconf 89' lang='lat'>60.</span> <span class='ocrx_word' id='word_1_258' title='bbox 1346 1874 1482 1910; x_wconf 89' lang='lat' dir='ltr'>mereri</span> <span class='ocrx_word' id='word_1_259' title='bbox 1515 1873 1722 1911; x_wconf 86' lang='lat' dir='ltr'>denarium.</span> 
     </span>
     <span class='ocr_line' id='line_1_76' title="bbox 1287 1931 1862 1978; baseline -0.002 -11"><span class='ocrx_word' id='word_1_260' title='bbox 1287 1931 1400 1977; x_wconf 83' lang='lat' dir='ltr'>Ecce,</span> <span class='ocrx_word' id='word_1_261' title='bbox 1432 1941 1499 1977; x_wconf 83' lang='lat' dir='ltr'>ego</span> <span class='ocrx_word' id='word_1_262' title='bbox 1531 1941 1660 1966; x_wconf 87' lang='lat' dir='ltr'>servus</span> <span class='ocrx_word' id='word_1_263' title='bbox 1691 1939 1862 1978; x_wconf 87' lang='lat' dir='ltr'>nequam,</span> 
     </span>
     <span class='ocr_line' id='line_1_77' title="bbox 1340 1987 1887 2034; baseline -0.004 -11"><span class='ocrx_word' id='word_1_264' title='bbox 1340 1987 1540 2034; x_wconf 81' lang='lat' dir='ltr'>neglegens</span> <span class='ocrx_word' id='word_1_265' title='bbox 1584 1987 1685 2024; x_wconf 89' lang='lat' dir='ltr'>ultra</span> <span class='ocrx_word' id='word_1_266' title='bbox 1725 1988 1887 2034; x_wconf 90' lang='lat' dir='ltr'>modum,</span> 
     </span>
     <span class='ocr_line' id='line_1_78' title="bbox 1288 2042 1832 2090; baseline -0.006 -9"><span class='ocrx_word' id='word_1_267' title='bbox 1288 2044 1405 2090; x_wconf 80' lang='lat' dir='ltr'>Quem</span> <span class='ocrx_word' id='word_1_268' title='bbox 1437 2043 1641 2080; x_wconf 89' lang='lat' dir='ltr'>inebriavit</span> <span class='ocrx_word' id='word_1_269' title='bbox 1672 2042 1832 2079; x_wconf 90' lang='lat' dir='ltr'>mundus</span> 
     </span>
     <span class='ocr_line' id='line_1_79' title="bbox 1344 2100 1821 2149; baseline -0.004 -12"><span class='ocrx_word' id='word_1_270' title='bbox 1344 2101 1550 2149; x_wconf 87' lang='lat' dir='ltr'>propinans</span> <span class='ocrx_word' id='word_1_271' title='bbox 1581 2100 1821 2147; x_wconf 84' lang='lat' dir='ltr'>absinthium,</span> 
     </span>
     <span class='ocr_line' id='line_1_80' title="bbox 1189 2156 1888 2203; baseline -0.007 -7"><span class='ocrx_word' id='word_1_272' title='bbox 1189 2159 1255 2196; x_wconf 80' lang='lat'>65.</span> <span class='ocrx_word' id='word_1_273' title='bbox 1288 2158 1451 2194; x_wconf 81' lang='lat' dir='ltr'>Volvens</span> <span class='ocrx_word' id='word_1_274' title='bbox 1492 2162 1611 2194; x_wconf 90' lang='lat' dir='ltr'>rotam</span> <span class='ocrx_word' id='word_1_275' title='bbox 1643 2166 1712 2203; x_wconf 90' lang='lat' dir='ltr'>per</span> <span class='ocrx_word' id='word_1_276' title='bbox 1740 2156 1888 2192; x_wconf 85' lang='lat' dir='ltr'>inanem</span> 
     </span>
     <span class='ocr_line' id='line_1_81' title="bbox 1345 2213 1761 2259; baseline -0.005 -8"><span class='ocrx_word' id='word_1_277' title='bbox 1345 2224 1517 2251; x_wconf 89' lang='lat' dir='ltr'>curarum</span> <span class='ocrx_word' id='word_1_278' title='bbox 1551 2213 1761 2259; x_wconf 64' lang='lat' dir='ltr'>circuitum,</span> 
     </span>
     <span class='ocr_line' id='line_1_82' title="bbox 1289 2271 1741 2308; baseline -0.004 0"><span class='ocrx_word' id='word_1_279' title='bbox 1289 2271 1365 2308; x_wconf 88' lang='lat' dir='ltr'>Sub</span> <span class='ocrx_word' id='word_1_280' title='bbox 1395 2271 1608 2308; x_wconf 89' lang='lat' dir='ltr'>tutitionem</span> <span class='ocrx_word' id='word_1_281' title='bbox 1642 2274 1741 2306; x_wconf 87' lang='lat' dir='ltr'>tuam</span> 
     </span>
     <span class='ocr_line' id='line_1_83' title="bbox 1343 2325 1702 2373; baseline 0 -9"><span class='ocrx_word' id='word_1_282' title='bbox 1343 2325 1442 2364; x_wconf 81' lang='lat' dir='ltr'>facio</span> <span class='ocrx_word' id='word_1_283' title='bbox 1474 2326 1702 2373; x_wconf 87' lang='lat' dir='ltr'>confugium.</span> 
     </span>
     <span class='ocr_line' id='line_1_84' title="bbox 1286 2383 1889 2430; baseline -0.003 -10"><span class='ocrx_word' id='word_1_284' title='bbox 1286 2384 1340 2421; x_wconf 88' lang='lat' dir='ltr'>Te</span> <span class='ocrx_word' id='word_1_285' title='bbox 1380 2388 1466 2430; x_wconf 87' lang='lat' dir='ltr'>post</span> <span class='ocrx_word' id='word_1_286' title='bbox 1495 2383 1615 2420; x_wconf 91' lang='lat' dir='ltr'>Deum</span> <span class='ocrx_word' id='word_1_287' title='bbox 1654 2383 1754 2420; x_wconf 87' lang='lat' dir='ltr'>vitae</span> <span class='ocrx_word' id='word_1_288' title='bbox 1784 2391 1889 2419; x_wconf 87' lang='lat' dir='ltr'>meae</span> 
     </span>
     <span class='ocr_line' id='line_1_85' title="bbox 1191 2439 1811 2487; baseline -0.006 -8"><span class='ocrx_word' id='word_1_289' title='bbox 1191 2442 1255 2479; x_wconf 87' lang='lat'>70.</span> <span class='ocrx_word' id='word_1_290' title='bbox 1343 2451 1479 2487; x_wconf 89' lang='lat' dir='ltr'>precor</span> <span class='ocrx_word' id='word_1_291' title='bbox 1511 2451 1592 2476; x_wconf 88' lang='lat' dir='ltr'>esse</span> <span class='ocrx_word' id='word_1_292' title='bbox 1623 2439 1811 2487; x_wconf 89' lang='lat' dir='ltr'>baculum,</span> 
     </span>
     <span class='ocr_line' id='line_1_86' title="bbox 1286 2497 1816 2543; baseline -0.004 -9"><span class='ocrx_word' id='word_1_293' title='bbox 1286 2497 1439 2534; x_wconf 86' lang='lat' dir='ltr'>Mollias</span> <span class='ocrx_word' id='word_1_294' title='bbox 1469 2502 1509 2533; x_wconf 89' lang='lat' dir='ltr'>ut</span> <span class='ocrx_word' id='word_1_295' title='bbox 1541 2502 1673 2534; x_wconf 86' lang='lat' dir='ltr'>sancta</span> <span class='ocrx_word' id='word_1_296' title='bbox 1703 2505 1816 2543; x_wconf 88' lang='lat' dir='ltr'>prece</span> 
     </span>
     <span class='ocr_line' id='line_1_87' title="bbox 1343 2553 1780 2599; baseline -0.005 -9"><span class='ocrx_word' id='word_1_297' title='bbox 1343 2564 1408 2590; x_wconf 91' lang='lat' dir='ltr'>cor</span> <span class='ocrx_word' id='word_1_298' title='bbox 1437 2564 1559 2590; x_wconf 88' lang='lat' dir='ltr'>meum</span> <span class='ocrx_word' id='word_1_299' title='bbox 1589 2553 1780 2599; x_wconf 84' lang='lat' dir='ltr'>lapideum</span> 
     </span>
     <span class='ocr_line' id='line_1_88' title="bbox 1287 2607 1885 2657; baseline -0.005 -9"><span class='ocrx_word' id='word_1_300' title='bbox 1287 2613 1343 2648; x_wconf 91' lang='lat' dir='ltr'>Ac</span> <span class='ocrx_word' id='word_1_301' title='bbox 1370 2610 1439 2646; x_wconf 90' lang='lat' dir='ltr'>sub</span> <span class='ocrx_word' id='word_1_302' title='bbox 1469 2611 1555 2657; x_wconf 85' lang='lat' dir='ltr'>iugo</span> <span class='ocrx_word' id='word_1_303' title='bbox 1588 2609 1728 2647; x_wconf 84' lang='lat' dir='ltr'>Christi</span> <span class='ocrx_word' id='word_1_304' title='bbox 1760 2607 1885 2646; x_wconf 87' lang='lat' dir='ltr'>frenes</span> 
     </span>
     <span class='ocr_line' id='line_1_89' title="bbox 1341 2666 1843 2712; baseline -0.006 -8"><span class='ocrx_word' id='word_1_305' title='bbox 1341 2666 1464 2704; x_wconf 78' lang='lat' dir='ltr'>fluxae</span> <span class='ocrx_word' id='word_1_306' title='bbox 1497 2667 1619 2704; x_wconf 81' lang='lat' dir='ltr'>carnis</span> <span class='ocrx_word' id='word_1_307' title='bbox 1650 2666 1843 2712; x_wconf 78' lang='lat' dir='ltr'>impetum,</span> 
     </span>
     <span class='ocr_line' id='line_1_90' title="bbox 1191 2722 1788 2770; baseline -0.007 -8"><span class='ocrx_word' id='word_1_308' title='bbox 1191 2725 1254 2762; x_wconf 68' lang='lat'>75.</span> <span class='ocrx_word' id='word_1_309' title='bbox 1289 2724 1337 2762; x_wconf 91' lang='lat' dir='ltr'>Ut</span> <span class='ocrx_word' id='word_1_310' title='bbox 1372 2724 1578 2770; x_wconf 80' lang='lat' dir='ltr'>restinguat</span> <span class='ocrx_word' id='word_1_311' title='bbox 1611 2722 1788 2759; x_wconf 87' lang='lat' dir='ltr'>salutaris</span> 
     </span>
     <span class='ocr_line' id='line_1_91' title="bbox 1341 2779 1784 2827; baseline -0.007 -10"><span class='ocrx_word' id='word_1_312' title='bbox 1341 2781 1438 2827; x_wconf 84' lang='lat' dir='ltr'>ignis</span> <span class='ocrx_word' id='word_1_313' title='bbox 1466 2781 1587 2827; x_wconf 79' lang='lat' dir='ltr'>ignem</span> <span class='ocrx_word' id='word_1_314' title='bbox 1620 2779 1784 2827; x_wconf 81' lang='lat' dir='ltr'>noxium,</span> 
     </span>
     <span class='ocr_line' id='line_1_92' title="bbox 1284 2838 1820 2883; baseline -0.006 -9"><span class='ocrx_word' id='word_1_315' title='bbox 1284 2838 1467 2883; x_wconf 89' lang='lat' dir='ltr'>Mensque</span> <span class='ocrx_word' id='word_1_316' title='bbox 1498 2841 1600 2873; x_wconf 82' lang='lat' dir='ltr'>casta</span> <span class='ocrx_word' id='word_1_317' title='bbox 1631 2840 1820 2872; x_wconf 83' lang='lat' dir='ltr'>mereatur</span> 
     </span>
     <span class='ocr_line' id='line_1_93' title="bbox 1343 2893 1785 2940; baseline 0.002 -11"><span class='ocrx_word' id='word_1_318' title='bbox 1343 2894 1516 2940; x_wconf 80' lang='lat' dir='ltr'>spiritum</span> <span class='ocrx_word' id='word_1_319' title='bbox 1548 2893 1785 2939; x_wconf 85' lang='lat' dir='ltr'>paraclitum.</span> 
     </span>
    </p>
   </div>
   <div class='ocr_carea' id='block_1_4' title="bbox 1942 0 2031 1111">
    <p class='ocr_par' dir='ltr' id='par_1_6' title="bbox 1942 0 2031 1111">
     <span class='ocr_line' id='line_1_94' title="bbox 1942 0 2031 1111; baseline 0 0"><span class='ocrx_word' id='word_1_320' title='bbox 1942 0 2031 1111; x_wconf 95' lang='lat' dir='ltr'> </span> 
     </span>
    </p>
   </div>
   <div class='ocr_carea' id='block_1_5' title="bbox 2007 1744 2011 2326">
    <p class='ocr_par' dir='ltr' id='par_1_7' title="bbox 2007 1744 2011 2326">
     <span class='ocr_line' id='line_1_95' title="bbox 2007 1744 2011 2326; baseline 0 0"><span class='ocrx_word' id='word_1_321' title='bbox 2007 1744 2011 2326; x_wconf 95' lang='lat' dir='ltr'> </span> 
     </span>
    </p>
   </div>
   <div class='ocr_carea' id='block_1_6' title="bbox 1922 2264 2031 3289">
    <p class='ocr_par' dir='ltr' id='par_1_8' title="bbox 1922 2264 2031 3289">
     <span class='ocr_line' id='line_1_96' title="bbox 1922 2264 2031 3289; baseline 0 0"><span class='ocrx_word' id='word_1_322' title='bbox 1922 2264 2031 3289; x_wconf 95' lang='lat' dir='ltr'> </span> 
     </span>
    </p>
   </div>
  </div>
 </body>
</html>
