2031 3289
887 233 943 237 —
1002 209 1083 250 516
1144 231 1197 237 —

485 324 651 362 Auribus
683 335 771 370 ergo
802 324 888 370 piis,
920 323 1038 360 oculis
1069 324 1226 370 dignare
1254 323 1410 369 serenis,

542 382 641 426 Quas
673 380 740 417 tibi
775 381 930 417 devotus
960 378 1089 427 offero,
1121 380 1257 417 mentis
1288 390 1391 427 opes.

487 437 559 474 Illa
588 437 681 473 meis
712 437 856 473 aditum
888 437 1010 482 pietas
1040 441 1103 473 tua
1134 436 1316 482 praebeat
1347 436 1395 474 ad
1428 440 1477 481 te,

542 493 645 538 Quae
676 503 863 539 nunquam
897 492 1073 538 precibus
1103 493 1208 529 novit
1238 492 1371 529 abesse
1402 492 1487 538 piis.

406 551 453 588 15
488 550 593 587 Haec
624 549 710 586 illos
741 549 882 595 oculos,
914 548 999 585 illas
1031 549 1121 585 mihi
1151 549 1321 596 porrigat
1352 559 1473 597 aures,

542 606 641 651 Quas
672 616 787 652 super
816 604 990 642 adflictos
1021 615 1170 651 semper
1198 605 1339 642 habere
1370 605 1479 644 soles.

490 663 563 699 Illa
593 672 683 698 suae
715 662 813 698 dono
846 661 1071 707 dulcedinis,
1102 661 1196 698 haec
1225 662 1314 698 mihi
1347 666 1435 698 vota

546 718 747 765 Compleat
776 717 948 764 hancque
978 718 1070 754 mihi
1102 718 1291 764 compluat
1321 717 1442 754 imbre
1471 717 1586 753 sitim.

485 775 592 812 Sicut
619 774 812 821 corporeis
840 774 961 810 merui
991 778 1055 810 tua
1084 774 1217 811 limina
1245 785 1314 821 per
1345 779 1393 822 te,

401 833 452 870 20
543 831 606 869 Sic
637 841 783 868 merear
813 830 974 877 pedibus
1007 831 1131 867 cordis
1159 830 1267 868 adire
1297 830 1431 868 Deum.

485 888 542 926 Sit
578 888 727 934 requies
758 887 867 924 labor
897 888 979 936 iste,
1013 887 1061 923 sit
1091 887 1186 924 haec
1215 887 1348 924 veniae
1378 887 1441 924 via
1471 886 1589 935 limeS,

544 945 589 981 Iu
622 944 758 990 quibus
790 943 948 992 excessi,
980 944 1070 980 lima
1101 943 1151 980 sit
1181 944 1254 981 iste
1283 943 1386 981 mihi.

357 1057 420 1098 Ep.
448 1057 542 1088 XIV.
570 1072 614 1078 -—
640 1056 745 1088 Sacro
774 1056 961 1087 conventui
987 1056 1107 1087 Sancti
1132 1055 1281 1097 Aegidii.
1309 1071 1352 1076 —
1381 1054 1502 1096 „Unde
1526 1053 1645 1086 laudes
1671 1054 1823 1085 eiusdem

265 1099 392 1143 [sancti
414 1099 567 1143 Aegidii]
585 1102 621 1132 in
639 1104 790 1133 extremo
810 1102 965 1142 margine
983 1102 1176 1142 praesentis
1194 1102 1343 1142 paginae
1361 1099 1654 1141 comprehendens
1672 1099 1824 1131 breviter

267 1158 325 1179 eas
355 1151 389 1179 et
412 1148 578 1179 deliciose
603 1146 771 1188 depingit.
820 1147 973 1186 Quorum
1000 1156 1061 1187 ego
1088 1145 1234 1177 frontem
1260 1145 1314 1176 his
1339 1145 1432 1187 apud
1449 1156 1527 1177 eum
1544 1144 1823 1186 supplicantibus

268 1194 385 1225 verbis
409 1193 570 1224 versibus
595 1191 797 1234 insignivi“.
824 1208 863 1212 -
893 1189 934 1223 10
957 1194 1104 1223 constat.
1128 1206 1171 1213 —

713 1347 795 1382 352³.
832 1347 891 1389 (9.)
931 1347 989 1382 De
1015 1347 1156 1382 sancto
1182 1347 1365 1390 Aegidio.

1112 1456 1148 1493 5.
1198 1452 1337 1490 Sanum
1368 1462 1481 1498 prece
1512 1451 1680 1498 pretiosa

1193 1509 1336 1546 Reddit
1367 1508 1502 1555 virum,
1534 1517 1643 1554 quem
1673 1508 1799 1544 virosa

1249 1564 1502 1604 Consumebat
1532 1564 1671 1612 laesio;

294 1456 328 1492 1.
376 1455 562 1500 Quantum
577 1453 885 1500 decet,quantum
898 1452 1009 1501 valet,

374 1512 521 1557 Quanto
557 1509 624 1547 Dei
658 1510 738 1546 zelo
770 1510 868 1546 calet

433 1566 594 1603 Caterva
625 1565 805 1609 fidelium,

290 1851 326 1887 [Ο

373 1623 499 1670 Digna
531 1623 644 1659 laude
676 1627 887 1670 veneretur,

375 1680 443 1718 Cui
481 1679 594 1727 digna
624 1679 706 1716 laus
739 1678 910 1727 debetur,

431 1736 590 1773 Beatum
620 1735 836 1782 Aegidium.

374 1849 448 1887 Hic
476 1848 638 1885 Athenis
670 1848 850 1885 oriundus

371 1905 511 1943 Adhuc
540 1915 633 1941 aevo
664 1908 784 1952 tener,
816 1904 977 1941 mundus

428 1963 463 1999 A
494 1961 625 1998 mundi
656 1961 827 2009 lascivia,

373 2018 476 2056 Vicit
507 2028 598 2064 opes
630 2018 845 2064 virtutibus,

375 2075 503 2113 Genus
536 2074 698 2111 excessit
728 2075 907 2122 moribus,

431 2134 606 2170 Aetatem
636 2130 805 2169 scientia.

374 2244 448 2280 Hic
481 2242 565 2281 fons
596 2244 724 2291 largae
755 2244 909 2290 pietatis

375 2301 478 2347 Opus
510 2300 596 2346 piae
626 2301 816 2347 largitatis

432 2357 598 2395 Primum
630 2367 719 2394 suae
750 2356 884 2394 tribuit

372 2413 597 2451 Sanctitatis
630 2418 904 2460 argumentum,

373 2470 477 2507 Dans
509 2480 626 2516 egeno
659 2471 934 2516 vestimentum,

427 2527 507 2573 Quo
538 2537 579 2563 se
608 2526 727 2575 magis
758 2527 893 2565 induit.

369 2639 421 2677 Ut
452 2644 688 2685 compararet
721 2639 912 2683 caelicam,

368 2696 572 2733 Terrenam
608 2695 715 2731 dedit
744 2695 922 2737 tunicam,

426 2752 553 2800 Dedit,
585 2752 698 2788 immo
729 2751 921 2797 vendidi13

369 2808 471 2844 Emit
503 2809 601 2845 enim
634 2809 842 2855 largiendo,

368 2865 473 2909 Quod
505 2875 619 2902 avare
650 2865 880 2911 possidendo

430 2921 574 2957 l'rimus
606 2921 716 2958 homo
747 2921 928 2968 perdidit.

1194 1621 1313 1659 Solvit
1345 1622 1450 1659 clave
1480 1620 1665 1658 labiorum

1192 1678 1241 1716 Et
1274 1678 1413 1715 virtute
1443 1677 1662 1714 meritorum

1248 1734 1409 1781 Captum
1440 1745 1461 1771 a
1493 1734 1700 1774 daemonio.

1136 1880 1143 1888 .
1190 1847 1333 1887 Christi
1367 1857 1478 1883 verus
1508 1847 1677 1884 imitator

1190 1904 1433 1950 Paupertatis
1463 1902 1504 1940 fit
1536 1907 1683 1940 amator

1244 1961 1294 1998 Et
1326 1960 1473 1997 relictis
1504 1959 1678 1996 omnibus

1188 2017 1309 2055 Exsul
1341 2016 1434 2064 abit,
1465 2016 1566 2054 tollit
1597 2026 1762 2062 crucem,

1188 2073 1338 2111 Mavult
1350 2073 1541 2111 Christum
1553 2073 1658 2120 sequi
1672 2072 1818 2122 ducem,

1245 2131 1361 2176 Quam
1394 2139 1570 2176 praeesse
1603 2129 1774 2175 ducibus,

1134 2275 1142 2283 .
1189 2243 1375 2280 Praedam
1407 2243 1529 2279 ventis
1559 2247 1670 2289 atque
1701 2241 1796 2278 inari

1190 2300 1307 2337 Datos
1339 2299 1459 2336 munit
1488 2299 1646 2336 salutari

1246 2357 1404 2393 Precum
1435 2355 1741 2403 propugnaculo,

1187 2413 1263 2451 Dat
1295 2412 1453 2450 salutem
1487 2411 1691 2457 destitutis⁷

1189 2470 1308 2516 Opem
1341 2469 1441 2505 vitae
1471 2468 1685 2505 constitutis

1245 2525 1383 2563 Mortis
1414 2525 1452 2561 in
1483 2524 1656 2563 articulo,

1101 2641 1137 2678 8.
1183 2639 1378 2676 Arelatem
1410 2635 1684 2679 transfretavit,

1182 2695 1256 2732 Hic
1287 2706 1309 2731 a
1340 2693 1446 2731 febre
1478 2693 1668 2731 revocavit

1238 2751 1376 2790 Filiam
1408 2750 1655 2796 Theocritae3

1181 2808 1296 2845 Fines
1327 2807 1423 2854 petit
1454 2807 1739 2853 Nemausorwn,

1184 2864 1407 2902 Gratuletur
1437 2873 1527 2910 gens
1558 2862 1741 2900 Gotorum

1239 2921 1361 2958 Tanto
1394 2919 1484 2957 felix
1516 2919 1679 2965 hospite.
