2031 3289
1041 192 1124 233 282

767 336 849 372 211.
885 337 943 380 (1).
980 337 1170 372 Precatio
1198 338 1247 372 ad
1272 338 1412 374 Deum.

536 440 607 488 Tu,
640 440 704 486 qui
736 441 783 477 de
812 441 932 477 nihilo
962 441 1142 478 mundum
1173 440 1330 478 finxisse
1360 442 1534 488 probaris
1564 464 1620 468 —
1678 477 1683 482 .

593 497 690 533 Nam
722 496 792 533 tibi
822 498 999 534 materies
1031 498 1135 535 nulla
1166 508 1305 535 coaeva
1336 497 1407 535 fuit
1436 520 1492 524 —

536 553 588 590 Et
619 557 711 589 nutu
743 551 847 590 facili
877 558 965 590 noto
996 553 1068 590 tibi
1099 559 1270 602 tempore
1301 555 1437 600 solves,

594 609 686 646 Tam
719 609 897 648 diuturne
928 610 1077 653 dehinc,
1109 621 1220 657 quam
1251 611 1357 658 prius
1384 611 1600 659 exstiteram,

533 665 742 710 Quantulus
776 665 837 702 hic
865 671 996 703 noster
1025 667 1160 704 modus
1192 670 1262 712 est,
1294 678 1367 713 quo
1398 668 1548 704 saecula
1580 667 1683 704 volvi

591 721 682 758 Cum
716 722 890 768 vitiisque
920 722 1028 760 iubes
1059 728 1214 760 strenua
1244 723 1346 760 bella
1377 724 1480 771 geri!

538 778 676 824 Regem
709 778 895 815 militibus
926 779 1094 828 propriis
1125 784 1163 816 te
1195 790 1344 825 semper
1375 780 1509 817 adesse

590 835 653 872 Ad
685 834 780 871 bene
813 837 1035 873 certandum
1066 846 1134 872 nos
1167 836 1378 882 vegetando
1409 836 1542 883 proba.

392 936 507 977 Opera
540 946 601 966 ms.
626 933 784 967 Fulberti
809 945 898 967 saec.
925 932 993 977 [12.
1021 934 1073 967 ll.
1099 937 1145 967 in.
1172 933 1220 978 et]
1247 934 1300 967 17.
1350 936 1433 968 Cod.
1459 937 1607 967 Parisin.
1635 933 1734 968 2872.
1759 936 1798 967 A.
1824 953 1869 958 —-

301 982 354 1012 De
379 981 523 1012 Villiers
548 980 607 1011 fol.
637 978 703 1012 182
715 981 745 1012 b.
772 982 810 1012 B.
835 998 880 1002 —

730 1148 812 1184 212.
846 1148 902 1190 (2).
939 1149 985 1183 In
1010 1148 1236 1183 Nativitate
1262 1148 1440 1184 Domini.

847 1253 883 1292 1.
931 1251 1075 1288 Sonent
1107 1252 1188 1298 regi
1219 1256 1308 1288 nato

934 1319 1033 1345 nova
1063 1309 1224 1354 cantica,

216 1802 244 1853 Ἀ
302 1798 373 1834 421..

301 1391 371 1428 2a.
416 1388 529 1426 Cuius
559 1393 670 1435 pater
700 1386 792 1424 fecit
1123 1387 1194 1425 2b.
1239 1387 1434 1425 Generans
1466 1388 1527 1424 hic
1557 1389 1677 1425 nescit

412 1445 549 1484 omnia.
1236 1442 1426 1493 feminam,

413 1506 534 1538 mater
565 1506 622 1537 est
1233 1500 1302 1537 illa
1333 1505 1389 1537 est

381 1558 383 1560 ’
415 1558 520 1605 virgo
552 1557 822 1596 sacratissima.
1236 1557 1317 1593 sine
1347 1557 1429 1593 viro
1460 1557 1633 1603 gravida.

302 1650 371 1686 Sa.
413 1647 594 1696 Verbum,
628 1647 744 1685 eorde
775 1647 898 1694 patris
1121 1647 1196 1686 3b.
1237 1647 1358 1685 Alvus
1390 1647 1522 1684 matris
1552 1648 1687 1694 prodit-

413 1704 579 1752 genitum
610 1710 698 1741 ante
729 1704 894 1751 saecula,
1235 1709 1477 1750 corporatum
1508 1710 1594 1750 post
1625 1709 1812 1751 tempora.

416 1795 446 1833 Ο
477 1795 574 1832 mira
599 1794 785 1843 genitura,
1121 1794 1195 1832 4b.
1238 1794 1267 1831 Ο
1299 1793 1426 1840 proles
1458 1794 1635 1841 gloriosa,

415 1863 436 1889 o
467 1851 657 1898 stupenda
687 1851 891 1888 nativitas!
1234 1851 1437 1887 humanata
1471 1850 1674 1887 divinitas!

304 1945 376 1981 5a.
418 1942 481 1979 Sic
510 1947 548 1978 te
577 1942 824 1985 naseiturum,
1125 1941 1196 1979 51).
1238 1940 1301 1978 Sic
1332 1945 1369 1977 te
1399 1940 1545 1977 oriente

415 1997 471 2035 fili
503 1998 586 2045 Dei,
1238 1997 1372 2034 laudes
1403 1997 1474 2033 tibi

418 2059 523 2092 vates
553 2060 618 2091 tuo
649 2054 750 2091 docti
1239 2057 1404 2101 cantant,
1437 2064 1570 2100 pacem
1601 2053 1718 2091 terris

416 2111 556 2159 spiritu
587 2111 775 2148 dixerant.
1194 2153 1201 2162 ·
1237 2111 1361 2157 angeli
1391 2110 1579 2148 nuntiant.

305 2204 377 2241 6a.
419 2202 621 2239 Elementa
1126 2201 1199 2240 61).
1242 2201 1380 2239 Omnes
1411 2202 1533 2238 sancti

417 2259 543 2295 vultus
575 2258 804 2304 exhilarant,
1239 2258 1447 2306 gaudentes
1477 2256 1640 2294 iubilant

307 2350 376 2387 7a.
417 2349 648 2386 Clamando:
1131 2348 1201 2387 71).
1246 2348 1376 2385 Deitas

419 2405 532 2442 Salve
563 2416 707 2452 nosque
738 2406 857 2452 salva,

1240 2405 1278 2441 in
1310 2404 1482 2450 personis
1513 2403 1626 2448 trina,

851 2487 888 2524 8.
937 2484 1112 2531 Simplex·
1137 2485 1233 2524 usia.

396 2598 499 2639 Trop.
530 2608 592 2629 ms.
618 2598 864 2629 lVintoniense
891 2606 980 2628 saec.
1010 2594 1095 2627 ¹⁰!11.
1146 2596 1229 2628 Cod.
1255 2597 1423 2627 Oxouien.
1455 2594 1550 2626 Bodl.
1576 2593 1652 2626 775.
1678 2594 1754 2626 add.
1779 2604 1868 2626 saec.

309 2642 360 2674 11.
388 2643 426 2674 A.
452 2660 495 2663 —
519 2643 623 2684 Trop.
657 2654 718 2674 ms.
747 2643 989 2674 Wintoniense
1023 2652 1113 2674 saec.
1142 2641 1191 2673 ll.
1242 2641 1312 2673 Cod
1351 2640 1437 2672 Coll.
1465 2642 1567 2681 Corp.
1593 2639 1723 2672 Christi
1745 2639 1869 2671 Canta-

307 2688 452 2726 brigien.
486 2686 563 2719 473.
598 2690 637 2720 B.
665 2705 706 2710 —
732 2689 835 2730 Trop.
870 2698 932 2718 ms
969 2688 1181 2719 Carnotense
1216 2697 1305 2718 saee.
1341 2684 1391 2717 13.
1441 2685 1523 2718 cod.
1550 2685 1706 2726 Angelic.
1739 2685 1770 2716 D
1795 2685 1826 2715 V
1849 2681 1893 2733 3¹

305 2731 408 2771 (4:35),
427 2734 463 2765 C.
482 2750 525 2754 —
543 2733 648 2765 Grad.
674 2744 735 2764 ms.
756 2734 1011 2774 Rotomagense
1029 2743 1118 2764 saec.
1139 2732 1189 2764 14.
1232 2732 1314 2764 Cod⁴
1334 2732 1482 2762 Parisin.
1501 2728 1578 2761 905.
1602 2732 1640 2761 l).
1656 2746 1698 2751 —
1717 2730 1871 2772 Sequent

309 2782 341 2808 et
371 2777 485 2818 hymn,
514 2789 574 2809 ms.
601 2779 884 2810 Emmeramense
911 2788 1001 2809 saec.
1030 2775 1116 2810 ¹⁵liss.
1165 2777 1239 2809 Clm
1276 2777 1456 2808 Monacen.
1486 2773 1612 2807 14667.
1638 2774 1679 2806 Ε.
1705 2791 1748 2796 -
1772 2775 1868 2806 Miss-

309 2834 370 2853 ms.
407 2823 670 2855 silvanectense
703 2834 792 2855 saec.
827 2822 877 2855 15.
927 2823 1009 2855 cod.
1045 2823 1321 2862 Sangenovefen.
1357 2821 1434 2853 1331.
1474 2819 1510 2851 11
1542 2820 1615 2852 Fol.
1639 2817 1740 2858 (1022.
1766 2820 1801 2852 F.
1827 2835 1870 2841 ——

308 2868 491 2945 111113317ῐέῗὲ
519 2870 773 2910 Rotomageuse
800 2880 889 2901 saec,
919 2868 968 2900 15.
1011 2869 1093 2901 (jod.
1119 2869 1244 2900 Portus
1261 2867 1404 2899 Gratiae
1429 2864 1505 2897 325.
1524 2865 1564 2897 G.
1582 2882 1626 2886 -
1651 2865 1703 2896 De
1728 2865 1869 2896 Villiers
