<?xml version="1.0" encoding="UTF-8"?>
<!DOCTYPE html PUBLIC "-//W3C//DTD XHTML 1.0 Transitional//EN"
    "http://www.w3.org/TR/xhtml1/DTD/xhtml1-transitional.dtd">
<html xmlns="http://www.w3.org/1999/xhtml" xml:lang="en" lang="en">
 <head>
  <title>
</title>
<meta http-equiv="Content-Type" content="text/html;charset=utf-8" />
  <meta name='ocr-system' content='tesseract 3.04.00' />
  <meta name='ocr-capabilities' content='ocr_page ocr_carea ocr_par ocr_line ocrx_word'/>
</head>
<body>
  <div class='ocr_page' id='page_1' title='image "./hymnographilatin01drevuoft_0479.png"; bbox 0 0 1914 3223; ppageno 0'>
   <div class='ocr_carea' id='block_1_1' title="bbox 722 168 1028 208">
    <p class='ocr_par' dir='ltr' id='par_1_1' title="bbox 722 168 1028 208">
     <span class='ocr_line' id='line_1_1' title="bbox 722 168 1028 208; baseline 0 0"><span class='ocrx_word' id='word_1_1' title='bbox 722 168 915 208; x_wconf 80' lang='lat'><strong>-473</strong></span> <span class='ocrx_word' id='word_1_2' title='bbox 982 191 1028 195; x_wconf 88' lang='lat'><em>-</em></span> 
     </span>
    </p>
   </div>
   <div class='ocr_carea' id='block_1_2' title="bbox 548 306 1197 349">
    <p class='ocr_par' dir='ltr' id='par_1_2' title="bbox 548 306 1197 349">
     <span class='ocr_line' id='line_1_2' title="bbox 548 306 1197 349; baseline 0.003 -8"><span class='ocrx_word' id='word_1_3' title='bbox 548 306 629 342; x_wconf 76' lang='lat'>455.</span> <span class='ocrx_word' id='word_1_4' title='bbox 667 307 747 349; x_wconf 70' lang='lat'>(10.)</span> <span class='ocrx_word' id='word_1_5' title='bbox 781 308 839 343; x_wconf 83' lang='lat' dir='ltr'>De</span> <span class='ocrx_word' id='word_1_6' title='bbox 866 308 1008 343; x_wconf 79' lang='lat' dir='ltr'>sancta</span> <span class='ocrx_word' id='word_1_7' title='bbox 1035 308 1197 344; x_wconf 68' lang='lat' dir='ltr'>Ursula.</span> 
     </span>
    </p>
   </div>
   <div class='ocr_carea' id='block_1_3' title="bbox 383 389 1340 664">
    <p class='ocr_par' dir='ltr' id='par_1_3' title="bbox 383 389 1340 664">
     <span class='ocr_line' id='line_1_3' title="bbox 383 389 1213 438; baseline -0.002 -10"><span class='ocrx_word' id='word_1_8' title='bbox 383 392 417 429; x_wconf 89' lang='lat'>1.</span> <span class='ocrx_word' id='word_1_9' title='bbox 451 390 570 438; x_wconf 82' lang='lat' dir='ltr'>Licet,</span> <span class='ocrx_word' id='word_1_10' title='bbox 603 401 624 426; x_wconf 93' lang='lat' dir='ltr'>o</span> <span class='ocrx_word' id='word_1_11' title='bbox 656 389 762 436; x_wconf 86' lang='lat' dir='ltr'>virgo</span> <span class='ocrx_word' id='word_1_12' title='bbox 794 390 934 428; x_wconf 82' lang='lat' dir='ltr'>Ursula</span> <span class='ocrx_word' id='word_1_13' title='bbox 965 391 1213 438; x_wconf 70' lang='lat' dir='ltr'>sanctissima.</span> 
     </span>
     <span class='ocr_line' id='line_1_4' title="bbox 454 446 1215 494; baseline -0.001 -10"><span class='ocrx_word' id='word_1_14' title='bbox 454 447 622 484; x_wconf 87' lang='lat' dir='ltr'>Terreno</span> <span class='ocrx_word' id='word_1_15' title='bbox 653 456 792 494; x_wconf 88' lang='lat' dir='ltr'>sponso</span> <span class='ocrx_word' id='word_1_16' title='bbox 824 447 1054 493; x_wconf 73' lang='lat' dir='ltr'>desponsata</span> <span class='ocrx_word' id='word_1_17' title='bbox 1087 446 1215 494; x_wconf 84' lang='lat' dir='ltr'>fucris,</span> 
     </span>
     <span class='ocr_line' id='line_1_5' title="bbox 451 502 1251 549; baseline -0.001 -9"><span class='ocrx_word' id='word_1_18' title='bbox 451 502 514 540; x_wconf 89' lang='lat' dir='ltr'>Ad</span> <span class='ocrx_word' id='word_1_19' title='bbox 546 508 629 540; x_wconf 84' lang='lat' dir='ltr'>tuas</span> <span class='ocrx_word' id='word_1_20' title='bbox 662 507 787 540; x_wconf 82' lang='lat' dir='ltr'>tamen</span> <span class='ocrx_word' id='word_1_21' title='bbox 819 508 853 538; x_wconf 87' lang='lat' dir='ltr'>et</span> <span class='ocrx_word' id='word_1_22' title='bbox 887 503 1070 549; x_wconf 82' lang='lat' dir='ltr'>virginum</span> <span class='ocrx_word' id='word_1_23' title='bbox 1105 510 1251 540; x_wconf 80' lang='lat' dir='ltr'>tuarum</span> 
     </span>
     <span class='ocr_line' id='line_1_6' title="bbox 448 559 1323 605; baseline -0.001 -9"><span class='ocrx_word' id='word_1_24' title='bbox 448 560 587 596; x_wconf 80' lang='lat' dir='ltr'>Preces</span> <span class='ocrx_word' id='word_1_25' title='bbox 616 559 831 605; x_wconf 84' lang='lat' dir='ltr'>intendeuS,</span> <span class='ocrx_word' id='word_1_26' title='bbox 863 570 1022 605; x_wconf 85' lang='lat' dir='ltr'>sponsus</span> <span class='ocrx_word' id='word_1_27' title='bbox 1054 560 1118 596; x_wconf 87' lang='lat' dir='ltr'>ille</span> <span class='ocrx_word' id='word_1_28' title='bbox 1151 560 1323 602; x_wconf 81' lang='lat' dir='ltr'>caelicus,</span> 
     </span>
     <span class='ocr_line' id='line_1_7' title="bbox 448 615 1340 664; baseline 0 -10"><span class='ocrx_word' id='word_1_29' title='bbox 448 618 554 654; x_wconf 86' lang='lat' dir='ltr'>Iesus</span> <span class='ocrx_word' id='word_1_30' title='bbox 586 616 669 664; x_wconf 90' lang='lat' dir='ltr'>plus</span> <span class='ocrx_word' id='word_1_31' title='bbox 702 615 822 663; x_wconf 73' lang='lat' dir='ltr'>vobis⁷</span> <span class='ocrx_word' id='word_1_32' title='bbox 855 627 964 662; x_wconf 84' lang='lat' dir='ltr'>quam</span> <span class='ocrx_word' id='word_1_33' title='bbox 996 616 1159 663; x_wconf 86' lang='lat' dir='ltr'>petistis,</span> <span class='ocrx_word' id='word_1_34' title='bbox 1195 616 1340 655; x_wconf 83' lang='lat' dir='ltr'>tribuit.</span> 
     </span>
    </p>
   </div>
   <div class='ocr_carea' id='block_1_4' title="bbox 384 701 1456 975">
    <p class='ocr_par' dir='ltr' id='par_1_4' title="bbox 384 701 1456 975">
     <span class='ocr_line' id='line_1_8' title="bbox 384 701 1183 750; baseline -0.001 -11"><span class='ocrx_word' id='word_1_35' title='bbox 384 703 421 741; x_wconf 86' lang='lat'>2.</span> <span class='ocrx_word' id='word_1_36' title='bbox 453 701 521 748; x_wconf 81' lang='lat' dir='ltr'>Qui</span> <span class='ocrx_word' id='word_1_37' title='bbox 554 702 692 738; x_wconf 89' lang='lat' dir='ltr'>nedum</span> <span class='ocrx_word' id='word_1_38' title='bbox 724 701 762 737; x_wconf 91' lang='lat' dir='ltr'>in</span> <span class='ocrx_word' id='word_1_39' title='bbox 793 701 970 738; x_wconf 87' lang='lat' dir='ltr'>castitate</span> <span class='ocrx_word' id='word_1_40' title='bbox 1001 701 1183 750; x_wconf 85' lang='lat' dir='ltr'>virginea,</span> 
     </span>
     <span class='ocr_line' id='line_1_9' title="bbox 454 757 1282 806; baseline -0.002 -11"><span class='ocrx_word' id='word_1_41' title='bbox 454 759 527 796; x_wconf 90' lang='lat' dir='ltr'>Pro</span> <span class='ocrx_word' id='word_1_42' title='bbox 559 769 632 805; x_wconf 82' lang='lat' dir='ltr'>qua</span> <span class='ocrx_word' id='word_1_43' title='bbox 663 757 825 806; x_wconf 80' lang='lat' dir='ltr'>petistis,</span> <span class='ocrx_word' id='word_1_44' title='bbox 859 757 1039 803; x_wconf 87' lang='lat' dir='ltr'>servavit,</span> <span class='ocrx_word' id='word_1_45' title='bbox 1072 757 1140 794; x_wconf 86' lang='lat' dir='ltr'>sed</span> <span class='ocrx_word' id='word_1_46' title='bbox 1171 758 1282 794; x_wconf 85' lang='lat' dir='ltr'>etiam</span> 
     </span>
     <span class='ocr_line' id='line_1_10' title="bbox 454 814 1316 861; baseline -0.002 -9"><span class='ocrx_word' id='word_1_47' title='bbox 454 814 517 852; x_wconf 92' lang='lat' dir='ltr'>Ad</span> <span class='ocrx_word' id='word_1_48' title='bbox 550 815 712 861; x_wconf 82' lang='lat' dir='ltr'>palmam</span> <span class='ocrx_word' id='word_1_49' title='bbox 746 817 890 850; x_wconf 85' lang='lat' dir='ltr'>vosmet</span> <span class='ocrx_word' id='word_1_50' title='bbox 920 814 1098 860; x_wconf 84' lang='lat' dir='ltr'>perduxit</span> <span class='ocrx_word' id='word_1_51' title='bbox 1130 814 1316 860; x_wconf 66' lang='lat' dir='ltr'>martyrii,</span> 
     </span>
     <span class='ocr_line' id='line_1_11' title="bbox 451 870 1219 918; baseline -0.003 -10"><span class='ocrx_word' id='word_1_52' title='bbox 451 872 691 917; x_wconf 83' lang='lat' dir='ltr'>Quapropter</span> <span class='ocrx_word' id='word_1_53' title='bbox 722 880 830 907; x_wconf 85' lang='lat' dir='ltr'>nemo</span> <span class='ocrx_word' id='word_1_54' title='bbox 859 870 1035 908; x_wconf 86' lang='lat' dir='ltr'>dubitare</span> <span class='ocrx_word' id='word_1_55' title='bbox 1066 871 1219 918; x_wconf 80' lang='lat' dir='ltr'>poterit,</span> 
     </span>
     <span class='ocr_line' id='line_1_12' title="bbox 450 927 1456 975; baseline 0 -11"><span class='ocrx_word' id='word_1_56' title='bbox 450 927 547 974; x_wconf 80' lang='lat' dir='ltr'>Quin</span> <span class='ocrx_word' id='word_1_57' title='bbox 579 937 713 974; x_wconf 82' lang='lat' dir='ltr'>preces</span> <span class='ocrx_word' id='word_1_58' title='bbox 746 931 895 964; x_wconf 87' lang='lat' dir='ltr'>vestrae</span> <span class='ocrx_word' id='word_1_59' title='bbox 926 928 1001 964; x_wconf 89' lang='lat' dir='ltr'>sint</span> <span class='ocrx_word' id='word_1_60' title='bbox 1032 927 1259 975; x_wconf 86' lang='lat' dir='ltr'>permultum</span> <span class='ocrx_word' id='word_1_61' title='bbox 1295 928 1456 966; x_wconf 75' lang='lat' dir='ltr'>validae.</span> 
     </span>
    </p>
   </div>
   <div class='ocr_carea' id='block_1_5' title="bbox 381 1012 1298 1286">
    <p class='ocr_par' dir='ltr' id='par_1_5' title="bbox 381 1012 1181 1059">
     <span class='ocr_line' id='line_1_13' title="bbox 381 1012 1181 1059; baseline -0.004 -8"><span class='ocrx_word' id='word_1_62' title='bbox 381 1015 416 1051; x_wconf 99' lang='lat'><strong>3</strong></span> <span class='ocrx_word' id='word_1_63' title='bbox 451 1013 619 1050; x_wconf 76' lang='lat' dir='ltr'>Petimus</span> <span class='ocrx_word' id='word_1_64' title='bbox 651 1023 754 1059; x_wconf 87' lang='lat' dir='ltr'>ergo,</span> <span class='ocrx_word' id='word_1_65' title='bbox 786 1022 808 1048; x_wconf 96' lang='lat' dir='ltr'>o</span> <span class='ocrx_word' id='word_1_66' title='bbox 839 1015 986 1058; x_wconf 70' lang='lat' dir='ltr'>martyr</span> <span class='ocrx_word' id='word_1_67' title='bbox 1017 1012 1181 1058; x_wconf 79' lang='lat' dir='ltr'>egregia,</span> 
     </span>
    </p>

    <p class='ocr_par' dir='ltr' id='par_1_6' title="bbox 414 1068 1298 1286">
     <span class='ocr_line' id='line_1_14' title="bbox 414 1068 1298 1116; baseline -0.001 -10"><span class='ocrx_word' id='word_1_68' title='bbox 414 1085 422 1107; x_wconf 87' lang='lat'>·.</span> <span class='ocrx_word' id='word_1_69' title='bbox 451 1069 526 1106; x_wconf 90' lang='lat' dir='ltr'>Pro</span> <span class='ocrx_word' id='word_1_70' title='bbox 557 1068 666 1106; x_wconf 85' lang='lat' dir='ltr'>nobis</span> <span class='ocrx_word' id='word_1_71' title='bbox 698 1068 747 1105; x_wconf 87' lang='lat' dir='ltr'>ad</span> <span class='ocrx_word' id='word_1_72' title='bbox 778 1068 914 1116; x_wconf 89' lang='lat' dir='ltr'>Deum,</span> <span class='ocrx_word' id='word_1_73' title='bbox 946 1072 1105 1115; x_wconf 79' lang='lat' dir='ltr'>tuaeque</span> <span class='ocrx_word' id='word_1_74' title='bbox 1136 1068 1298 1113; x_wconf 77' lang='lat' dir='ltr'>sodales⁷</span> 
     </span>
     <span class='ocr_line' id='line_1_15' title="bbox 445 1125 1295 1173; baseline -0.001 -11"><span class='ocrx_word' id='word_1_75' title='bbox 445 1125 611 1162; x_wconf 74' lang='lat' dir='ltr'>Fumiite</span> <span class='ocrx_word' id='word_1_76' title='bbox 642 1134 789 1172; x_wconf 84' lang='lat' dir='ltr'>preceS‚</span> <span class='ocrx_word' id='word_1_77' title='bbox 822 1125 923 1172; x_wconf 91' lang='lat' dir='ltr'>quod</span> <span class='ocrx_word' id='word_1_78' title='bbox 954 1126 1083 1162; x_wconf 83' lang='lat' dir='ltr'>taliter</span> <span class='ocrx_word' id='word_1_79' title='bbox 1113 1125 1295 1173; x_wconf 85' lang='lat' dir='ltr'>vivamus,</span> 
     </span>
     <span class='ocr_line' id='line_1_16' title="bbox 453 1181 1255 1228; baseline -0.002 -8"><span class='ocrx_word' id='word_1_80' title='bbox 453 1183 505 1220; x_wconf 89' lang='lat' dir='ltr'>Ut</span> <span class='ocrx_word' id='word_1_81' title='bbox 538 1186 622 1228; x_wconf 76' lang='lat' dir='ltr'>post.</span> <span class='ocrx_word' id='word_1_82' title='bbox 654 1183 751 1219; x_wconf 80' lang='lat' dir='ltr'>hauc</span> <span class='ocrx_word' id='word_1_83' title='bbox 781 1181 899 1219; x_wconf 86' lang='lat' dir='ltr'>vitam</span> <span class='ocrx_word' id='word_1_84' title='bbox 930 1192 1143 1218; x_wconf 87' lang='lat' dir='ltr'>mereamur</span> <span class='ocrx_word' id='word_1_85' title='bbox 1172 1181 1255 1218; x_wconf 84' lang='lat' dir='ltr'>fieri</span> 
     </span>
     <span class='ocr_line' id='line_1_17' title="bbox 452 1238 1252 1286; baseline -0.001 -11"><span class='ocrx_word' id='word_1_86' title='bbox 452 1239 636 1276; x_wconf 85' lang='lat' dir='ltr'>Caelestis</span> <span class='ocrx_word' id='word_1_87' title='bbox 669 1238 776 1286; x_wconf 85' lang='lat' dir='ltr'>regni</span> <span class='ocrx_word' id='word_1_88' title='bbox 807 1238 1000 1275; x_wconf 84' lang='lat' dir='ltr'>vobiscum</span> <span class='ocrx_word' id='word_1_89' title='bbox 1031 1238 1252 1285; x_wconf 80' lang='lat' dir='ltr'>participes.</span> 
     </span>
    </p>
   </div>
   <div class='ocr_carea' id='block_1_6' title="bbox 97 1320 1664 1414">
    <p class='ocr_par' dir='ltr' id='par_1_7' title="bbox 97 1320 1664 1414">
     <span class='ocr_line' id='line_1_18' title="bbox 185 1320 1664 1356; baseline -0.001 0"><span class='ocrx_word' id='word_1_90' title='bbox 185 1324 327 1356; x_wconf 87' lang='lat' dir='ltr'>Collect.</span> <span class='ocrx_word' id='word_1_91' title='bbox 353 1335 415 1355; x_wconf 85' lang='lat' dir='ltr'>ms.</span> <span class='ocrx_word' id='word_1_92' title='bbox 442 1323 704 1354; x_wconf 86' lang='lat' dir='ltr'>Lunaelacense</span> <span class='ocrx_word' id='word_1_93' title='bbox 730 1333 819 1354; x_wconf 86' lang='lat' dir='ltr'>saec.</span> <span class='ocrx_word' id='word_1_94' title='bbox 849 1320 900 1354; x_wconf 88' lang='lat'>15.</span> <span class='ocrx_word' id='word_1_95' title='bbox 942 1322 1024 1354; x_wconf 83' lang='lat' dir='ltr'>cod.</span> <span class='ocrx_word' id='word_1_96' title='bbox 1050 1322 1283 1354; x_wconf 85' lang='lat' dir='ltr'>Vindobonen</span> <span class='ocrx_word' id='word_1_97' title='bbox 1308 1320 1407 1354; x_wconf 81' lang='grc'><strong>3604.</strong></span> <span class='ocrx_word' id='word_1_98' title='bbox 1434 1340 1478 1344; x_wconf 89' lang='lat'>—</span> <span class='ocrx_word' id='word_1_99' title='bbox 1499 1322 1529 1354; x_wconf 72' lang='lat'>2.</span> <span class='ocrx_word' id='word_1_100' title='bbox 1555 1322 1576 1355; x_wconf 75' lang='lat'><strong>3</strong></span> <span class='ocrx_word' id='word_1_101' title='bbox 1601 1334 1664 1355; x_wconf 75' lang='lat' dir='ltr'>vos</span> 
     </span>
     <span class='ocr_line' id='line_1_19' title="bbox 97 1366 1187 1414; baseline -0.005 -11"><span class='ocrx_word' id='word_1_102' title='bbox 97 1370 273 1414; x_wconf 85' lang='lat' dir='ltr'>perduxet.</span> <span class='ocrx_word' id='word_1_103' title='bbox 299 1386 343 1391; x_wconf 88' lang='lat'>—-·</span> <span class='ocrx_word' id='word_1_104' title='bbox 368 1368 536 1401; x_wconf 67' lang='lat' dir='ltr'>Erwiihnt</span> <span class='ocrx_word' id='word_1_105' title='bbox 562 1379 631 1400; x_wconf 89' lang='lat' dir='ltr'>von</span> <span class='ocrx_word' id='word_1_106' title='bbox 656 1369 796 1401; x_wconf 85' lang='lat' dir='ltr'>Staufer</span> <span class='ocrx_word' id='word_1_107' title='bbox 822 1368 845 1399; x_wconf 92' lang='lat' dir='ltr'>l.</span> <span class='ocrx_word' id='word_1_108' title='bbox 870 1380 898 1400; x_wconf 88' lang='lat' dir='ltr'>c.</span> <span class='ocrx_word' id='word_1_109' title='bbox 924 1372 1027 1400; x_wconf 84' lang='lat' dir='ltr'>unter</span> <span class='ocrx_word' id='word_1_110' title='bbox 1051 1369 1109 1400; x_wconf 65' lang='grc' dir='ltr'>ΝΥ.</span> <span class='ocrx_word' id='word_1_111' title='bbox 1134 1366 1187 1400; x_wconf 77' lang='grc'>31.</span> 
     </span>
    </p>
   </div>
   <div class='ocr_carea' id='block_1_7' title="bbox 132 1513 1619 1615">
    <p class='ocr_par' dir='ltr' id='par_1_8' title="bbox 132 1513 1619 1615">
     <span class='ocr_line' id='line_1_20' title="bbox 132 1513 1619 1558; baseline -0.001 -7"><span class='ocrx_word' id='word_1_112' title='bbox 132 1515 215 1551; x_wconf 74' lang='lat'>456.</span> <span class='ocrx_word' id='word_1_113' title='bbox 250 1515 331 1557; x_wconf 92' lang='grc'>(11.)</span> <span class='ocrx_word' id='word_1_114' title='bbox 367 1514 510 1551; x_wconf 82' lang='lat' dir='ltr'>Oratio</span> <span class='ocrx_word' id='word_1_115' title='bbox 536 1514 583 1549; x_wconf 80' lang='lat' dir='ltr'>(le</span> <span class='ocrx_word' id='word_1_116' title='bbox 612 1514 741 1549; x_wconf 81' lang='lat' dir='ltr'>Beata</span> <span class='ocrx_word' id='word_1_117' title='bbox 766 1514 932 1557; x_wconf 85' lang='lat' dir='ltr'>Virgine</span> <span class='ocrx_word' id='word_1_118' title='bbox 958 1513 1125 1549; x_wconf 80' lang='lat' dir='ltr'>metrice</span> <span class='ocrx_word' id='word_1_119' title='bbox 1152 1524 1201 1548; x_wconf 86' lang='lat' dir='ltr'>ex</span> <span class='ocrx_word' id='word_1_120' title='bbox 1226 1514 1408 1549; x_wconf 85' lang='lat' dir='ltr'>undecim</span> <span class='ocrx_word' id='word_1_121' title='bbox 1433 1513 1619 1558; x_wconf 73' lang='lat' dir='ltr'>partibus</span> 
     </span>
     <span class='ocr_line' id='line_1_21' title="bbox 284 1570 1471 1615; baseline -0.001 -8"><span class='ocrx_word' id='word_1_122' title='bbox 284 1580 470 1607; x_wconf 78' lang='lat' dir='ltr'>versuum</span> <span class='ocrx_word' id='word_1_123' title='bbox 496 1570 745 1615; x_wconf 83' lang='lat' dir='ltr'>totidemque</span> <span class='ocrx_word' id='word_1_124' title='bbox 770 1571 987 1614; x_wconf 85' lang='lat' dir='ltr'>generibus</span> <span class='ocrx_word' id='word_1_125' title='bbox 1012 1572 1234 1606; x_wconf 82' lang='lat' dir='ltr'>metrorum</span> <span class='ocrx_word' id='word_1_126' title='bbox 1261 1571 1471 1607; x_wconf 81' lang='lat' dir='ltr'>contexta.</span> 
     </span>
    </p>
   </div>
   <div class='ocr_carea' id='block_1_8' title="bbox 394 1653 1359 1758">
    <p class='ocr_par' dir='ltr' id='par_1_9' title="bbox 394 1653 1359 1758">
     <span class='ocr_line' id='line_1_22' title="bbox 395 1653 1260 1704; baseline -0.002 -12"><span class='ocrx_word' id='word_1_127' title='bbox 395 1655 516 1693; x_wconf 85' lang='lat' dir='ltr'>Orans</span> <span class='ocrx_word' id='word_1_128' title='bbox 549 1654 722 1700; x_wconf 77' lang='lat' dir='ltr'>exposcit</span> <span class='ocrx_word' id='word_1_129' title='bbox 753 1666 775 1691; x_wconf 89' lang='lat' dir='ltr'>a</span> <span class='ocrx_word' id='word_1_130' title='bbox 806 1657 843 1690; x_wconf 88' lang='lat' dir='ltr'>te</span> <span class='ocrx_word' id='word_1_131' title='bbox 874 1654 950 1704; x_wconf 86' lang='lat' dir='ltr'>qui,</span> <span class='ocrx_word' id='word_1_132' title='bbox 984 1653 1091 1702; x_wconf 84' lang='lat' dir='ltr'>virgo</span> <span class='ocrx_word' id='word_1_133' title='bbox 1123 1654 1260 1702; x_wconf 85' lang='lat' dir='ltr'>Maria,</span> 
     </span>
     <span class='ocr_line' id='line_1_23' title="bbox 394 1710 1359 1758; baseline 0 -10"><span class='ocrx_word' id='word_1_134' title='bbox 394 1711 542 1748; x_wconf 88' lang='lat' dir='ltr'>Nomen</span> <span class='ocrx_word' id='word_1_135' title='bbox 573 1715 611 1748; x_wconf 89' lang='lat' dir='ltr'>et</span> <span class='ocrx_word' id='word_1_136' title='bbox 640 1711 762 1758; x_wconf 90' lang='lat' dir='ltr'>ipsius</span> <span class='ocrx_word' id='word_1_137' title='bbox 790 1710 893 1748; x_wconf 86' lang='lat' dir='ltr'>infra</span> <span class='ocrx_word' id='word_1_138' title='bbox 924 1711 1103 1748; x_wconf 88' lang='lat' dir='ltr'>versiculi</span> <span class='ocrx_word' id='word_1_139' title='bbox 1135 1714 1359 1748; x_wconf 83' lang='lat' dir='ltr'>monstrant.</span> 
     </span>
    </p>
   </div>
   <div class='ocr_carea' id='block_1_9' title="bbox 261 1801 1371 1963">
    <p class='ocr_par' dir='ltr' id='par_1_10' title="bbox 261 1801 1371 1963">
     <span class='ocr_line' id='line_1_24' title="bbox 482 1801 971 1850; baseline 0.004 -12"><span class='ocrx_word' id='word_1_140' title='bbox 482 1801 710 1850; x_wconf 73' lang='lat' dir='ltr'>Dactylicus</span> <span class='ocrx_word' id='word_1_141' title='bbox 741 1802 971 1841; x_wconf 69' lang='lat' dir='ltr'>disiunctus.</span> 
     </span>
     <span class='ocr_line' id='line_1_25' title="bbox 261 1854 1339 1906; baseline -0.002 -9"><span class='ocrx_word' id='word_1_142' title='bbox 261 1859 297 1897; x_wconf 91' lang='lat'>1.</span> <span class='ocrx_word' id='word_1_143' title='bbox 329 1854 492 1897; x_wconf 87' lang='lat' dir='ltr'>Florida</span> <span class='ocrx_word' id='word_1_144' title='bbox 522 1859 682 1906; x_wconf 85' lang='lat' dir='ltr'>virgula,</span> <span class='ocrx_word' id='word_1_145' title='bbox 715 1859 860 1906; x_wconf 81' lang='lat' dir='ltr'>pellere</span> <span class='ocrx_word' id='word_1_146' title='bbox 890 1858 1005 1896; x_wconf 84' lang='lat' dir='ltr'>noxia</span> <span class='ocrx_word' id='word_1_147' title='bbox 1037 1858 1186 1905; x_wconf 84' lang='lat' dir='ltr'>singula</span> <span class='ocrx_word' id='word_1_148' title='bbox 1217 1868 1339 1905; x_wconf 80' lang='lat' dir='ltr'>cures,</span> 
     </span>
     <span class='ocr_line' id='line_1_26' title="bbox 327 1911 1371 1963; baseline 0 -9"><span class='ocrx_word' id='word_1_149' title='bbox 327 1911 449 1962; x_wconf 82' lang='lat' dir='ltr'>Regia</span> <span class='ocrx_word' id='word_1_150' title='bbox 480 1915 611 1963; x_wconf 84' lang='lat' dir='ltr'>gloria,</span> <span class='ocrx_word' id='word_1_151' title='bbox 644 1916 793 1953; x_wconf 85' lang='lat' dir='ltr'>solvere</span> <span class='ocrx_word' id='word_1_152' title='bbox 824 1916 975 1953; x_wconf 86' lang='lat' dir='ltr'>vincula</span> <span class='ocrx_word' id='word_1_153' title='bbox 1002 1916 1167 1962; x_wconf 84' lang='lat' dir='ltr'>pessima</span> <span class='ocrx_word' id='word_1_154' title='bbox 1197 1925 1371 1962; x_wconf 78' lang='lat' dir='ltr'>quaeras,</span> 
     </span>
    </p>
   </div>
   <div class='ocr_carea' id='block_1_10' title="bbox 259 1995 1347 2158">
    <p class='ocr_par' dir='ltr' id='par_1_11' title="bbox 259 1995 1347 2158">
     <span class='ocr_line' id='line_1_27' title="bbox 479 1995 979 2043; baseline 0.006 -11"><span class='ocrx_word' id='word_1_155' title='bbox 479 1995 708 2043; x_wconf 77' lang='lat' dir='ltr'>Dactylicus</span> <span class='ocrx_word' id='word_1_156' title='bbox 741 1995 979 2036; x_wconf 71' lang='lat' dir='ltr'>coniunctus.</span> 
     </span>
     <span class='ocr_line' id='line_1_28' title="bbox 259 2047 1347 2101; baseline -0.002 -11"><span class='ocrx_word' id='word_1_157' title='bbox 259 2053 296 2090; x_wconf 89' lang='lat'>2.</span> <span class='ocrx_word' id='word_1_158' title='bbox 327 2047 455 2099; x_wconf 88' lang='lat' dir='ltr'>Atque</span> <span class='ocrx_word' id='word_1_159' title='bbox 485 2052 558 2089; x_wconf 89' lang='lat' dir='ltr'>Dei</span> <span class='ocrx_word' id='word_1_160' title='bbox 589 2053 754 2099; x_wconf 83' lang='lat' dir='ltr'>genitrix</span> <span class='ocrx_word' id='word_1_161' title='bbox 785 2052 860 2101; x_wconf 84' lang='lat' dir='ltr'>pia,</span> <span class='ocrx_word' id='word_1_162' title='bbox 893 2052 1000 2099; x_wconf 86' lang='lat' dir='ltr'>virgo</span> <span class='ocrx_word' id='word_1_163' title='bbox 1031 2062 1178 2096; x_wconf 85' lang='lat' dir='ltr'>serena,</span> <span class='ocrx_word' id='word_1_164' title='bbox 1210 2051 1347 2099; x_wconf 83' lang='lat' dir='ltr'>Maria,</span> 
     </span>
     <span class='ocr_line' id='line_1_29' title="bbox 329 2104 1342 2158; baseline 0.001 -13"><span class='ocrx_word' id='word_1_165' title='bbox 329 2104 438 2146; x_wconf 85' lang='lat' dir='ltr'>Tunc</span> <span class='ocrx_word' id='word_1_166' title='bbox 471 2113 604 2156; x_wconf 87' lang='lat' dir='ltr'>rogata</span> <span class='ocrx_word' id='word_1_167' title='bbox 636 2109 745 2146; x_wconf 79' lang='lat' dir='ltr'>dabis</span> <span class='ocrx_word' id='word_1_168' title='bbox 777 2107 956 2146; x_wconf 83' lang='lat' dir='ltr'>famulari</span> <span class='ocrx_word' id='word_1_169' title='bbox 989 2112 1125 2158; x_wconf 84' lang='lat' dir='ltr'>parata</span> <span class='ocrx_word' id='word_1_170' title='bbox 1155 2108 1342 2147; x_wconf 82' lang='lat' dir='ltr'>ministro.</span> 
     </span>
    </p>
   </div>
   <div class='ocr_carea' id='block_1_11' title="bbox 289 2187 1459 2349">
    <p class='ocr_par' dir='ltr' id='par_1_12' title="bbox 289 2187 1459 2349">
     <span class='ocr_line' id='line_1_30' title="bbox 480 2187 883 2236; baseline 0.007 -11"><span class='ocrx_word' id='word_1_171' title='bbox 480 2187 708 2236; x_wconf 74' lang='lat' dir='ltr'>Dactylicus</span> <span class='ocrx_word' id='word_1_172' title='bbox 739 2191 883 2228; x_wconf 72' lang='lat' dir='ltr'>neuter.</span> 
     </span>
     <span class='ocr_line' id='line_1_31' title="bbox 289 2239 1459 2294; baseline -0.002 -12"><span class='ocrx_word' id='word_1_173' title='bbox 289 2273 298 2282; x_wconf 88' lang='lat'><strong>.</strong></span> <span class='ocrx_word' id='word_1_174' title='bbox 331 2239 406 2291; x_wconf 83' lang='lat' dir='ltr'>En,</span> <span class='ocrx_word' id='word_1_175' title='bbox 438 2243 508 2281; x_wconf 88' lang='lat' dir='ltr'>tibi</span> <span class='ocrx_word' id='word_1_176' title='bbox 540 2245 726 2291; x_wconf 83' lang='lat' dir='ltr'>supplico,</span> <span class='ocrx_word' id='word_1_177' title='bbox 758 2255 830 2289; x_wconf 87' lang='lat' dir='ltr'>me,</span> <span class='ocrx_word' id='word_1_178' title='bbox 859 2245 935 2291; x_wconf 84' lang='lat' dir='ltr'>pia,</span> <span class='ocrx_word' id='word_1_179' title='bbox 967 2244 1139 2294; x_wconf 85' lang='lat' dir='ltr'>pacifica,</span> <span class='ocrx_word' id='word_1_180' title='bbox 1173 2255 1272 2293; x_wconf 79' lang='lat' dir='ltr'>rege,</span> <span class='ocrx_word' id='word_1_181' title='bbox 1307 2243 1459 2289; x_wconf 83' lang='lat' dir='ltr'>munda,</span> 
     </span>
     <span class='ocr_line' id='line_1_32' title="bbox 331 2297 1438 2349; baseline 0 -11"><span class='ocrx_word' id='word_1_182' title='bbox 331 2297 509 2349; x_wconf 86' lang='lat' dir='ltr'>Respice,</span> <span class='ocrx_word' id='word_1_183' title='bbox 541 2312 636 2348; x_wconf 85' lang='lat' dir='ltr'>quae</span> <span class='ocrx_word' id='word_1_184' title='bbox 669 2302 805 2348; x_wconf 79' lang='lat' dir='ltr'>patior,</span> <span class='ocrx_word' id='word_1_185' title='bbox 840 2302 930 2338; x_wconf 89' lang='lat' dir='ltr'>mihi</span> <span class='ocrx_word' id='word_1_186' title='bbox 959 2301 1130 2346; x_wconf 73' lang='lat' dir='ltr'>subveni,</span> <span class='ocrx_word' id='word_1_187' title='bbox 1163 2302 1270 2347; x_wconf 82' lang='lat' dir='ltr'>virgo</span> <span class='ocrx_word' id='word_1_188' title='bbox 1302 2300 1438 2338; x_wconf 84' lang='lat' dir='ltr'>Maria.</span> 
     </span>
    </p>
   </div>
   <div class='ocr_carea' id='block_1_12' title="bbox 262 2245 284 2282">
    <p class='ocr_par' dir='ltr' id='par_1_13' title="bbox 262 2245 284 2282">
     <span class='ocr_line' id='line_1_33' title="bbox 262 2245 284 2282; textangle 90"><span class='ocrx_word' id='word_1_189' title='bbox 262 2245 284 2282; x_wconf 75' lang='lat'>02</span> 
     </span>
    </p>
   </div>
   <div class='ocr_carea' id='block_1_13' title="bbox 259 2380 1374 2540">
    <p class='ocr_par' dir='ltr' id='par_1_14' title="bbox 259 2380 1374 2540">
     <span class='ocr_line' id='line_1_34' title="bbox 479 2380 694 2420; baseline 0.014 -3"><span class='ocrx_word' id='word_1_190' title='bbox 479 2380 694 2420; x_wconf 69' lang='lat' dir='ltr'>LeoninuS.</span> 
     </span>
     <span class='ocr_line' id='line_1_35' title="bbox 259 2432 1374 2484; baseline -0.003 -9"><span class='ocrx_word' id='word_1_191' title='bbox 259 2438 297 2475; x_wconf 90' lang='lat'>4.</span> <span class='ocrx_word' id='word_1_192' title='bbox 330 2432 485 2483; x_wconf 82' lang='lat' dir='ltr'>Iamque</span> <span class='ocrx_word' id='word_1_193' title='bbox 515 2437 580 2482; x_wconf 89' lang='lat' dir='ltr'>sis,</span> <span class='ocrx_word' id='word_1_194' title='bbox 613 2448 634 2474; x_wconf 93' lang='lat'>0</span> <span class='ocrx_word' id='word_1_195' title='bbox 665 2437 755 2473; x_wconf 90' lang='lat' dir='ltr'>vitis</span> <span class='ocrx_word' id='word_1_196' title='bbox 786 2435 936 2483; x_wconf 86' lang='lat' dir='ltr'>florida,</span> <span class='ocrx_word' id='word_1_197' title='bbox 970 2448 1120 2484; x_wconf 87' lang='lat' dir='ltr'>semper</span> <span class='ocrx_word' id='word_1_198' title='bbox 1151 2437 1241 2473; x_wconf 89' lang='lat' dir='ltr'>mihi</span> <span class='ocrx_word' id='word_1_199' title='bbox 1273 2435 1374 2472; x_wconf 90' lang='lat' dir='ltr'>mitis</span> 
     </span>
     <span class='ocr_line' id='line_1_36' title="bbox 397 2489 1274 2540; baseline 0.001 -9"><span class='ocrx_word' id='word_1_200' title='bbox 397 2489 453 2535; x_wconf 84' lang='lat' dir='ltr'>Et</span> <span class='ocrx_word' id='word_1_201' title='bbox 484 2492 542 2530; x_wconf 84' lang='lat' dir='ltr'>fer</span> <span class='ocrx_word' id='word_1_202' title='bbox 572 2504 681 2540; x_wconf 90' lang='lat' dir='ltr'>opem</span> <span class='ocrx_word' id='word_1_203' title='bbox 714 2492 868 2539; x_wconf 71' lang='lat' dir='ltr'>famulo,</span> <span class='ocrx_word' id='word_1_204' title='bbox 901 2494 1008 2540; x_wconf 86' lang='lat' dir='ltr'>virgo</span> <span class='ocrx_word' id='word_1_205' title='bbox 1041 2494 1165 2539; x_wconf 84' lang='lat' dir='ltr'>beata,</span> <span class='ocrx_word' id='word_1_206' title='bbox 1198 2499 1274 2532; x_wconf 78' lang='lat' dir='ltr'>tuo,</span> 
     </span>
    </p>
   </div>
   <div class='ocr_carea' id='block_1_14' title="bbox 261 2568 1285 2734">
    <p class='ocr_par' dir='ltr' id='par_1_15' title="bbox 261 2568 1285 2734">
     <span class='ocr_line' id='line_1_37' title="bbox 484 2568 700 2611; baseline 0 0"><span class='ocrx_word' id='word_1_207' title='bbox 484 2568 700 2611; x_wconf 78' lang='lat' dir='ltr'>Caudatus.</span> 
     </span>
     <span class='ocr_line' id='line_1_38' title="bbox 261 2624 1285 2677; baseline -0.002 -11"><span class='ocrx_word' id='word_1_208' title='bbox 261 2630 298 2666; x_wconf 86' lang='lat'>5.</span> <span class='ocrx_word' id='word_1_209' title='bbox 331 2624 477 2667; x_wconf 83' lang='lat' dir='ltr'>Radice</span> <span class='ocrx_word' id='word_1_210' title='bbox 509 2629 556 2667; x_wconf 91' lang='lat' dir='ltr'>de</span> <span class='ocrx_word' id='word_1_211' title='bbox 586 2630 690 2667; x_wconf 86' lang='lat' dir='ltr'>Iesse</span> <span class='ocrx_word' id='word_1_212' title='bbox 721 2639 816 2677; x_wconf 88' lang='lat' dir='ltr'>quae</span> <span class='ocrx_word' id='word_1_213' title='bbox 849 2629 1036 2677; x_wconf 75' lang='lat' dir='ltr'>graderis,</span> <span class='ocrx_word' id='word_1_214' title='bbox 1070 2629 1137 2665; x_wconf 91' lang='lat' dir='ltr'>tibi</span> <span class='ocrx_word' id='word_1_215' title='bbox 1171 2628 1285 2666; x_wconf 82' lang='lat' dir='ltr'>caelis</span> 
     </span>
     <span class='ocr_line' id='line_1_39' title="bbox 399 2681 1270 2734; baseline 0 -12"><span class='ocrx_word' id='word_1_216' title='bbox 399 2681 538 2724; x_wconf 83' lang='lat' dir='ltr'>Omnes</span> <span class='ocrx_word' id='word_1_217' title='bbox 568 2690 609 2722; x_wconf 87' lang='lat' dir='ltr'>tu</span> <span class='ocrx_word' id='word_1_218' title='bbox 637 2686 783 2732; x_wconf 84' lang='lat' dir='ltr'>pariter</span> <span class='ocrx_word' id='word_1_219' title='bbox 812 2686 969 2734; x_wconf 88' lang='lat' dir='ltr'>iungere</span> <span class='ocrx_word' id='word_1_220' title='bbox 998 2696 1132 2732; x_wconf 93' lang='lat' dir='ltr'>meque</span> <span class='ocrx_word' id='word_1_221' title='bbox 1165 2685 1270 2722; x_wconf 79' lang='lat' dir='ltr'>velis.</span> 
     </span>
    </p>
   </div>
   <div class='ocr_carea' id='block_1_15' title="bbox 264 2764 1355 2925">
    <p class='ocr_par' dir='ltr' id='par_1_16' title="bbox 264 2764 1355 2925">
     <span class='ocr_line' id='line_1_40' title="bbox 484 2764 803 2811; baseline 0.009 -11"><span class='ocrx_word' id='word_1_222' title='bbox 484 2764 803 2811; x_wconf 72' lang='lat' dir='ltr'>EpanaZenticuS.</span> 
     </span>
     <span class='ocr_line' id='line_1_41' title="bbox 264 2814 1355 2869; baseline -0.001 -12"><span class='ocrx_word' id='word_1_223' title='bbox 264 2819 303 2857; x_wconf 88' lang='grc'>6.</span> <span class='ocrx_word' id='word_1_224' title='bbox 333 2814 451 2858; x_wconf 88' lang='lat' dir='ltr'>Nobis</span> <span class='ocrx_word' id='word_1_225' title='bbox 482 2821 661 2868; x_wconf 87' lang='lat' dir='ltr'>propitia,</span> <span class='ocrx_word' id='word_1_226' title='bbox 694 2832 797 2869; x_wconf 86' lang='lat' dir='ltr'>rogo,</span> <span class='ocrx_word' id='word_1_227' title='bbox 831 2821 957 2868; x_wconf 90' lang='lat' dir='ltr'>sisque</span> <span class='ocrx_word' id='word_1_228' title='bbox 988 2820 1203 2857; x_wconf 84' lang='lat' dir='ltr'>misericors</span> <span class='ocrx_word' id='word_1_229' title='bbox 1235 2820 1355 2865; x_wconf 68' lang='lat' dir='ltr'>nobis,</span> 
     </span>
     <span class='ocr_line' id='line_1_42' title="bbox 335 2871 1283 2925; baseline 0.001 -11"><span class='ocrx_word' id='word_1_230' title='bbox 335 2871 378 2914; x_wconf 91' lang='lat' dir='ltr'>In</span> <span class='ocrx_word' id='word_1_231' title='bbox 411 2880 449 2913; x_wconf 87' lang='lat' dir='ltr'>te</span> <span class='ocrx_word' id='word_1_232' title='bbox 480 2885 688 2925; x_wconf 82' lang='lat' dir='ltr'>speramus,</span> <span class='ocrx_word' id='word_1_233' title='bbox 720 2888 807 2915; x_wconf 90' lang='lat' dir='ltr'>nam</span> <span class='ocrx_word' id='word_1_234' title='bbox 839 2880 877 2914; x_wconf 91' lang='lat' dir='ltr'>et</span> <span class='ocrx_word' id='word_1_235' title='bbox 908 2877 1132 2915; x_wconf 83' lang='lat' dir='ltr'>confidimus</span> <span class='ocrx_word' id='word_1_236' title='bbox 1164 2877 1202 2913; x_wconf 89' lang='lat' dir='ltr'>in</span> <span class='ocrx_word' id='word_1_237' title='bbox 1233 2881 1283 2916; x_wconf 88' lang='lat' dir='ltr'>te.</span> 
     </span>
    </p>
   </div>
  </div>
 </body>
</html>
