1914 3223
754 172 1007 193 -ι-

286 269 322 307 .ίῦ

371 261 539 308 Gaudes,
573 267 800 312 pendentem
833 268 956 304 cernis
987 268 1088 314 ligno
1116 279 1198 305 cum
1231 268 1367 315 crucis,

372 322 532 369 'sibique
562 322 731 360 membra
765 322 837 360 fixa
869 324 986 361 clavis
1019 325 1202 364 vindicas.

287 421 323 458 3.
370 415 486 457 Hanc
517 419 632 455 sumis
664 423 751 455 ante
782 430 959 465 pompam
992 421 1085 457 tanti
1120 420 1278 466 proelii:

373 475 524 524 sputus,
558 473 719 523 flagella,
752 475 861 522 ictus,
894 486 1002 513 cassa
1032 477 1242 516 arundinis,

287 569 324 605 4.
372 562 460 604 Ibat
490 565 681 612 triumpho
713 571 832 602 morte
863 571 1014 613 sumpta
1045 564 1079 603 a'
1098 572 1244 604 mortuo

373 622 474 659 Deus
506 620 654 665 inferno
687 622 784 659 vinci
818 633 934 669 regno
965 624 1150 661 nesciens.

287 716 322 751 5.
369 708 560 750 Kandens
592 711 762 759 frigescit
793 716 965 760 stagnum
998 714 1165 760 pallidae
1197 714 1339 762 Stygis,

372 769 587 816 Rigensque
619 770 740 806 nescit
773 770 979 817 phlegeton
1011 781 1051 806 se
1084 768 1245 807 fervere.

287 862 324 898 ti.
371 855 458 898 Lux
490 864 573 896 orta
605 863 734 896 vastae
765 860 866 897 nocti
899 860 1088 908 splendet,
1121 859 1282 897 inferum

372 916 523 952 'l‘remet
555 920 592 952 et
622 916 690 952 alti
722 921 846 953 custos
878 928 1012 954 saevus
1043 917 1209 955 Tartari.

291 1018 319 1044 t.
369 1003 488 1053 Mors,
521 1011 558 1042 te
589 1011 825 1054 peremptam
857 1008 972 1044 sentis
1004 1008 1086 1054 lege
1118 1018 1202 1044 cum
1234 1015 1310 1054 tua,

373 1063 492 1100 Deum
526 1073 608 1100 cum
640 1064 763 1100 cernis
795 1063 1014 1101 subdidisse
1045 1068 1082 1100 te
1113 1064 1196 1102 tibi.

287 1154 325 1192 S.
370 1150 455 1193 Non
487 1159 543 1191 est
575 1155 757 1191 caducum
791 1165 928 1201 corpus
960 1155 1075 1201 istud⁷
1108 1155 1208 1201 quod
1239 1160 1358 1205 tenes,

376 1211 604 1258 Nullumque
637 1211 674 1247 in
706 1211 773 1248 illo
804 1211 861 1248 ius
891 1211 1004 1248 habet
1035 1212 1243 1258 corruptio.

287 1305 325 1341 9.
373 1297 507 1342 Omnis
540 1307 576 1338 te
609 1302 725 1340 vincit
756 1302 880 1339 carnis
910 1307 1061 1339 nostrae
1093 1301 1312 1349 infirmitas⁷

375 1359 522 1396 Natura
555 1359 679 1395 carnis
711 1363 767 1395 est
800 1363 960 1396 connata
992 1369 1074 1395 curn
1109 1359 1202 1396 Deo.

262 1451 327 1488 10.
374 1446 458 1488 Per
491 1449 587 1486 hanc
615 1449 651 1486 in
685 1449 781 1485 altos
813 1450 992 1486 scandam
1024 1450 1124 1486 laeta
1155 1460 1237 1486 cum
1270 1460 1351 1487 meo

377 1506 511 1543 Caelos
544 1516 744 1552 resurgens
775 1506 940 1552 glorioso
972 1516 1145 1552 corpore.

259 1599 322 1637 11.
371 1592 534 1650 Quantis
565 1596 690 1633 fidelis
722 1596 860 1644 spebus
894 1596 1086 1635 Christum
1118 1597 1279 1644 credidi,

376 1656 418 1691 ln
451 1664 490 1690 se
521 1654 584 1700 qui
615 1658 725 1690 natus
756 1664 815 1689 me
846 1664 916 1699 per
947 1664 1098 1690 carnem
1131 1654 1311 1700 suscepit.

262 1746 326 1783 12.
372 1741 526 1783 Renata
557 1756 651 1792 sum,
684 1756 705 1782 0
736 1745 837 1782 vitae
868 1746 969 1782 laeta
999 1745 1178 1783 exordia!

376 1802 569 1848 Novisque
600 1802 685 1838 vivo
718 1802 924 1839 christiana
953 1802 1111 1850 legibus,

262 1894 326 1931 13.
375 1887 528 1933 Sanctis
561 1903 726 1939 perenne
759 1904 892 1929 munus
924 1897 1094 1939 praestat
1125 1893 1195 1929 hoc
1228 1893 1310 1942 Dei,

378 1947 575 1988 Conformi
606 1960 732 1986 secum
762 1950 893 1987 vivant
925 1954 1011 1996 post
1042 1950 1135 1986 haee
1168 1946 1339 1996 corpo're.

262 2042 326 2079 14.
372 2037 521 2079 Terror
550 2041 707 2077 recedat
736 2040 868 2077 mortis
899 2041 1066 2087 tandem,
1099 2052 1213 2087 mors⁷
1245 2046 1344 2085 tuae,

375 2097 467 2135 Sinu
498 2108 556 2134 me
586 2097 724 2133 laetam
755 2097 975 2143 patriarcha
1006 2097 1177 2144 suscipit.

263 2190 324 2226 15.
371 2184 510 2227 Vivam
540 2188 664 2225 locata
696 2192 781 2235 post
811 2188 905 2225 haec
934 2188 973 2224 in
1004 2188 1244 2237 caelestibus,

374 2245 445 2282 Dei
473 2245 606 2282 sedere
638 2255 788 2281 carnem
822 2250 924 2281 certa
956 2256 977 2281 a
1009 2245 1194 2282 dexteris.

262 2338 326 2374 16.
373 2332 526 2382 Xriste‚
559 2346 732 2373 reversus
765 2336 889 2372 caelos
922 2335 1043 2372 victor
1073 2335 1109 2372 in
1142 2340 1238 2383 tuos,

373 2393 566 2430 Memento
597 2392 735 2439 carnis⁷
767 2393 804 2428 in
836 2403 909 2438 qua
940 2396 1049 2429 natus
1082 2403 1132 2441 es,
1167 2402 1284 2431 meae.

263 2485 326 2523 17.
372 2479 518 2522 Ymnos
549 2493 733 2529 perennes
765 2483 982 2529 angelorum
1015 2493 1097 2519 cum
1129 2483 1254 2519 choris

375 2541 418 2578 In
450 2539 519 2576 hoc
550 2550 750 2586 resurgens
782 2540 882 2576 laeta
913 2540 1072 2587 psallam
1107 2549 1277 2585 corpore.

266 2638 329 2674 18.
375 2633 525 2675 Zelavit
555 2636 643 2673 olim
676 2646 734 2672 me
764 2636 802 2673 in
835 2639 955 2672 morte
988 2637 1161 2681 Satanas,

377 2693 612 2740 Regnantem
645 2698 775 2729 cernat
803 2697 926 2729 tecum
958 2693 1047 2729 totis
1079 2693 1253 2731 saeculis,

204 2789 231 2827 l,
259 2791 273 2823 1
302 2803 450 2832 saevam,
479 2794 538 2825 sel.
565 2796 718 2831 mortem,
745 2793 788 2824 da
813 2793 1013 2825 ersichtlich
1040 2793 1100 2823 der
1124 2792 1197 2823 'rod
1225 2792 1411 2832 angeredet
1438 2793 1493 2823 ist.
1520 2809 1562 2813 —
1588 2790 1619 2823 2.
1653 2791 1667 2823 1

109 2838 220 2868 caruis
254 2837 336 2875 Hs.;
370 2838 398 2870 G
424 2839 619 2870 verbessert
644 2849 799 2877 carneum
835 2838 927 2869 daun
960 2840 1006 2869 ist
1040 2838 1105 2869 Str.
1140 2836 1160 2869 2
1185 2849 1252 2869 von
1282 2836 1294 2868 1
1324 2839 1421 2868 nicht
1445 2848 1486 2868 zu
1513 2840 1669 2875 tamnen,

111 2881 255 2914 sondcrn
283 2883 537 2923 enjambement
561 2884 810 2915 anzunehmen.
839 2902 882 2905 —
907 2882 937 2916 4.
968 2883 982 2914 1
1011 2894 1101 2914 mors
1127 2888 1263 2924 sumpta
1289 2888 1422 2915 mortuo
1442 2884 1505 2915 Hs.
1531 2901 1573 2904 —
1593 2882 1624 2921 Γ),
1654 2882 1666 2914 1
