1914 3223
151 250 204 284 25.

151 476 204 510 30.

153 1377 207 1412 50.

152 1604 206 1637 55.

150 1831 204 1865 60.

152 2265 205 2318 70.

152 2510 205 2545 75.

153 2735 206 2772 80.

234 252 322 283 Dum
347 260 409 282 nos
434 249 495 281 tibi
521 247 810 285 commendamus,

271 300 352 328 vota
375 299 494 327 nostra
518 295 664 335 siiscipe,

228 343 316 374 Dum
342 348 375 373 te
400 341 496 382 proni
523 339 724 377 salutamus,

272 386 429 429 quamvis
455 384 518 416 hoc
542 385 727 421 rarissime,

230 433 301 464 Ave
326 432 389 463 tibi
414 440 528 462 coram
555 433 614 461 tua

274 477 426 509 dicent-es
452 476 613 515 imagine,

232 524 433 563 incorrupta
457 523 491 552 et
515 520 669 555 fecunda.

272 567 343 599 noli
368 576 430 598 nos
454 566 640 608 despicere,

229 612 368 646 caelum
394 611 494 649 (areli,
517 611 638 643 domus
664 612 739 649 Dei,

273 668 334 689 vas
360 656 626 689 misericordiae.

233 704 382 736 Pronum
407 712 488 733 vero
514 702 578 733 tibi
607 706 743 734 constat

275 752 310 780 et
333 748 471 779 omnino
497 747 598 779 facile

231 793 282 826 Ad
307 803 530 836 quascunque
559 793 646 824 velis
673 803 754 824 usus

275 838 416 880 angelos
440 840 682 878 transmittere,

232 883 330 924 Quod
355 883 510 925 exempla
535 883 642 916 multa
669 884 824 925 probant,

275 939 362 971 qnae
387 928 526 970 longum
552 934 605 960 est
629 940 765 971 ponere.

232 973 380 1016 Ideoque
405 978 560 1005 sanctum
586 975 685 1006 nobis

277 1019 472 1052 Gabrielem
497 1018 618 1061 dirige,

231 1066 299 1105 Qui
324 1070 356 1096 te
381 1068 521 1096 matrem
549 1066 614 1096 Dei
641 1067 694 1097 sui

277 1110 444 1141 salutavit
467 1120 616 1152 congrue

176 1173 207 1185 ·.
235 1155 344 1197 Atque
371 1159 490 1186 sancto
514 1155 762 1198 gravidandam

276 1201 498 1242 praeconavit
521 1201 659 1233 flamine

231 1245 371 1288 Absque
395 1248 616 1285 generatione

279 1290 448 1322 naturalis
473 1291 628 1333 copulae.

235 1336 352 1377 Ipsum
378 1346 458 1378 ergo
483 1346 503 1368 a
528 1340 561 1368 te
586 1338 686 1368 nobis

277 1380 498 1413 Causidicum
523 1382 645 1420 tribue,

234 1426 292 1458 Uti
319 1426 383 1456 tibi
410 1436 526 1466 preces
551 1430 687 1458 nostras

280 1472 450 1511 Dignetur
472 1482 655 1513 suggerere

231 1516 450 1557 caelestique
475 1517 580 1548 corda
608 1521 725 1549 nostra

276 1564 371 1592 curet
397 1561 632 1599 medicamine,

234 1607 405 1646 Quoniam
431 1610 512 1638 sunt
535 1609 684 1639 vanitati

277 1651 415 1683 subdita
441 1653 621 1693 superflue,

230 1696 298 1729 sed
322 1700 370 1735 tu,
395 1701 505 1729 mater
528 1698 692 1740 gloriosa,

276 1743 401 1774 misero
427 1747 630 1782 compatere,

231 1787 391 1819 Tendens
415 1798 542 1826 aurem,
568 1789 598 1820 si
623 1791 702 1831 quis
727 1791 813 1831 petit

274 1842 338 1864 sua
364 1833 480 1864 vincla
504 1834 648 1873 solvere,

230 1879 302 1910 Nec
327 1878 519 1920 dedignans
545 1881 745 1911 miserorum

275 1933 457 1955 aerumnas
482 1925 669 1963 attendere,

233 1969 299 2001 Sed
328 1972 449 2010 parata
472 1970 650 2002 invocanti

275 2014 420 2046 cuilibet
443 2025 653 2048 succurrere.

195 2080 204 2089 .
228 2059 258 2091 O
282 2062 430 2100 patrona
454 2067 685 2102 peccatorum,

275 2105 341 2136 huc
365 2105 409 2137 ad
434 2116 497 2137 nos
522 2111 730 2147 convertere,

227 2149 405 2182 Illustrato
432 2155 542 2183 terras
566 2158 704 2184 nostras

273 2196 391 2228 vultus
415 2198 466 2228 tui
490 2197 602 2230 sidere

230 2240 278 2273 Et
301 2252 341 2274 ex
366 2241 429 2274 illa
453 2242 533 2275 sede
557 2246 617 2275 tua

275 2283 418 2318 domum
443 2286 550 2319 istam
574 2291 708 2331 respice

230 2331 277 2364 Et
300 2333 501 2365 commenda
524 2334 693 2366 salvatori

277 2377 391 2409 locum
415 2378 507 2410 hunc
531 2380 671 2412 assidue

228 2422 279 2454 Ac
302 2423 451 2466 benigne
475 2427 586 2457 nostri
611 2436 741 2458 memor

274 2479 337 2500 nos
362 2479 382 2500 a
406 2469 506 2501 malis
533 2472 626 2511 eripe

230 2513 481 2557 Beneficiisque
505 2517 575 2548 tuis

275 2560 490 2592 incessanter
514 2562 641 2601 refove,

231 2605 297 2644 Qui
322 2615 386 2637 nos
410 2606 476 2638 tibi
501 2607 778 2640 commendamus

277 2652 361 2682 satis
388 2654 594 2692 necessarie,

229 2695 457 2737 Implorantes
484 2708 583 2737 opem
608 2702 702 2730 tuam

276 2751 379 2783 super
405 2753 467 2773 nos
493 2743 710 2776 descendere.

230 2785 299 2818 Pro
325 2789 476 2829 peccatis
502 2790 631 2831 quippe
657 2791 786 2822 nostris

274 2832 481 2866 tribulamur
507 2834 659 2877 undique

852 135 926 175 1:37

955 338 1009 371 255.

957 564 1010 598 90.

959 792 1012 824 95.

942 1018 1014 1052 100.

944 1245 1017 1279 105.

944 1470 1016 1504 110.

943 1697 1016 1731 115.

943 1925 1015 1959 120.

945 2380 1019 2415 130.

947 2608 1020 2641 135.

947 2835 1021 2870 140.

1036 248 1079 279 Et
1107 246 1373 289 praevaluerunt
1398 246 1430 275 in
1458 254 1519 274 nus

1080 293 1230 324 hostium
1257 290 1415 327 insidiae,

1035 340 1101 378 Qui
1128 349 1189 370 nos
1213 337 1314 375 dente
1338 335 1489 377 genuino

1080 395 1148 415 non
1174 385 1311 415 cessant
1333 379 1533 418 corrodere;

1037 430 1111 461 Heu
1138 430 1253 466 miser,
1277 438 1337 459 cnr
1363 436 1438 457 sum
1462 427 1563 455 natus

1079 478 1175 506 tanta
1201 473 1292 505 mala
1316 471 1472 504 cernere!

1036 521 1148 552 Mater
1175 521 1242 561 pin,
1268 517 1369 549 stella
1396 517 1512 554 maris,

1084 567 1118 596 in
1143 565 1207 596 hoc
1230 563 1410 595 consolare
1435 572 1487 592 mc

1036 611 1082 642 Et
1108 608 1221 642 amico
1247 606 1316 641 Des
1339 615 1467 648 mayno

1089 653 1234 687 Nicolao
1259 653 1404 686 condole

1040 701 1086 733 Et
1110 697 1260 731 ans—illae
1286 696 1355 730 Dei
1376 695 1459 739 piae

1085 746 1098 777 (
1108 742 1296 784 'unequmli
1319 743 1475 779 condole,

1039 793 1145 824 Cuius
1177 801 1284 833 paene
1310 791 1378 821 ia'm
1403 787 1529 820 defecit

1084 837 1194 868 lionor
1218 835 1441 877 reipu'›licae.

1038 883 1123 914 Esto
1150 883 1224 914 eius
1250 882 1445 912 intexventu

1087 932 1203 959 custos
1229 926 1331 957 huius
1357 926 1481 955 vineae

1040 973 1087 1005 Et
1110 971 1328 1005 circumdans
1354 980 1428 1001 eam
1455 979 1551 999 muro

1088 1020 1262 1060 rapientes
1288 1017 1331 1048 ab
1358 1017 1437 1056 igne
1459 1014 1495 1051 (l.
1524 1010 1639 1051 abige)

1040 1059 1315 1104 Palmitesquue}
1341 1071 1428 1103 quos
1454 1070 1515 1101 pro
1539 1058 1639 1090 duxit

1086 1109 1228 1141 benedic
1253 1111 1287 1139 et
1311 1110 1461 1148 protege,

1042 1156 1123 1198 Ipsa
1147 1155 1277 1196 quippe
1301 1155 1334 1184 te
1359 1151 1483 1183 dilexit

1087 1199 1371 1232 affectuosissime

1046 1246 1190 1287 Semper
1213 1243 1337 1276 ardens
1363 1253 1438 1274 esse
1463 1245 1544 1273 tuae

1086 1289 1266 1323 commoda
1291 1288 1474 1322 ecclesiae:

1041 1338 1136 1377 Ergo
1162 1339 1196 1368 et
1220 1338 1256 1366 tu
1281 1344 1400 1366 servos
1426 1333 1501 1364 eius

1086 1383 1338 1422 consequenter
1361 1378 1478 1420 dilige,

1041 1427 1228 1460 Consolare
1253 1425 1448 1461 destitutos,

1089 1473 1197 1513 lapsis
1222 1480 1362 1501 manum
1388 1470 1525 1510 porrige

1041 1518 1087 1550 Et
1111 1517 1197 1549 educ
1223 1516 1265 1547 de
1290 1515 1364 1546 luto
1388 1515 1494 1546 faecis

1086 1568 1121 1594 et
1142 1563 1222 1594 lacu
1250 1561 1419 1598 miseriae,

1042 1610 1095 1641 Ne
1120 1619 1182 1639 nos
1208 1607 1328 1638 mortis
1355 1606 1586 1646 sempiternae

1089 1651 1381 1695 comprehendant
1407 1650 1581 1687 tenebrae,

1043 1699 1110 1732 Sed
1136 1699 1288 1730 illustret
1312 1700 1442 1728 mentes
1467 1699 1604 1727 nostras

1086 1745 1147 1776 lux
1171 1743 1332 1775 caelestis
1358 1743 1502 1782 gratiae,

1046 1792 1146 1822 Dono
1172 1790 1270 1820 cuius
1297 1787 1415 1819 sordes
1439 1789 1555 1818 tantas

1087 1845 1269 1877 possumus
1295 1833 1452 1870 evadere,

1043 1881 1176 1922 Quibus
1203 1879 1355 1912 membra
1381 1888 1463 1909 suus
1490 1877 1636 1908 mundus

1087 1926 1213 1968 polluit
1238 1925 1379 1956 nefarie.

1041 1974 1093 2005 Tu
1119 1982 1155 2004 es
1181 1972 1272 2003 enim
1298 1972 1407 2001 mater
1432 1968 1562 2000 Christi

1089 2018 1208 2049 suavis
1236 2016 1433 2053 memoriae,

1042 2064 1095 2096 Ob
1121 2072 1222 2104 quam
1250 2061 1351 2093 nobis
1378 2063 1457 2091 sunt-
1481 2062 1621 2100 apertae

1088 2108 1242 2151 paradisi
1268 2108 1403 2143 ianuae,

986 2174 1017 2184 ».
1044 2156 1141 2195 Quae
1165 2157 1236 2185 tam
1262 2157 1383 2194 potens
1409 2161 1445 2181 es
1471 2151 1507 2181 in
1532 2151 1625 2180 omni

1088 2199 1257 2231 bonitatis
1283 2207 1396 2238 opere,

1044 2248 1092 2279 Ut
1116 2245 1256 2275 omnino
1283 2244 1329 2274 sit
1355 2242 1504 2278 beatum,

1087 2290 1203 2332 qualis
1228 2290 1285 2327 sis,
1313 2296 1510 2329 agnoscere,

1044 2335 1267 2369 Benedictum
1292 2343 1419 2365 nomeu
1443 2333 1518 2364 eius

1090 2384 1247 2413 sanctum
1273 2383 1307 2410 et
1331 2377 1498 2415 terribile,

1046 2429 1113 2468 Qui
1138 2437 1200 2468 per
1224 2425 1341 2457 orbem
1367 2428 1463 2455 tunm
1487 2433 1612 2455 nomen

1089 2473 1171 2504 fecit
1198 2481 1273 2503 esse
1297 2469 1442 2504 celebre,

1044 2519 1111 2550 Per
1135 2527 1238 2558 qnam
1265 2518 1382 2557 posset
1407 2511 1474 2546 reis
1499 2514 1572 2545 suis

1091 2566 1233 2605 peccata
1258 2562 1442 2592 remittere.

1050 2610 1202 2649 Semper,
1229 2616 1369 2648 quaeso.
1397 2607 1455 2647 pia
1480 2606 1590 2646 virgo,

1092 2655 1157 2686 mei
1185 2653 1405 2684 reminiscere

1045 2700 1267 2742 Spiritusque
1290 2698 1450 2728 veritatis

1089 2745 1180 2776 dona
1205 2742 1289 2774 mihi
1314 2743 1442 2781 obtine,

1045 2792 1093 2823 Ut
1118 2801 1171 2821 me
1196 2799 1258 2820 suo
1284 2791 1423 2820 tueatur

1093 2846 1190 2868 sacro
1217 2834 1449 2866 moderamine
