1914 3223
64 332 67 333 ⁷
105 319 173 357 7a.
216 316 316 355 Proh
353 316 473 366 dolor,
506 316 622 364 igitur

215 373 335 410 Dolus
369 373 572 420 detegitur,

275 430 324 467 Et
354 429 445 477 quid
476 427 671 466 atrocius?

273 488 352 533 Quo
381 490 491 533 patre
520 485 621 523 filius

331 543 564 591 1mmoIatur,

272 600 347 636 Hic
379 609 398 636 e
430 599 620 636 contrario

275 656 390 693 Pater
420 667 442 693 a
472 654 550 692 filio

860 201 941 242 5⁶20

1005 223 1052 230 ——

926 297 1003 356 7'b.
1035 306 1229 354 Mactatur
1259 314 1431 362 pontifex

1037 372 1153 410 Sacer
1183 377 1219 408 et
1251 371 1415 409 sacrifex

1094 429 1154 466 Fit
1188 428 1414 466 sacrificium

1094 486 1216 523 Suave
1247 485 1400 522 nimium

1150 542 1364 579 Maiestatis

1096 598 1270 636 Summae
1303 597 1580 645 conspectibus,

1098 655 1171 692 Res
1202 655 1318 692 mira!
1352 654 1525 691 manibus

329 712 572 752 Trucidatur.
1154 711 1386 750 Exsecratis.

218 770 341 808 Ornat
371 768 510 806 altaria
1039 767 1197 805 Punitus
1229 768 1282 816 gh
1295 768 1368 805 diis

274 825 469 874 Spiritalis
1095 825 1354 872 Anglicorum‚

216 883 296 921 Iam
327 882 477 929 pridem
509 881 631 920 hostia
1037 881 1188 919 Potitur
1217 881 1366 928 gaudiis

273 939 544 988 Triumphalis.
1094 938 1338 985 Angelorum.

195 1039 262 1081 Ep.
288 1040 418 1071 XVIII.
444 1056 488 1060 —
513 1039 577 1077 N.‚
609 1039 791 1071 carissimo
817 1038 913 1070 fratri
943 1048 1023 1076 suo,
1057 1038 1224 1069 militanti
1252 1039 1325 1070 Deo
1351 1039 1444 1070 vitae
1469 1039 1668 1070 claustralis

105 1087 139 1117 in
173 1086 299 1117 castris
325 1084 431 1117 Ochis
466 1084 529 1116 sub
558 1085 668 1126 nigris
694 1084 917 1116 indumentis,
946 1101 984 1104 —
1011 1084 1076 1115 Am
1106 1079 1263 1114 Schluss:
1303 1084 1423 1123 „Quod
1450 1085 1478 1115 si
1508 1095 1576 1116 non
1602 1085 1671 1116 ista

103 1130 300 1168 sufficiunt,
336 1131 493 1168 interim,
529 1130 639 1162 donec
671 1140 735 1161 nos
769 1129 954 1161 offeramus
982 1130 1131 1161 invicem
1157 1129 1267 1160 oculis
1293 1133 1327 1161 et
1352 1129 1481 1161 osculis
1507 1140 1570 1161 nos
1596 1131 1670 1162 iun-

102 1187 243 1217 gamus,
279 1186 419 1217 precor,
452 1179 491 1206 ut
519 1176 555 1207 in
580 1175 750 1217 epistolae
775 1175 842 1206 tine
867 1175 1036 1216 respicias
1061 1177 1095 1206 et
1120 1175 1269 1216 recipias
1296 1185 1356 1216 pro
1383 1175 1506 1206 solacii
1533 1175 1671 1217 supple-

104 1225 219 1253 mento
245 1230 395 1259 carmen,
427 1218 522 1263 quod
547 1220 589 1252 de
614 1222 696 1252 novi
722 1224 756 1252 et
780 1220 881 1252 electi
906 1220 1070 1260 martyris
1097 1222 1131 1251 et
1155 1219 1427 1261 archipraesulis
1453 1221 1526 1252 Deo
1553 1221 1670 1252 dilecti

104 1268 259 1300 Thomae
286 1268 477 1298 victoriosa
502 1267 666 1308 passione
691 1267 921 1308 compositum
946 1265 1013 1296 tibi
1038 1262 1174 1297 mitto“.
1201 1282 1242 1286 —

106 2639 144 2676 5.

195 1310 262 1351 321,
292 1310 307 1343 1
333 1309 562 1344 Adversante.
587 1329 631 1333 ——

463 1467 544 1503 360.
580 1468 661 1510 (17.)
698 1468 755 1503 De
781 1477 815 1503 s.
841 1467 991 1503 Thoma
1017 1467 1318 1503 cantuariensi.

191 1563 295 1611 Luge
327 1563 432 1609 lucis,
465 1563 618 1610 Anglia‚

246 1619 405 1657 Sublato
436 1619 507 1656 tibi
539 1619 660 1669 radio,

248 1677 362 1726 Luge,
394 1680 529 1725 mater,
561 1687 631 1723 pro
662 1675 754 1724 filio,

191 1733 334 1780 Plange
363 1737 523 1783 patrem,
557 1732 650 1781 filia,

191 1790 348 1837 Plange‚
383 1789 600 1836 Cantuaria,

248 1846 366 1883 Tuum
402 1847 517 1883 decus
549 1851 586 1882 et
618 1846 806 1892 decorem,

248 1902 395 1950 Sponsa
405 1903 537 1952 virum,
548 1913 637 1949 grex
648 1907 855 1951 pastorem,

191 1960 419 2006 Magistrum
452 1959 625 1998 ecclesia.

191 2061 265 2099 Sed
298 2061 530 2108 parcendum
563 2061 689 2108 potius

247 2118 319 2155 Est
349 2118 531 2164 lacrimis,
565 2129 637 2155 vox
668 2116 837 2154 flentium

247 2174 500 2212 Convertatur
530 2175 568 2211 in
600 2174 803 2223 gaudium3

190 2231 286 2268 Nam
321 2232 367 2268 de
399 2236 520 2268 morte
552 2232 691 2268 clarius

189 2288 417 2334 Triumphat
448 2288 620 2335 egregius

249 2344 391 2382 Christi
414 2345 535 2391 miles,
568 2355 678 2392 quem
701 2344 853 2390 decepit

246 2401 384 2439 Mortis
398 2411 401 2413 ·
417 2411 502 2438 reus
534 2405 571 2438 et
599 2400 796 2448 praecepit

187 2457 322 2496 Occidi
352 2468 420 2495 rex
453 2458 604 2505 impius.

733 2543 755 2566 *

193 2637 296 2674 Haec
326 2642 385 2674 est
414 2638 481 2675 illa
510 2638 752 2676 lacrimarum

246 2693 435 2741 Bipertita
465 2694 614 2738 divisio,

249 2752 351 2796 Quas
373 2750 592 2788 bimembris
614 2752 854 2798 compunctio

194 2806 315 2844 Fonte
346 2807 466 2844 trahit
495 2808 717 2856 gratiarum,

195 2863 246 2901 Ut
275 2863 313 2900 in
343 2873 453 2901 sacro
483 2865 759 2912 scripturarum

253 2920 469 2957 Invenimus
500 2921 661 2968 eloquio.

928 1565 966 1601 3.
1016 1562 1093 1600 Dat
1125 1562 1295 1599 caritatis
1331 1563 1495 1599 stadium

1070 1619 1232 1666 Largam
1266 1619 1420 1657 dolendi
1453 1619 1600 1666 copiam

1069 1676 1120 1713 Et.
1150 1676 1346 1713 maerendi
1378 1676 1590 1725 materiam,

1013 1732 1089 1770 Sed
1120 1732 1297 1770 vincendi
1329 1733 1493 1770 studium

1011 1789 1063 1826 Et
1093 1789 1283 1827 vincentis
1311 1789 1519 1836 praemium

1069 1846 1213 1884 Premit
1245 1856 1396 1883 causam
1428 1846 1619 1893 tristitiae,

1069 1902 1146 1939 Dat
1176 1903 1342 1949 gaudere
1373 1902 1555 1940 victoriae

1014 1959 1163 1998 Corona
1190 1959 1434 2006 stipendium.

927 2064 966 2101 4.
1014 2060 1111 2098 Nam
1142 2065 1249 2098 tanta
1281 2061 1328 2098 de
1358 2061 1528 2110 praemio

1068 2117 1355 2165 Triumphantis
1388 2118 1500 2155 debet
1532 2128 1626 2165 esse,

1068 2174 1160 2211 Tam
1193 2174 1387 2221 so11ennis,
1420 2180 1478 2212 est
1505 2185 1671 2225 necesse,

1011 2230 1069 2268 Sit
1098 2235 1139 2268 ut
1171 2231 1385 2281 exsultatio,

1011 2288 1159 2333 Quanta
1191 2287 1238 2325 de
1269 2288 1460 2336 supplicio

1069 2343 1252 2381 Patientis
1284 2349 1322 2381 et
1352 2355 1483 2394 agone,

1067 2400 1125 2437 De
1156 2400 1268 2438 beata
1299 2401 1475 2448 passione

1010 2457 1127 2502 Quam
1158 2457 1223 2504 pia
1254 2458 1478 2505 compassio.

1021 2543 1043 2566 a:

928 2640 965 2677 6.
1014 2638 1135 2675 Lavat
1165 2638 1248 2675 istis
1279 2648 1319 2675 se
1349 2639 1525 2676 lamentis

1071 2694 1148 2733 Sub
1179 2695 1314 2732 timore
1345 2696 1583 2746 constitutus,

1068 2751 1143 2788 Sed
1177 2762 1304 2788 amore
1336 2752 1524 2789 resolutus

1013 2807 1239 2845 Consolatur
1270 2808 1327 2845 his
1358 2807 1522 2857 fluentis,

1013 2865 1169 2901 Aestum
1202 2863 1399 2911 liquefacit
1431 2866 1579 2911 mentis,

1071 2920 1122 2959 Ut
1154 2921 1315 2960 dilectus
1346 2925 1403 2958 est
1432 2922 1592 2961 locutus.
