1914 3223
793 199 839 204 -
901 177 982 217 439
1041 200 1096 206 --

176 290 240 327 25.
274 289 385 326 Nunc
415 289 505 326 elati
536 294 621 327 sunt
651 290 848 338 prostrati,

329 345 434 383 Sicut
467 346 560 383 dicis
593 346 753 393 cantico,

271 401 320 439 Et
352 401 490 439 abiecti
521 407 608 439 sunt
639 402 809 449 provecti

321 458 480 495 Honore
511 457 683 496 mirifico.

172 560 236 598 26.
274 559 483 598 Universus
515 564 571 597 est
602 569 781 606 aspersus

327 615 495 653 Mundus
528 616 670 654 Christi
701 616 836 667 gratia,

272 672 345 718 Qui
378 676 415 708 te
447 676 567 709 matre
599 673 679 710 sine
712 677 821 720 patre

329 728 451 765 Natus
482 729 577 776 regit
611 729 749 770 omnia.

168 830 233 869 27.
270 829 510 868 Concubinae
541 834 578 867 et
608 831 760 878 reginae

324 887 425 924 Tuas
456 887 588 924 laudes
620 887 857 936 praedicant,

268 942 453 992 Linguae,
472 948 602 991 gentes
615 944 688 981 iam
703 945 902 982 credentes

322 999 408 1037 Tibi
444 1000 516 1037 rite
547 1000 777 1048 supplicant.

168 1101 234 1139 28.
264 1100 318 1138 Te
349 1101 548 1139 laudantes
580 1109 617 1139 et
648 1102 829 1140 mirantes

324 1158 512 1196 Pulchrae
544 1158 635 1197 Sion
667 1157 768 1197 filiae

267 1214 459 1252 Illustrari
491 1219 527 1252 et
557 1215 686 1253 ornari

319 1270 399 1308 Tua
431 1271 596 1319 gaudent
627 1272 766 1318 specie.

162 1373 226 1410 29.
261 1372 314 1409 Te
347 1372 521 1410 decoram
553 1379 594 1410 ut
624 1385 800 1412 auroram

317 1429 514 1467 Universis
544 1429 777 1481 praeferunt,

262 1485 315 1522 Te
346 1486 505 1524 electam
537 1491 574 1524 et
603 1485 826 1534 perfectam,

320 1542 373 1579 Te
404 1543 571 1590 reginam
602 1548 789 1582 asserunt.

165 1644 230 1682 30.
262 1645 366 1691 Quae
400 1649 456 1681 est
485 1645 559 1682 ista
589 1650 666 1683 tam
697 1650 867 1693 venusta,

318 1701 485 1748 Elegans
519 1706 556 1739 et
586 1702 732 1751 inclita,

266 1757 370 1803 Quae
400 1762 457 1795 tot
488 1758 609 1805 donis,
644 1763 700 1796 tot
731 1759 878 1796 coronis

320 1813 392 1851 Est
423 1814 604 1852 virtutum
636 1814 842 1862 praedita?

164 1916 228 1953 31.
262 1915 487 1953 Turturinas
517 1916 634 1954 habes
664 1927 790 1966 genas,

319 1971 560 2010 Columbinos
591 1974 755 2021 occulos,

264 2027 443 2075 Speciosa
474 2033 514 2066 ut
546 2029 718 2068 columba

314 2085 376 2122 Ad
406 2097 588 2132 aquarum
619 2087 773 2137 rivulos,

162 2187 226 2225 32.
261 2187 376 2226 Cuius
407 2187 486 2225 vita
516 2188 696 2235 insignita

319 2244 474 2282 Cunctis
506 2248 562 2281 est
593 2244 811 2292 virtutibus,

262 2299 377 2338 Cuius
408 2305 514 2347 gesta
546 2306 631 2338 sunt
664 2301 822 2339 honesta

322 2357 419 2395 Prae
451 2358 595 2395 cunctis
627 2358 862 2404 viventibus;

160 2451 224 2491 33.
257 2452 359 2498 Quae
393 2453 596 2501 pigmentis
627 2459 663 2491 et
691 2455 892 2502 unguentis

313 2508 467 2547 Cunctis
498 2520 538 2547 es
569 2511 733 2559 suavior,

258 2565 448 2611 Speciosis
478 2576 635 2612 prorsus
667 2568 761 2604 rosis

314 2621 497 2670 Liliisque
526 2624 682 2669 gratior.

156 2719 222 2756 34.
256 2717 286 2755 O
318 2716 466 2755 felicem
498 2719 740 2765 genetricem,

313 2774 428 2812 Cuius
459 2785 568 2812 sacra
599 2775 745 2812 viscera

257 2830 433 2868 Meruere
465 2831 662 2869 continere

316 2886 581 2925 Continentem
613 2888 788 2925 aethera!

978 289 1056 330 '35.
1090 292 1203 330 Felix*
1232 298 1376 341 pectus,
1409 294 1447 330 in
1479 305 1551 340 quo
1582 297 1703 332 tectus

1148 350 1228 387 Rex
1260 349 1448 386 caelorum
1481 350 1604 397 latuit,

1043 420 1045 423 ⁴
1090 406 1199 443 Felix
1233 410 1383 451 venter,
1416 417 1488 454 quo
1521 407 1725 445 clementer

1148 464 1308 499 Carnem
1340 463 1442 500 Deus
1474 463 1608 502 induit.

993 563 1058 601 36.
1091 562 1202 600 Felix
1234 563 1350 610 sinus,
1383 575 1455 610 quo
1488 564 1637 601 divinus

1152 619 1349 666 Requievit
1380 621 1551 670 spiritus,

1093 674 1202 712 Felix
1234 676 1353 718 alvus,
1386 688 1458 723 quo
1489 676 1531 713 fit
1562 676 1689 714 salvus

1152 731 1274 771 Homo
1306 732 1442 770 fraude
1474 733 1658 780 perdituS.

987 833 1052 871 37.
1086 832 1194 870 Felix
1226 833 1356 870 thorus
1388 840 1425 870 et
1457 835 1615 871 decorus

1143 890 1258 926 Istius
1290 900 1512 937 puerperae,

1085 947 1201 993 Quem
1233 947 1413 991 maritus,
1452 951 1493 983 ut
1523 951 1579 984 est
1611 947 1719 997 ritus,

1144 1003 1228 1039 Non
1265 1004 1518 1050 praesumpsit
1549 1008 1718 1051 tangere.

991 1104 1057 1143 38.
1091 1105 1120 1143 O
1154 1104 1333 1153 mamilla,
1366 1105 1471 1142 ouius
1502 1106 1605 1142 stilla

1144 1161 1235 1198 Fuit
1266 1161 1344 1198 eius
1376 1162 1569 1210 pabulum,

1088 1218 1157 1264 Qui
1181 1217 1276 1255 dans
1298 1222 1424 1255 terrae
1446 1217 1591 1255 fructus
1614 1216 1717 1255 ferre

1148 1275 1272 1312 Pascit
1305 1285 1415 1311 omne
1444 1275 1648 1315 saeculum.

982 1375 1047 1414 39.
1080 1375 1163 1412 Hac
1194 1375 1232 1412 in
1265 1377 1375 1414 domo
1406 1376 1509 1413 Deus
1540 1376 1650 1414 homo

1138 1432 1242 1469 Fieri
1276 1433 1477 1480 disposuit,

1080 1488 1153 1526 Hic
1164 1488 1371 1526 absconsus
1384 1490 1543 1536 pulcher
1555 1500 1715 1536 sponsus

1137 1545 1291 1583 Vestem
1324 1557 1429 1583 suam
1460 1546 1596 1585 induit.

982 1648 1048 1686 40.
1082 1647 1145 1685 Sic
1175 1652 1311 1685 natura
1340 1648 1437 1685 vinci
1469 1648 1552 1685 iura

1138 1704 1247 1741 Novo
1277 1709 1406 1752 stupet
1436 1704 1582 1750 ordine,

1082 1760 1223 1798 Rerum
1254 1771 1343 1798 usus
1376 1765 1432 1798 est
1464 1761 1640 1798 exclusus

1141 1817 1318 1855 Parien'te
1351 1818 1509 1865 virgine.

978 1919 1045 1958 41.
1077 1918 1203 1956 Mater
1233 1918 1317 1965 Dei,
1349 1922 1502 1956 nostrae
1532 1919 1614 1966 spei

1137 1975 1260 2013 Causa
1291 1979 1329 2012 et
1359 1976 1568 2023 exordium,

1079 2031 1198 2069 Posce
1229 2036 1370 2083 natum,
1404 2036 1445 2069 ut
1475 2037 1646 2080 optatum

1135 2087 1254 2125 lNobis
1289 2088 1352 2125 det
1384 2090 1604 2130 remedium.

981 2191 1045 2228 42.
1080 2190 1200 2227 Istum
1231 2200 1383 2227 caecum
1415 2202 1506 2229 sana
1536 2202 1690 2238 precum

1135 2247 1300 2284 Tuarum
1330 2246 1520 2295 suffragio,

1080 2303 1133 2341 Ut
1164 2313 1233 2350 per
1264 2304 1362 2341 viam
1393 2304 1450 2341 ire
1481 2304 1597 2342 sciam

1135 2360 1217 2398 Tuo
1248 2365 1394 2407 gratam
1425 2359 1515 2401 filio.

976 2456 1044 2494 43.
1075 2457 1120 2494 In
1151 2455 1222 2492 hac
1254 2456 1330 2494 vita
1361 2456 1415 2493 sic
1445 2467 1504 2494 me
1536 2457 1617 2494 dita

1133 2511 1253 2548 Donis
1285 2513 1514 2551 salutaribus

1074 2567 1211 2607 Dando
1229 2569 1377 2616 pignus,
1397 2581 1469 2617 quo
1486 2570 1555 2606 sim
1571 2570 1706 2618 dignus

1131 2624 1290 2662 Gaudiis
1321 2626 1560 2665 caelestibus,

976 2723 1044 2761 44.
1077 2722 1138 2758 De
1169 2722 1340 2759 mortalis
1371 2723 1471 2760 vitae
1501 2722 1610 2760 malis

1129 2777 1194 2814 Me
1226 2778 1427 2826 dignanter
1458 2789 1546 2816 erue

1072 2833 1122 2870 Et
1140 2838 1226 2880 post
1242 2842 1399 2872 mortem
1419 2834 1479 2873 fae
1492 2842 1704 2874 consortem

1131 2891 1274 2936 Quietis
1305 2896 1527 2938 perpetuae.
