1914 3223
748 194 1054 234 —553—

82 315 84 317 ·
122 308 187 346 15.
232 305 422 344 Suscitata
451 307 577 344 studio
943 292 1006 348 19.
1052 309 1095 346 In
1128 303 1234 346 nobis
1266 309 1424 347 scientia

289 362 410 410 surgit
440 362 612 400 rediviva
1108 376 1194 403 sera
1224 366 1419 414 sepelitur,

231 419 284 457 Et
314 419 429 456 cescit
460 419 620 457 scientia
1056 421 1235 469 Corporis
1266 433 1311 459 ex
1344 432 1496 460 carcere

291 475 417 513 virens
447 480 489 513 ut
519 476 631 524 oliva,
1112 478 1293 525 languens
1325 479 1503 527 inanitur,

235 532 382 571 Seritur
408 532 448 570 in
479 532 606 579 pueris
1052 534 1103 572 Ut
1135 535 1304 572 scintilla
1334 536 1484 574 flamine

286 588 380 626 hora
410 590 629 636 sementiva,
1110 592 1262 638 paulum
1294 593 1484 629 enutritur

231 645 363 683 Floret
393 645 432 683 in
461 645 660 683 iuvenibus
1052 646 1101 684 Et
1133 647 1264 685 adulta
1298 649 1473 696 dogmate

290 701 436 740 fructus
466 702 671 740 redditiva.
1110 704 1222 751 longa
1251 706 1457 752 reperitur,

123 795 188 833 16.
236 793 319 831 Viri
350 792 513 831 fructum
546 794 727 841 colligunt
944 796 1010 833 20.
1058 794 1267 832 Descendit
1299 801 1337 832 :it
1369 796 1498 843 pluvia

291 861 375 888 cum
407 851 638 898 maturitate,
1114 852 1250 889 mentis
1280 851 1488 899 irrigatrix.

234 907 392 945 Auctori
425 907 639 945 consimiles
1056 909 1247 955 Quemque
1278 920 1344 946 suo
1375 910 1528 947 modulo

292 964 429 1001 mentis
459 964 681 1013 honestate;
1115 965 1203 1002 visit
1233 965 1501 1012 amplexatrix.

236 1018 374 1058 Planta
405 1021 506 1069 sapit
537 1020 712 1058 arborem
1059 1021 1165 1058 Haec
1186 1027 1227 1058 ut
1258 1022 1396 1060 mentis
1428 1022 1558 1060 nubilo

294 1077 395 1114 vitae
425 1082 624 1115 venustate
1115 1078 1224 1124 pulso
1256 1079 1303 1115 sit
1336 1079 1488 1124 viatrix,

237 1134 288 1171 Et
320 1134 489 1172 radicem
521 1134 695 1171 surculus
1058 1135 1200 1172 Attulit
1233 1135 1305 1172 huc
1333 1135 1457 1183 logica

295 1201 440 1228 morum
472 1191 653 1229 novitate.
1116 1201 1174 1228 me
1205 1191 1510 1231 sermocinatrix.

124 1283 190 1321 17.
237 1281 332 1327 Quia
362 1285 484 1319 status
512 1282 677 1329 optimus
949 1282 1017 1320 21.
1065 1282 1138 1319 Via
1166 1285 1272 1330 patet
1302 1283 1441 1331 logices

295 1338 416 1375 virtus
447 1337 558 1375 floret
588 1338 725 1376 mentis
1121 1349 1209 1376 vera
1241 1339 1426 1376 directiva

237 1395 404 1442 Speciali
435 1395 557 1442 gratia
1061 1395 1112 1433 Et
1143 1396 1193 1432 ad
1225 1396 1490 1433 certitudinem

293 1456 429 1489 cuncta
458 1451 670 1500 largientis,
1119 1452 1200 1489 veri
1232 1452 1447 1501 deductiva,

238 1509 340 1546 Rore
371 1519 438 1545 suo
470 1508 660 1555 compluat
1063 1508 1186 1546 Huius
1219 1519 1341 1546 comes
1373 1509 1553 1545 mathesis

295 1576 336 1602 os
366 1565 596 1613 incipientis,
1119 1569 1176 1602 est
1208 1565 1518 1610 demonstrativa,

237 1622 289 1661 Ut
321 1621 502 1658 virtutum
535 1621 655 1658 vireat
1063 1621 1162 1659 Vera
1193 1625 1339 1659 tantum
1371 1622 1514 1669 eligens

295 1678 402 1715 novis
433 1677 691 1717 incrementiS.
1121 1688 1164 1715 ex
1197 1678 1255 1715 his
1287 1679 1518 1725 processiva.

126 1770 191 1808 18.
239 1769 279 1807 Si
310 1767 414 1806 ferar
446 1769 681 1806 Platonicam
949 1770 1014 1807 22.
1062 1769 1236 1806 Rationis
1267 1769 1461 1815 speculum

295 1836 365 1873 per
395 1825 623 1872 opinionem,
1119 1817 1282 1863 vestrae'
1301 1825 1517 1875 porrigatis,

238 1883 435 1930 Evagatur
464 1882 610 1920 animus
1065 1882 1249 1929 Speculer
1278 1887 1318 1918 ut
1350 1882 1482 1918 vitium

295 1950 365 1986 per
397 1939 682 1986 digressionem,
1120 1949 1226 1976 meae
1257 1939 1449 1984 ruditatis,

240 1996 317 2034 Sed
348 1996 404 2032 sic
435 1995 750 2043 philosophicam,
1065 1995 1117 2034 Ut
1148 1995 1301 2032 limetur
1332 1996 1479 2033 ruditas

298 2056 451 2100 tangam
484 2053 682 2100 rationem,
1122 2052 1213 2089 lima
1243 2052 1435 2099 novitatis,

240 2109 348 2147 Licet
378 2120 468 2146 usus
500 2113 634 2157 arguat
1066 2109 1116 2146 Et
1147 2108 1279 2146 illimis
1310 2114 1438 2155 pateat

300 2166 398 2203 hanc
428 2166 689 2204 assertionem.
1123 2165 1185 2201 via
1215 2165 1401 2203 veritatis.

221 2243 306 2275 Clm.
324 2243 508 2274 Monacen.
535 2240 634 2275 6911.
661 2252 751 2274 saec.
778 2240 866 2275 ¹3.³‘14.
884 2244 923 2274 A.
950 2259 992 2264 —
1020 2242 1103 2275 Cod.
1121 2242 1296 2273 Melli‘cen.
1324 2239 1399 2273 711.
1423 2252 1512 2274 saec.
1535 2241 1584 2273 15.
1603 2242 1641 2274 B.
1659 2259 1704 2264 -—

132 2288 215 2320 Cod.
236 2288 349 2320 Palat.
370 2288 614 2320 Vindobonen.
641 2286 742 2320 3121.
768 2297 858 2320 saec.
887 2287 939 2320 15.
959 2289 996 2320 C.
1015 2305 1060 2309 -
1085 2287 1115 2326 1,
1141 2286 1161 2318 2
1179 2290 1277 2318 natat
1295 2288 1334 2318 A.
1352 2303 1395 2309 —
1416 2285 1444 2325 1,
1469 2286 1490 2319 3
1507 2291 1582 2319 rata
1604 2288 1704 2320 ABC.

125 2352 165 2356 -—
195 2332 237 2373 2,
273 2331 289 2365 1
324 2334 418 2365 Ictus
453 2344 530 2365 cum
559 2334 744 2365 formidine
771 2334 808 2366 C.
833 2351 878 2355 ——
902 2331 942 2373 2,
970 2331 990 2364 2
1015 2334 1181 2374 Magnum
1209 2342 1334 2374 magna
1360 2333 1396 2364 B.
1426 2350 1468 2353 —
1494 2332 1532 2371 2,
1558 2330 1578 2363 5
1605 2333 1658 2364 bis
1682 2330 1703 2365 8

127 2379 245 2412 fehlen
263 2380 307 2418 C,
334 2378 591 2421 infolgedessen
616 2379 698 2410 liisst
716 2375 874 2410 Zarncke
900 2389 930 2410 a.
958 2389 989 2410 a.
1007 2379 1047 2411 Ο.
1066 2379 1100 2410 S.
1127 2376 1170 2409 62
1195 2379 1258 2409 mit
1277 2378 1344 2409 Str.
1370 2375 1391 2409 3
1418 2379 1475 2410 ein
1492 2388 1598 2410 neues
1616 2377 1704 2411 Lied

126 2425 313 2468 beginnen.
341 2441 382 2445 —
402 2422 435 2463 3,
460 2423 480 2456 5
504 2424 551 2456 Et
576 2424 708 2456 nudata
730 2425 768 2455 C.
798 2441 839 2445 —
862 2422 893 2460 3,
920 2422 940 2455 6
967 2434 1042 2455 ame
1069 2424 1275 2455 reformatur
1296 2423 1345 2461 B,
1372 2433 1472 2455 omne
1498 2424 1704 2455 reformatur

126 2472 168 2503 A.
194 2487 238 2492 —
262 2468 293 2509 4,
322 2469 337 2502 1
369 2470 520 2512 specula
543 2471 588 2509 B,
615 2471 661 2501 sit
686 2470 724 2502 C.
749 2487 794 2491 —
817 2468 851 2508 4,
878 2468 897 2500 7
914 2469 1061 2511 Triplici
1087 2469 1128 2501 de
1154 2469 1252 2500 radio
1279 2469 1317 2500 A.
1343 2485 1388 2489 —
1412 2467 1444 2505 4,
1471 2466 1492 2500 8
1518 2479 1553 2500 se
1579 2479 1703 2501 conso-

125 2516 192 2548 lari
216 2516 282 2547 BC.
309 2532 346 2538 —
372 2514 403 2553 5,
431 2514 447 2546 1
467 2516 585 2547 Primo
604 2515 642 2546 B.
671 2533 714 2538 ——-
740 2513 771 2553 5,
796 2512 817 2546 3
834 2516 875 2547 In
901 2514 1052 2546 seeundo
1079 2514 1230 2555 qualiter
1250 2515 1286 2545 Β.
1313 2532 1356 2537 —-
1382 2513 1413 2551 5,
1440 2513 1460 2545 5
1481 2514 1583 2553 Quod
1600 2515 1640 2545 B.
1659 2531 1704 2536 ——-

127 2560 158 2598 5,
191 2559 210 2592 6
236 2560 328 2603 quod
354 2562 391 2592 B.
417 2577 462 2582 —-
486 2559 518 2600 5,
544 2559 563 2592 7
590 2560 691 2600 Quod
716 2560 847 2602 perdit,
875 2560 967 2600 Quid
992 2562 1090 2601 perat
1115 2559 1158 2599 C,
1186 2558 1287 2598 Quod
1314 2561 1351 2591 B.
1377 2576 1419 2581 —
1445 2558 1475 2596 5,
1503 2557 1523 2590 8
1552 2563 1585 2591 et
1612 2559 1704 2601 quod

126 2607 166 2638 B.
192 2623 234 2627 —
260 2603 292 2641 6,
320 2603 341 2636 2
366 2605 462 2638 aliud
488 2606 607 2638 eadem
634 2607 700 2638 scit
725 2606 764 2637 A.
791 2623 835 2627 --
859 2603 890 2643 6,
917 2603 937 2636 3
964 2606 1055 2636 Hinc
1081 2604 1271 2636 secundum
1298 2605 1468 2646 prospicit
1488 2605 1524 2636 B.
1553 2621 1595 2626 —
1622 2602 1654 2642 6,
1683 2603 1704 2636 5

128 2652 238 2683 forma
275 2651 383 2682 vidua
408 2653 452 2690 B,
484 2652 603 2683 formis
637 2651 744 2683 vidua
769 2651 806 2683 C.
841 2668 885 2671 —
919 2649 958 2683 6,
991 2647 1012 2682 6
1037 2650 1209 2681 fructuare
1237 2651 1275 2681 B.
1302 2667 1345 2670 ——
1370 2648 1410 2688 6,
1442 2648 1461 2680 ’7
1488 2650 1705 2682 subtrahitur

127 2698 167 2730 B.
192 2714 236 2718 —-
261 2694 292 2734 7,
316 2694 338 2728 4
364 2706 417 2728 res
442 2695 525 2728 hinc
550 2697 618 2729 BC.
645 2715 686 2719 —
712 2695 742 2729 7.
769 2695 790 2727 5
815 2696 909 2727 Hinc
935 2697 978 2727 B:
1006 2694 1060 2727 ide
1086 2695 1215 2727 nobilis
1240 2696 1280 2726 A.
1308 2711 1350 2716 —
1376 2693 1406 2729 7,
1433 2693 1453 2726 6
1483 2696 1578 2727 Deus
1597 2696 1634 2727 B.
1660 2713 1704 2717 —

127 2740 167 2780 7,
197 2740 216 2773 7
241 2741 373 2773 Munda
397 2742 438 2774 A.
466 2759 510 2764 —
536 2741 573 2781 7,
599 2740 620 2774 8
645 2742 823 2773 derivatur
849 2742 885 2773 C.
914 2759 956 2763 —
982 2738 1020 2778 8,
1050 2739 1070 2772 6
1095 2750 1220 2772 scaeno
1249 2741 1284 2771 B.
1311 2757 1354 2761 —
1380 2737 1421 2777 8,
1449 2739 1468 2771 7
1497 2741 1589 2772 Hinc
1614 2741 1705 2773 illud

129 2789 176 2826 B,
211 2788 248 2818 in
279 2787 426 2819 flexibus
461 2787 497 2819 C.
527 2804 571 2808 —
600 2785 639 2823 9,
674 2786 694 2818 6
726 2787 818 2818 Dum
853 2786 916 2818 flos
948 2786 1031 2817 fehlt
1064 2786 1101 2817 B.
1128 2802 1171 2806 —
1199 2783 1254 2823 10,
1294 2784 1309 2816 1
1345 2786 1429 2816 Cum
1458 2786 1531 2824 BC;
1567 2785 1705 2818 vehitur

130 2832 248 2874 aquilo
276 2833 312 2864 C.
341 2850 384 2854 —
408 2830 447 2871 8,
482 2831 502 2863 4
526 2833 669 2875 gratiali
695 2834 732 2864 C.
759 2848 802 2853 -—
839 2830 896 2868 11,
930 2828 950 2862 3
976 2832 1016 2862 In
1048 2830 1113 2862 hac
1138 2841 1174 2862 se
1200 2832 1268 2862 iam
1297 2831 1438 2872 speculo
1465 2831 1501 2864 C.
1529 2850 1571 2854 ——
1602 2830 1657 2866 11,
1682 2830 1704 2863 4

128 2877 223 2909 videt
248 2878 288 2909 A.
314 2893 356 2899 —-
384 2876 443 2917 11,
477 2875 498 2910 6
522 2881 659 2909 mutant
685 2879 724 2909 A.
755 2893 794 2898 —-
823 2875 881 2913 11,
915 2875 933 2907 7
961 2877 1026 2908 Per
1052 2879 1110 2918 pet
1135 2877 1227 2917 stygi
1254 2876 1292 2908 B.
1322 2893 1366 2897 -—
1394 2875 1449 2914 12,
1487 2874 1508 2908 3
1535 2877 1603 2908 Hic
1630 2877 1703 2909 Deo

129 2922 317 2954 dissimiles
342 2923 382 2954 B.
407 2939 450 2944 —
480 2921 531 2962 12,
556 2922 577 2955 4
602 2923 659 2954 hic
686 2923 870 2954 anxiamur
887 2922 925 2953 A.
951 2939 994 2944 ·-—
1023 2919 1074 2958 12,
1100 2920 1120 2953 5
1147 2921 1237 2953 Illud
1258 2922 1297 2952 B.
1323 2938 1366 2942 —
1396 2920 1446 2959 12,
1474 2919 1493 2952 7
1522 2922 1586 2953 hoc
1604 2922 1641 2954 B.
1662 2939 1704 2944 -
