1914 3223
506 315 570 353 30.
602 313 742 351 Astans
774 311 819 358 ei,

606 370 750 406 Tantae
783 368 849 411 roi,

659 428 759 470 Quae
791 435 830 460 os
862 423 930 460 Dei
962 423 1170 470 speculum,

599 483 752 520 Sursum
784 480 850 525 rei,

601 541 757 585 Quaeso,
790 537 861 574 mei

659 595 751 632 Esto
784 595 858 631 dux
890 593 927 630 in
959 593 1162 631 saeculum.

838 193 915 236 ⁴281

976 214 1032 223 ..—

565 696 730 743 Explicit
760 694 970 742 capitulum
1001 693 1184 741 primum.

486 844 680 890 Incipit
719 843 906 879 titulus
944 842 990 878 in
1032 841 1261 882 secundo,

430 947 645 994 Virgineum
678 945 885 992 speculum,
918 942 1122 990 purificans
1153 943 1301 980 oculum

431 1003 564 1040 (toruis
594 1007 805 1049 utrumque,
839 1001 910 1038 Dei
941 1001 1035 1045 laus,
1069 1000 1255 1037 medicina
1285 1000 1352 1045 rei,

429 1061 458 1097 O
491 1059 677 1096 medicina
709 1059 775 1106 rei,
809 1068 973 1105 congrua
1003 1067 1152 1103 semper
1183 1057 1228 1102 ei,

431 1115 556 1155 verae
586 1116 649 1152 lux
681 1114 780 1164 fidei,
815 1115 914 1151 linea
945 1119 1048 1151 recta,
1078 1113 1173 1160 spei,

431 1173 484 1209 Te
514 1183 603 1219 rogo
635 1172 749 1209 corde
781 1171 854 1218 pio,
887 1181 959 1218 qua
991 1171 1108 1217 magis
1139 1174 1220 1207 arte
1250 1169 1342 1217 scio,

430 1230 483 1266 'l'e
514 1229 603 1265 mihi
635 1229 801 1275 propitia
833 1228 958 1265 vivere
989 1230 1113 1264 mente
1144 1227 1218 1274 pia.

708 1330 878 1377 Eoeplicit
906 1329 1052 1368 titulus.

439 1508 520 1544 2⁴³0.
556 1510 613 1549 (3.)
650 1508 793 1553 Incipit
820 1507 1030 1544 secundum
1058 1506 1302 1552 Capitulum.

125 1617 160 1656 1,
195 1617 224 1653 O
255 1615 388 1664 Maria,
421 1625 509 1652 vere
539 1614 614 1661 pia,

251 1672 433 1709 Miserere
464 1671 622 1719 miseris,

194 1728 389 1775 Miserere,
420 1727 482 1775 pia
512 1738 611 1776 vere,

256 1785 430 1832 Pereunt,
464 1795 554 1831 quos
587 1784 740 1822 deseris.

126 1899 163 1935 2.
196 1898 226 1935 O
257 1908 399 1939 serena,
431 1897 511 1934 Deo
539 1897 650 1944 plena

249 1954 444 1991 Trinitatis
474 1955 605 2003 gratia,

197 2011 309 2057 Virgo
341 2011 488 2060 munda,
521 2011 586 2047 sed
621 2009 781 2048 fecunda

253 2067 411 2104 Deitatis
441 2067 572 2114 gloria,

123 2181 160 2217 3.
194 2179 314 2217 Causa
346 2180 428 2228 Dei,
459 2191 608 2226 quaeso,
638 2181 724 2227 mei,

256 2236 401 2273 Piorum
434 2236 613 2285 piissima,

195 2292 388 2341 Miserere,
421 2293 520 2330 mitis
554 2304 652 2342 vere,

249 2349 419 2387 Omnium
453 2350 679 2389 dulcissima.

133 2464 169 2501 4.
201 2462 231 2500 Ο
262 2463 468 2509 praeclara,
500 2464 580 2501 Deo
612 2475 711 2509 cara,

257 2519 336 2556 Tuo
367 2519 455 2556 mihi
486 2521 633 2557 servulo

201 2575 263 2613 Sic
294 2575 448 2623 dignare
479 2577 680 2623 propinare

255 2631 468 2670 Gratiarum
500 2633 631 2683 rivulo,

126 2746 159 2781 5.
195 2742 247 2781 Ut
279 2744 462 2783 fermento
493 2747 681 2785 luculento

251 2800 435 2848 Expiatus
467 2804 581 2840 veteri

193 2856 243 2894 Et
275 2857 402 2895 divino
432 2860 499 2896 sim
532 2861 680 2897 omnino

248 2913 488 2963 Mancipatus
518 2918 636 2966 operi,

960 1617 997 1653 6.

931 2751 995 2788 10.

1030 1614 1082 1652 Ut
1111 1623 1276 1650 meorum
1309 1612 1533 1650 delictorum

1085 1671 1291 1708 Relaxatus
1321 1669 1432 1707 venia

1029 1727 1249 1765 Fluviorum
1280 1726 1349 1763 sim
1382 1731 1529 1763 tuorum

1084 1785 1326 1823 Fecundatus
1357 1783 1497 1830 pluvia.

989 1928 996 1934 .
1030 1898 1059 1936 O
1091 1897 1226 1935 solaris
1257 1897 1368 1934 stella
1398 1886 1526 1946 maris,

1085 1955 1223 1992 Portus
1256 1958 1293 1990 et
1323 1952 1520 2000 refugium,

1030 2011 1215 2049 Salutaris
1244 2012 1280 2048 in
1312 2010 1520 2059 praeclaris

1086 2068 1197 2105 Mons
1228 2072 1264 2104 et
1295 2066 1548 2115 refrigerium,
1581 2115 1587 2120 ἢ

989 2211 997 2219 .
1031 2181 1119 2218 Veri
1151 2181 1253 2228 solis,
1286 2185 1372 2218 tuae
1402 2181 1520 2227 prolis

1084 2238 1198 2276 Iubar
1228 2242 1264 2275 et
1292 2237 1516 2286 solsticium,

1029 2295 1182 2342 Absque
1213 2306 1318 2332 mora
1349 2295 1402 2331 sic
1433 2305 1549 2332 exora

1085 2353 1204 2389 Tuum
1237 2363 1306 2398 pro
1338 2362 1396 2388 me
1426 2351 1556 2402 filium,

989 2496 998 2505 .
1030 2465 1100 2512 Ne,
1123 2466 1185 2513 qui
1207 2466 1338 2502 mortis
1360 2476 1441 2503 sum
1462 2465 1499 2502 in
1521 2465 1657 2512 portis,

1086 2523 1280 2559 Incurram
1312 2521 1562 2570 naufragium,

1030 2579 1105 2616 Sed
1137 2584 1173 2616 te
1206 2580 1299 2616 duce
1330 2583 1394 2616 tua
1424 2579 1507 2616 luce

1086 2636 1210 2673 Fruar
1241 2636 1467 2673 virtualium.

1027 2750 1056 2788 Ο
1089 2750 1272 2795 miranda,
1305 2751 1534 2799 veneranda,

1086 2807 1185 2844 Miro
1217 2806 1364 2854 fulgens
1395 2807 1541 2853 iubare,

1027 2864 1126 2900 Mire
1158 2862 1289 2908 fluens,
1321 2864 1416 2901 miro
1448 2863 1576 2902 fruens

1085 2920 1258 2958 Paradisi
1289 2925 1453 2960 nectare.
