2031 3289
350 294 415 332 21.

348 992 414 1030 22.

954 181 1264 222 —350—

448 291 523 333 llla
553 295 613 331 via
643 294 883 340 lampadibus

446 351 658 388 Innumeris
686 351 899 389 lucentibus

502 407 630 454 Usque
661 408 698 443 in
732 407 874 445 caelum
906 406 953 443 ab
985 406 1060 443 imo

448 463 565 500 Plena
596 468 689 507 erat,
723 462 1032 511 monstrantibus,

445 520 551 565 Quod
583 524 623 555 tu
655 520 787 565 plenus
818 519 1022 556 virtutibus

503 576 735 612 Coruscabas
767 575 973 625 altissimo3

445 632 501 668 Ob
532 632 628 668 illud
660 642 806 678 quoque
836 632 1006 678 aestimo,

445 688 565 735 Quod,
596 692 637 724 ut
668 688 819 725 lucebat
849 688 989 735 animo,

505 744 729 780 Praebendo
759 745 880 781 lucem
913 744 1059 793 ovibus,

447 800 510 837 Sic
540 806 604 837 tuo
635 801 764 837 mundi
795 801 927 837 ultimo

446 856 528 893 Lux
561 857 768 903 respondet
797 856 988 894 simillimo

503 913 582 950 Sibi
613 913 749 950 lucidis
781 914 941 952 actibus,

447 989 558 1039 Legis
589 993 728 1029 veteris
759 993 918 1029 latorem

446 1049 599 1086 Israelis
631 1054 667 1085 et
700 1050 893 1085 ductorem

500 1105 661 1150 Moysen
694 1106 819 1141 colunt
850 1105 994 1154 Iudaei,

444 1161 502 1198 Te
529 1161 729 1208 benignum
765 1166 1052 1208 praeceptorem

444 1217 608 1255 Nostrae
640 1218 733 1265 legis
765 1223 803 1254 et
834 1219 1006 1256 datorem

501 1275 627 1321 Atque
655 1276 785 1311 ducem
808 1279 961 1311 nostrae
983 1274 1076 1324 spei,

445 1330 525 1367 Nos
555 1342 643 1367 oves
674 1342 835 1378 pascuae
866 1331 938 1368 Dei

443 1387 492 1423 Et
525 1388 695 1424 monachi
727 1388 866 1433 speciei

503 1444 763 1490 Cuiuscunque
799 1455 867 1490 per
897 1444 1078 1480 honorem

445 1500 634 1536 Tenemur
662 1501 764 1537 horis
798 1500 873 1537 diei

445 1556 571 1593 Titulo
602 1557 722 1593 bonae
753 1556 843 1594 fidei

504 1614 686 1650 Venerari
719 1618 756 1649 et
787 1625 965 1652 amorem.

1163 296 1230 333 23.

1163 994 1228 1031 24.

1262 292 1392 341 Lupus
1423 305 1612 340 nunquam
1643 295 1865 342 aggreditur

1263 350 1437 399 Gregem,
1470 350 1534 386 ubi
1564 355 1695 398 pastor
1724 352 1842 389 scitur

1318 408 1532 454 Diligenter
1562 407 1730 453 vigilare,

1261 464 1367 500 Intus
1396 473 1478 499 esse
1510 463 1743 509 dignoscitur

1262 519 1380 561 Grex,
1411 519 1475 566 qui
1505 519 1576 555 tibi
1607 520 1853 556 committitur

1316 577 1390 613 Per
1420 575 1645 621 promissum
1676 576 1870 625 regulare,

1260 632 1357 668 Eum
1391 632 1483 668 velis
1513 642 1748 678 conservare,

1260 688 1375 724 Tueri
1407 693 1444 724 et
1476 687 1686 737 defensare,

1319 744 1377 781 Ne
1398 744 1522 790 lupus,
1546 745 1608 790 qui
1630 756 1703 781 non
1719 745 1891 790 moritur,

1264 801 1492 846 Quemquam
1533 805 1644 847 queat
1678 801 1891 848 molestare,

1263 857 1449 894 Invadere
1480 858 1539 893 vel
1570 857 1735 902 turbare,

1312 912 1403 950 Cum
1413 913 1534 959 possis
1545 913 1649 958 haee,
1661 919 1701 951 ut
1713 913 1891 953 creditur.

1261 989 1370 1031 Assis
1399 992 1491 1028 mihi
1521 996 1561 1028 tu
1591 996 1770 1037 tutamen,

1262 1048 1480 1086 Subsidium
1512 1054 1549 1085 et
1578 1049 1750 1085 iuvamen

1318 1106 1516 1142 Incursato
1547 1105 1594 1141 ab
1625 1104 1809 1150 hostibus,

1261 1162 1326 1199 Ori
1357 1172 1482 1198 eorum
1515 1162 1677 1208 ligamen

1262 1218 1380 1265 Pone,
1412 1229 1458 1254 ne
1488 1218 1556 1254 sim
1588 1218 1627 1254 in
1660 1228 1835 1254 voramen

1319 1274 1417 1320 Ipsis
1448 1273 1558 1311 factis
1589 1273 1810 1323 voracibus3

1262 1330 1352 1367 Tuis
1384 1331 1523 1367 sanctis
1555 1331 1757 1367 virtutibus

1262 1387 1352 1423 Tuis
1385 1387 1582 1434 dignisque
1612 1387 1788 1433 precibus

1318 1443 1381 1480 Sic
1416 1444 1506 1480 mihi
1539 1445 1605 1480 des
1635 1444 1891 1491 sublevamen,

1264 1500 1313 1537 Ut
1345 1511 1413 1548 pro
1446 1501 1587 1537 relictis
1618 1500 1789 1537 omnibus

1265 1557 1537 1604 Centuplicatis
1571 1556 1716 1593 vicibus

1320 1612 1514 1650 Gaudeam
1539 1614 1707 1652 caelitus,
1759 1616 1892 1654 Amen,

428 1690 572 1722 Collect.
599 1701 660 1721 ms.
687 1691 972 1722 Claraevallense
997 1701 1087 1722 saec.
1116 1688 1169 1723 15.
1216 1690 1298 1722 Cod.
1325 1690 1469 1722 Trecen.
1498 1688 1595 1722 1612.

637 1812 718 1846 357.
755 1812 836 1856 (12.)
872 1812 1009 1848 Missio
1035 1822 1109 1857 pro
1136 1811 1270 1847 literis
1296 1811 1606 1854 congregandis.

451 1883 554 1920 Sicut
606 1884 654 1920 ad
705 1884 993 1920 lamentationes
1044 1895 1129 1921 suas
1176 1883 1354 1920 Ieremias
1399 1884 1459 1920 vel
1507 1885 1605 1919 sicut
1649 1884 1698 1922 ad
1743 1883 1894 1921 laudem

276 1931 281 1933 ”
338 1940 505 1976 mulieris
522 1937 554 1989 ¹)
598 1939 707 1976 fortis
740 1940 914 1977 Salomon
948 1951 1076 1977 omnes
1106 1941 1238 1976 literas
1271 1940 1468 1977 hebraicas
1501 1940 1618 1977 voluit
1651 1951 1891 1988 congregare,

335 1996 390 2032 sic
430 2007 508 2046 ego,
557 1997 685 2033 volens
727 2008 900 2034 coronam
943 1998 1067 2034 laudis
1109 1997 1242 2033 beatae
1281 1996 1418 2043 virgini
1463 2000 1497 2032 et
1530 1997 1609 2032 eius
1632 1996 1709 2033 filio
1741 1998 1892 2046 cudere,

336 2053 513 2090 mandavi
568 2053 754 2089 universis
804 2054 926 2090 literis
977 2054 1107 2090 latinis
1157 2064 1226 2100 per
1277 2053 1447 2089 diversas
1499 2063 1629 2089 sacrae
1680 2053 1894 2100 scripturae

336 2110 508 2154 regiones
560 2110 773 2157 dispersas,
818 2116 859 2146 ut
906 2111 1102 2158 venirent,
1147 2110 1308 2146 maxime
1352 2121 1433 2146 cum
1482 2109 1554 2155 ipsi
1600 2110 1757 2156 virginis
1802 2110 1893 2159 filio,

338 2167 541 2203 earundem
581 2165 814 2214 fabricatori,
848 2168 894 2203 de
925 2168 1006 2203 iure
1035 2167 1228 2204 servitium
1260 2166 1480 2213 impendere
1506 2166 1723 2212 tributaque
1745 2167 1906 2204 solvere*

335 2226 566 2261 tenerentur.

627 2224 729 2268 Quae
771 2234 851 2259 cum
893 2229 1049 2270 accepto
1090 2223 1269 2260 mandato
1300 2223 1569 2264 accessissent,
1616 2224 1896 2271 responderunt

335 2280 564 2316 unanimiter
604 2290 731 2315 omnes
773 2281 847 2316 sic:
892 2280 999 2316 Licet
1037 2291 1107 2328 per
1148 2284 1185 2316 te
1221 2280 1314 2316 alias
1347 2284 1505 2315 vexatae
1537 2277 1716 2315 fuerimus
1748 2286 1823 2317 tam
1855 2280 1894 2317 in

335 2336 552 2382 Alphabeto
582 2335 664 2372 Arc
703 2336 835 2382 byssus
876 2337 1064 2374 castitatis
1106 2341 1176 2373 etc.
1217 2347 1327 2382 quam
1366 2336 1403 2371 in
1441 2336 1515 2372 alio
1548 2335 1695 2373 Gallico
1727 2337 1893 2383 scripto:

335 2391 373 2429 A
406 2394 469 2439 toy
500 2393 550 2429 du
583 2393 721 2430 monde.
754 2392 786 2428 le
813 2394 917 2440 refui
949 2398 1034 2438 etc,‚
1068 2397 1192 2430 tamen
1223 2393 1360 2428 iterato
1391 2403 1574 2435 assumus,
1610 2402 1708 2440 ecce,
1741 2392 1809 2430 tibi
1835 2403 1893 2430 se-

340 2449 500 2485 cundum
530 2449 698 2485 ordinem
730 2454 897 2486 nostrum
929 2450 1028 2496 quod
1061 2450 1231 2496 sequitur
1261 2454 1568 2495 praesentantes:
1897 2453 1900 2455 '

1207 2512 1453 2555 Nobilitatrix
1488 2516 1653 2555 omnium

392 2513 488 2562 Ave,
521 2513 842 2564 benedictissima,

394 2570 560 2612 Caritate
593 2570 825 2617 dulcissima,

450 2626 603 2667 Eiciens
634 2627 844 2678 fastidium,

396 2682 583 2729 Gloriosa,
616 2684 838 2736 humillima,

399 2739 628 2789 Imperatrix
662 2741 879 2789 karissima,

449 2796 706 2838 Laetificatrix
736 2801 932 2847 mentium,

450 2909 477 2950 ¹)
502 2911 682 2943 mulierum
708 2912 772 2945 Hs,

1207 2570 1418 2612 Puritatem
1448 2573 1723 2625 quaerentium,

1264 2627 1496 2675 Reparatrix
1527 2629 1765 2668 sanctissima

1208 2683 1275 2725 Tis
1306 2686 1512 2724 volentium
1542 2686 1695 2724 xenium

1208 2740 1368 2782 Ydonee
1398 2743 1601 2780 zelantium

1264 2796 1390 2838 Zerna
1421 2795 1807 2848 congru[ent]issima.
