1914 3223
770 237 825 242 —
885 215 965 255 327
1026 237 1080 242 —

369 328 427 366 Tu
457 331 608 366 sanctos
639 332 743 365 vates
775 327 897 365 fecisti
918 320 1069 376 'degere
1104 330 1211 379 tales,

367 384 422 423 Ut
452 384 628 421 miranda
659 384 730 422 Dei
763 390 943 421 cancrent
974 387 1175 432 praeconia
1212 387 1366 426 Christi.

367 441 584 487 Discipulos
616 441 757 479 Christi
788 447 864 478 tam
897 440 1016 478 fortes
1036 445 1130 479 'esse
1163 443 1317 489 dedisti,

270 497 320 536 15
368 498 461 535 Eius
492 503 532 534 ut
564 498 601 534 in
635 502 809 534 cunctum
843 498 1022 535 veherent
1057 500 1238 536 miracula
1269 501 1461 540 mundum.

371 554 461 592 Cum
495 554 706 591 machinam
738 566 864 591 rerum
897 554 1042 591 faceret
1074 556 1175 593 Deus
1207 557 1504 606 omnigenarum,

367 611 425 648 Tu
457 610 604 647 foturus
635 622 752 657 aquas
783 612 849 648 has
881 611 963 648 iure
994 616 1058 649 tuo
1089 612 1295 652 solidabas,

366 668 423 705 Tu
457 667 632 714 lymphas
663 669 801 714 pandis
833 668 1029 705 animabus
1061 668 1299 706 vivificandis

369 725 531 771 Ipseque
563 724 735 761 carnales
766 724 848 761 tieri
882 725 950 761 das
982 725 1213 773 spirituales,

269 782 322 819 20
369 781 426 818 Tu
457 791 605 827 quoque
635 781 796 817 divisum
830 792 898 828 per
928 782 1080 828 linguae
1109 782 1314 819 schismata
1346 783 1525 820 mundum

367 837 419 875 Et
450 838 574 874 varios
608 838 702 874 ritus
734 838 967 885 coadunasti,
1001 839 1063 885 pie
1095 837 1216 876 flatus.

365 894 558 932 Idolatras
589 899 732 941 gentes,
764 895 835 931 hoc
866 900 923 931 est
954 895 1157 932 simulacra
1187 896 1366 944 colentes,

368 951 431 988 Ad
463 951 604 988 cultum
636 951 789 988 Domini
820 958 871 999 tu,
906 953 1058 997 praesul
1090 963 1244 998 summe,
1279 952 1434 991 vocasti.

365 1008 478 1046 Nunc
507 1007 616 1056 assis,
649 1013 791 1054 sancte,
823 1008 931 1045 nobis
964 1008 1214 1046 clamantibus
1241 1009 1290 1046 ad
1321 1013 1381 1053 te‚·

268 1066 319 1102 25
367 1064 464 1101 Nam
495 1066 576 1101 sine
607 1069 645 1101 te
677 1064 820 1102 frustra
853 1064 895 1101 tit
925 1070 1005 1102 tota
1037 1066 1205 1112 precatio
1236 1070 1380 1105 nostra.

367 1121 436 1169 Tu,
470 1121 532 1167 qui
562 1125 782 1158 cunctorum
816 1122 978 1158 docuisti
1010 1122 1127 1159 corda
1157 1123 1319 1168 piorum,

370 1176 555 1215 Efficiens
585 1178 672 1214 illos
705 1178 861 1224 proprio
893 1179 940 1215 de
971 1179 1122 1215 numine
1153 1179 1286 1226 dignos

370 1234 513 1272 Christi
550 1234 771 1281 discipulos,
805 1235 918 1271 hodie
949 1240 1001 1281 tu,
1034 1236 1204 1282 spiritus,
1237 1236 1319 1282 ipse

364 1291 524 1328 Insolito
555 1292 700 1328 cunctis
731 1291 958 1328 benedicens
990 1303 1144 1328 munere
1174 1289 1347 1343 saecl[is]

267 1348 319 1386 30
366 1347 478 1384 Hunc
507 1347 651 1384 idcirco
684 1348 783 1385 diem
814 1346 940 1386 fecisti
970 1349 1051 1385 iure
1084 1349 1286 1389 celebrem.

230 1425 345 1467 Opera
370 1429 505 1467 autogr.
531 1425 674 1457 Othloni
700 1425 954 1458 Emmeramen.
982 1437 1071 1458 saec.
1102 1425 1150 1458 11.
1203 1427 1289 1459 Clm.
1316 1428 1485 1459 Monacen
1514 1425 1640 1459 14756.
1664 1444 1706 1449 —

139 1471 330 1502 Aufschrift
355 1473 419 1502 wie
445 1471 544 1503 oben.
564 1489 604 1493 —
623 1471 806 1503 Poetische
825 1471 1106 1514 Uinschrcibung
1122 1472 1182 1504 der
1200 1474 1376 1514 Sequens:
1402 1470 1532 1505 Sancti
1549 1471 1704 1513 spiritns

139 1513 230 1548 assit
254 1514 358 1547 volsis
383 1515 516 1559 qratia.

569 1617 651 1653 254.
686 1618 745 1660 (7.)
783 1618 931 1654 Versus
956 1618 1004 1652 de
1034 1617 1097 1652 (lie
1122 1617 1278 1654 iudicii.

368 1689 398 1727 O
430 1700 496 1726 vos
528 1689 781 1735 christicolae,
814 1690 877 1737 qui
907 1690 982 1726 iam
1015 1690 1218 1726 remanetis
1249 1690 1288 1726 in
1318 1689 1423 1738 orbe,

426 1746 525 1784 Dum
557 1746 652 1783 bene
683 1746 851 1793 possitis,
883 1747 1030 1793 pergite
1063 1747 1109 1783 de
1140 1746 1256 1793 vitiis,

371 1803 467 1840 Nam
498 1804 599 1839 valet
632 1803 691 1839 hic
723 1803 839 1839 multa
872 1808 1049 1839 constans
1084 1804 1206 1840 oratio
1238 1807 1379 1850 vestra,

428 1861 547 1906 Quam
578 1864 666 1896 tunc
698 1871 768 1906 pro
800 1859 919 1896 nihilo
951 1859 1121 1906 proferet
1150 1859 1271 1896 omnis
1303 1860 1426 1906 homo,

300 1919 321 1954 5
371 1916 461 1954 Cum
492 1927 670 1963 suprema
701 1916 782 1953 dies
813 1921 920 1953 actus
951 1916 1178 1952 reseraverit
1210 1927 1353 1961 omnes,

425 1974 478 2011 Et
508 1973 611 2010 Deus
643 1974 880 2020 omnipotens
914 1973 960 2010 de
992 1974 1141 2020 superis
1172 1974 1327 2010 veniens

372 2030 498 2067 Iustos
528 2030 567 2066 in
600 2030 747 2073 dextra,
780 2030 847 2067 sed
880 2041 1017 2076 pravos
1049 2034 1159 2076 parte
1190 2030 1347 2067 sinistra

431 2088 569 2125 Pastor
598 2091 640 2123 ut
669 2097 715 2123 ex
746 2087 879 2123 hoedis
912 2086 1133 2123 dissociabit
1164 2097 1264 2125 oves,

371 2143 529 2180 Talibus
561 2143 699 2180 intenti
730 2143 857 2180 verbis
889 2143 1012 2180 animo
1044 2143 1207 2189 sapienti

272 2200 323 2238 10
430 2199 588 2246 Semper
618 2204 792 2244 tractate,
826 2201 925 2246 quod
958 2210 1073 2247 genus
1106 2199 1196 2236 estis
1227 2199 1350 2238 Adae.

369 2257 555 2295 Praesens
587 2257 666 2293 vita
698 2256 838 2301 brevis,
871 2258 938 2294 sed
971 2257 1043 2293 erit
1076 2260 1234 2293 ventura
1266 2256 1455 2303 perennis,

427 2313 574 2359 Nempe
606 2313 739 2350 beatus
771 2314 881 2349 homo
914 2313 1075 2360 despicit
1107 2317 1198 2359 apta
1229 2313 1354 2359 modo,

368 2369 562 2407 Aedificat
593 2380 730 2417 mores,
763 2370 811 2406 ad
844 2381 953 2407 veros
985 2371 1106 2407 tendit
1140 2370 1313 2417 honores,

426 2426 536 2476 Nam,
571 2427 684 2474 quod‚
704 2427 864 2463 mundus
896 2431 1009 2467 amat.
1043 2427 1113 2463 hoc
1144 2427 1247 2463 velut
1277 2426 1406 2463 umbra
1441 2426 1547 2465 labit.

271 2483 322 2521 15
371 2482 410 2520 Si
443 2495 510 2520 nos
541 2493 585 2519 ex
619 2484 734 2520 variis
763 2484 1022 2529 cognoscimus
1053 2484 1184 2519 ultima
1218 2483 1347 2529 signis,

427 2540 528 2576 Hinc
560 2540 682 2576 minus
713 2540 854 2576 incauti
885 2540 1037 2576 turbine
1067 2540 1211 2586 iudicii,

370 2596 465 2633 Eius
497 2597 533 2633 in
564 2607 761 2633 occursum
794 2602 987 2633 teneamus
1019 2603 1174 2643 pectora
1205 2607 1364 2643 sursum,

427 2653 479 2690 Ut
510 2653 694 2690 Dominus
726 2653 878 2689 veniens
910 2654 1078 2690 inveniat
1110 2653 1256 2699 vigileS.

373 2709 470 2745 Nam
502 2709 559 2745 sol
591 2714 627 2745 et
658 2709 746 2746 luna
778 2709 988 2755 pallescent
1019 2710 1100 2756 legc
1131 2709 1200 2745 sub
1231 2720 1318 2757 una,

272 2767 323 2804 20
429 2765 558 2802 Rebus
588 2765 726 2801 abhinc
757 2766 842 2802 tinis
875 2766 1041 2812 cooperit
1074 2776 1155 2801 essc
1187 2765 1293 2805 cinis,

367 2821 539 2870 Denique
570 2822 623 2858 nil
654 2826 783 2865 restat,
817 2821 900 2867 nisi,
933 2822 1033 2868 quod
1066 2832 1153 2868 spes
1184 2822 1317 2859 ultima
1347 2826 1530 2871 praestat,

426 2878 534 2924 Quod
566 2878 725 2915 mortale
757 2877 840 2921 fuit,
873 2878 943 2915 hoc
975 2878 1169 2915 moriendo
1201 2878 1289 2926 ruit,

367 2936 420 2972 At
450 2935 598 2972 animae
629 2935 802 2971 meritum
835 2935 1020 2971 mercedis
1052 2935 1216 2982 percipit
1246 2946 1365 2976 usum.
