1914 3223
147 555 214 594 16.

145 825 208 864 17.

146 1096 208 1133 18.

147 1366 211 1405 19.

144 1639 209 1677 20.

142 1910 207 1949 21.

149 2182 214 2220 22.

145 2446 211 2484 23.

759 168 1061 209 -433-

174 309 210 322 ..
245 283 465 332 vagientem
497 287 534 320 et
563 284 765 320 lactentem

301 338 538 377 Confovebas
569 339 724 386 gremio,

244 395 353 434 Servi
383 396 462 443 ille,
495 400 535 433 tu
566 396 727 433 ancillae

299 452 447 490 Functa
477 463 516 489 es
547 451 687 492 officio.

247 554 304 591 Tu
336 553 506 590 docentis
537 558 573 590 et
606 553 793 591 vescentis

302 609 382 648 Usa
412 619 452 646 es
483 610 712 660 praesentia,

243 666 297 704 Te
328 666 470 703 sciente
501 671 539 703 et
571 666 723 704 vidente

299 722 408 760 Fecit
438 722 642 762 mirabilia.

243 824 297 862 Te
329 828 528 871 praesente
559 828 596 861 et
625 828 799 862 monente

298 881 545 920 Consecravit
574 880 739 927 nuptias,

241 937 398 983 Quando
430 937 517 974 vino
549 937 745 984 repentino

297 993 370 1031 Sex
400 994 575 1041 implevit
605 993 777 1041 hydrias.

244 1095 301 1132 Tu
333 1095 484 1132 divinae
518 1095 742 1142 disciplinae

300 1151 526 1189 Pascebaris
555 1152 690 1199 gratia,

242 1207 341 1245 Dum
380 1208 576 1255 signorum
609 1212 644 1245 et
674 1208 874 1246 verborum

299 1265 391 1305 Eius
424 1275 526 1301 esses
559 1266 722 1304 conscia,

243 1367 339 1413 Quot
370 1376 543 1414 angores,
575 1371 663 1414 quot
696 1367 846 1405 dolores

301 1423 382 1461 Tua
414 1424 533 1460 sensit
565 1423 702 1470 anima⁷

244 1479 335 1517 Cum
343 1479 381 1516 in
391 1489 539 1516 crucem
548 1491 730 1517 summum
741 1480 874 1517 ducem

301 1535 402 1573 Gens
435 1536 577 1573 levavit
607 1536 791 1583 pessima!

242 1639 339 1685 Quot
360 1639 536 1686 lamenta,
560 1644 651 1686 quot
670 1643 872 1687 tormenta,

300 1695 438 1741 Quanti
470 1696 525 1733 tui
556 1696 728 1743 gemitus,

243 1752 336 1790 Cum
366 1762 434 1789 rex
466 1752 561 1790 caeli
592 1758 667 1790 tam
699 1751 845 1790 crudeli

299 1808 417 1845 Morti
449 1812 547 1846 esset
581 1809 766 1846 traditus!

242 1909 367 1948 Corde
397 1910 499 1948 tristi
529 1911 721 1960 pertulisti

299 1967 490 2004 Passionis
522 1967 702 2017 gladium,

243 2022 336 2060 Cum
367 2023 520 2061 irrisum
554 2028 591 2061 et
620 2024 784 2061 occisum

298 2079 420 2117 Tuum
451 2080 574 2118 cernis
603 2079 735 2119 filium.

246 2180 343 2218 Nam
367 2191 434 2218 rex
456 2192 612 2228 magnus
635 2182 737 2219 velut
758 2193 877 2229 agnus

302 2237 494 2275 Immolari
525 2238 645 2275 voluit

246 2293 295 2331 Et
327 2305 398 2341 par
424 2304 575 2331 crucem
605 2294 714 2332 nobis
744 2295 866 2332 lucem

304 2351 357 2387 Et
387 2351 549 2388 salutem
580 2351 724 2389 tribuit.

243 2446 336 2483 Eius
367 2456 490 2493 poena.
523 2458 591 2484 nos
621 2447 671 2485 ad
701 2458 818 2494 regna

303 2502 482 2540 Provehit
515 2503 706 2552 caelestia,

247 2558 348 2596 Crux
380 2559 531 2597 virtutis
563 2564 600 2596 et
629 2560 762 2597 salutis

302 2615 414 2653 Certa
447 2620 504 2652 est
534 2614 685 2653 fiducia.

151 2711 216 2749 24.
248 2710 433 2748 Mundum
470 2721 604 2759 regens
635 2712 738 2750 velut
768 2723 881 2760 egens

307 2768 416 2804 Yisus
448 2772 508 2806 est
537 2768 755 2818 incredulis,

252 2822 305 2862 Ut
324 2834 395 2870 per
417 2822 575 2861 formam
592 2826 692 2863 servi
709 2836 878 2863 normam

307 2880 417 2918 Vitae
449 2880 558 2918 daret
589 2882 763 2921 servulis.

203 2947 250 2974 Dr
259 2956 327 2975 eve
337 2956 350 2974 s
361 2971 367 2979 ,
390 2949 595 2977 lateinische
617 2950 907 2984 Hymnondichter.

961 286 1026 322 25.

963 555 1027 593 26.

962 825 1027 863 27.

965 1097 1030 1137 28.

964 1368 1028 1405 29.

961 1640 1027 1679 30.

966 1911 1031 1951 31.

966 2184 1032 2222 32.

963 2451 1028 2488 33.

968 2715 1033 2754 34.

947 2950 990 2976 11.

1060 284 1142 321 Rex
1173 275 1376 320 immensus
1407 286 1462 319 est
1483 292 1694 329 suspensus

1117 340 1249 377 Crucis
1281 340 1317 376 in
1349 338 1532 386 patibulo,

1060 399 1093 433 A
1126 406 1331 442 poenarum
1362 399 1601 433 aeternarum

1173 452 1331 489 Salvans
1363 463 1431 489 nos
1463 451 1644 498 periculo.

1062 554 1148 591 Pius
1182 555 1285 591 Iesus
1318 551 1451 600 flagris
1483 563 1612 590 caesus

1118 610 1167 646 Et
1200 620 1340 647 corona
1373 610 1506 656 spinea

1063 667 1271 703 Coronatus
1303 670 1339 702 et
1369 676 1438 712 per
1468 666 1566 703 latus

1119 723 1188 760 Est
1220 721 1428 760 transfixus
1459 723 1605 759 lancea.

1059 824 1130 871 Qui
1163 823 1364 870 effringens
1396 824 1508 861 chaos
1539 823 1672 870 ingens

1117 880 1303 927 Spoliavit
1335 879 1490 928 inferos,

1059 937 1208 974 Fractis
1239 937 1360 983 portis
1393 936 1500 975 dirae
1530 936 1662 974 mortis

1118 994 1274 1030 Vinctos
1306 991 1398 1030 facit
1429 993 1583 1030 liberos.

1063 1095 1093 1133 Ο
1125 1106 1235 1141 quam
1267 1094 1366 1132 laeta
1397 1105 1436 1131 es
1468 1093 1600 1132 effecta

1120 1151 1190 1188 Die
1221 1149 1322 1188 facta
1353 1151 1481 1198 tertia,

1062 1207 1156 1246 Cum
1188 1218 1254 1244 rex
1282 1206 1391 1244 fortis
1413 1208 1535 1244 victae
1556 1207 1693 1245 mortis

1122 1264 1283 1302 Protulit
1314 1264 1477 1301 indicia!

1063 1366 1158 1404 Nam
1189 1367 1383 1413 antiquum
1414 1366 1607 1403 inimicum

1118 1423 1221 1460 Diris
1253 1423 1442 1470 stringens
1473 1422 1634 1461 vinculis

1062 1479 1110 1517 Se
1141 1479 1345 1517 videndum
1378 1485 1414 1515 et
1443 1479 1673 1526 tangendum

1119 1536 1301 1573 Praebuit
1333 1535 1542 1582 discipulis.

1060 1639 1150 1685 Quis
1181 1648 1350 1688 narrare,
1383 1638 1466 1685 quis
1497 1647 1657 1684 pensare

1116 1696 1236 1733 Tuum
1269 1695 1389 1742 possit
1419 1694 1610 1741 gaudium,

1059 1751 1216 1798 Quando
1247 1751 1401 1789 maestis
1423 1761 1490 1788 rex
1512 1750 1691 1788 caelestis

1121 1809 1228 1845 Pacis
1261 1808 1367 1845 dedit
1398 1806 1598 1844 nuntium?

1065 1911 1178 1951 Unde
1208 1911 1278 1948 tibi
1309 1912 1391 1949 laus
1422 1912 1562 1949 ascribi

1121 1967 1246 2005 Debet
1277 1972 1390 2015 atque
1420 1968 1553 2015 gloria,

1065 2025 1168 2071 Quae
1198 2028 1389 2062 tantorum
1419 2025 1640 2072 gaudiorum

1125 2082 1244 2119 Facta
1275 2091 1314 2118 es
1346 2082 1517 2119 materia.

1065 2184 1155 2221 Post
1177 2187 1233 2220 tot
1254 2183 1371 2233 signa,
1401 2193 1496 2229 quae
1517 2187 1557 2219 tu
1580 2182 1695 2229 digna

1123 2239 1300 2276 Meruisti
1333 2249 1500 2286 cernere,

1064 2296 1127 2333 Ad
1157 2301 1355 2342 paternum
1388 2295 1495 2332 vides
1516 2296 1691 2332 thronum

1119 2352 1259 2389 Filium
1291 2352 1510 2389 ascendere.

1063 2448 1130 2487 Cui
1161 2449 1288 2485 iuncta
1319 2458 1433 2494 super
1464 2451 1598 2484 cuncta

1120 2505 1349 2542 Potestatem
1381 2504 1541 2547 obtines,

1062 2561 1190 2599 Omnis
1222 2561 1305 2606 soli,
1338 2561 1457 2598 omnis
1488 2560 1567 2607 poli

1119 2617 1372 2665 Supergressa
1403 2617 1571 2655 ordines.

1066 2714 1095 2752 O
1127 2714 1268 2763 regina,
1302 2713 1375 2750 huc
1403 2713 1544 2751 inclina

1124 2770 1212 2808 Piae
1243 2769 1378 2806 mentis
1409 2769 1552 2807 lumina

1064 2826 1114 2863 Et
1146 2837 1282 2863 excusa
1315 2836 1429 2872 prece
1460 2824 1544 2864 fusa

1122 2882 1363 2920 Servulorum
1394 2883 1563 2922 crimina.

1446 2946 1489 2980 28
