2031 3289
908 149 1217 189 —188—

638 264 676 302 2.
724 263 797 299 Ast
828 261 893 298 ubi
924 272 964 299 se
995 260 1135 299 furiata
1165 262 1246 298 lues

721 318 878 356 Excitat
907 318 1020 365 inque
1050 328 1179 355 necem
1211 318 1364 355 Domini

725 374 913 411 Provocat
943 374 1074 411 invida
1105 375 1222 412 corda
1254 374 1373 425 ducis,

724 429 880 467 concite
912 431 1063 467 mittere
1095 434 1194 478 cogit
1225 441 1309 467 eum

723 486 902 524 Sternere
935 490 973 523 et
1003 488 1152 534 agmina
1183 487 1292 535 plura
1322 497 1427 526 nece.

639 600 677 637 3.
726 598 803 636 Ceu
833 599 892 636 leo
922 610 1008 636 nam
1040 597 1170 636 fremit
1199 599 1237 635 in
1269 598 1429 646 facinus,

722 655 837 693 Cuius
868 655 915 692 ab
948 665 1013 692 ore
1044 660 1152 692 tener
1182 655 1307 693 subito

722 710 866 759 Effugit
896 723 1014 759 agnus
1045 712 1084 749 in
1112 723 1203 749 arva
1235 712 1379 758 procul.

720 768 847 805 Vertit
876 767 915 804 in
946 767 1147 806 innocuum
1178 779 1283 805 arma
1313 778 1476 816 gregem,

719 824 876 874 Atterit,
910 825 1112 874 excruciat,
1145 825 1300 864 lacerat.

636 938 674 974 4.
722 936 785 974 Sic
813 936 987 973 Herodes
1019 937 1235 973 stimulante
1266 937 1361 974 chao

720 993 830 1030 More
860 993 940 1040 lupi
973 992 1211 1042 furibundus,
1245 1004 1386 1040 amens,

724 1050 890 1087 Parvula
920 1050 1025 1086 milia
1057 1053 1184 1096 strage
1216 1050 1322 1087 dedit

721 1105 924 1152 Turgfflus,
956 1106 1134 1143 horridus
1165 1110 1277 1152 atque
1309 1105 1428 1156 ferox,

721 1161 894 1199 Christus
924 1167 964 1200 at
994 1173 1098 1199 arma
1130 1161 1297 1200 nefanda
1327 1164 1432 1204 vitat,

636 1277 673 1315 5.
720 1275 811 1321 Quis
843 1275 913 1311 tibi
943 1278 1045 1321 tuno,
1079 1275 1192 1323 lanio,
1225 1275 1341 1312 ardor
1371 1280 1464 1326 erat,

721 1332 831 1369 Talia
869 1342 950 1368 cum
983 1342 1130 1378 quoque
1161 1332 1415 1380 prospiceres,

718 1389 879 1426 Pectore
909 1398 1049 1434 quosve
1083 1389 1201 1426 dabas
1232 1389 1407 1438 gemitus,

720 1444 812 1482 Cum
844 1444 1007 1491 puerilia
1038 1445 1207 1482 membra
1237 1455 1369 1482 secans

716 1501 909 1538 Matribus
941 1501 1024 1547 ipse
1054 1502 1182 1548 lugere
1215 1501 1363 1539 dabas?

634 1616 672 1653 6.
720 1614 808 1651 Dux
839 1614 948 1660 bone,
981 1613 1126 1651 arbiter
1160 1614 1344 1661 egregius,

720 1671 909 1717 Sanguine
941 1669 1108 1716 pasceris
1140 1669 1313 1715 innocuo,

721 1727 952 1773 Corporibus
984 1727 1148 1763 minimis
1180 1727 1329 1764 inhians

719 1784 875 1821 Viscera
905 1783 1034 1820 sobria
1066 1783 1265 1829 dilaceras,

717 1840 867 1877 Gaudia
897 1851 998 1877 mors
1032 1840 1156 1877 aliena
1187 1840 1306 1879 dabit.

636 1953 672 1992 7.
720 1953 823 2000 Ergo
854 1963 935 2002 age,
967 1956 1100 1999 tortor,
1133 1953 1265 2000 adure,
1297 1963 1397 2000 seca,

715 2009 855 2047 Divide
887 2009 1055 2046 membra
1087 2014 1216 2046 coacta
1247 2011 1346 2046 luto!

714 2065 870 2104 Solvere
905 2077 985 2103 rem
1016 2065 1189 2113 fragilem
1221 2065 1334 2103 facile
1367 2070 1444 2115 est;

718 2122 803 2159 Non
835 2126 1011 2169 penetrat
1044 2123 1152 2160 dolor
1182 2123 1353 2170 interius,
1988 2132 2013 2170 1⁴

714 2179 855 2216 Mentis
885 2180 924 2216 in
955 2189 1043 2216 arce
1072 2186 1199 2216 manet
1229 2179 1424 2218 Dominus,
1988 2166 2013 2238 ξ

1988 2244 1991 2262 l

631 2292 668 2329 8.
716 2292 790 2328 Hic
821 2291 964 2328 funeris
996 2292 1083 2338 quia
1114 2302 1228 2328 causa
1259 2289 1343 2340 fuit,

714 2349 888 2386 Praemia
919 2349 976 2385 his
1007 2359 1122 2395 super
1151 2353 1255 2386 astra
1287 2348 1405 2393 dabit,

713 2404 770 2441 Tu
801 2416 885 2451 quo,
918 2405 1050 2441 mortis
1081 2409 1227 2442 amator
1257 2415 1398 2451 amenS,
1988 2416 1990 2454 l

718 2461 856 2497 Mortis
889 2463 925 2498 in
958 2462 1098 2498 extima
1127 2462 1209 2498 iure
1240 2462 1346 2498 cadis
1988 2462 1989 2474 ¹

721 2517 773 2554 Et
802 2519 979 2564 gemitum
1012 2519 1092 2555 sine
1123 2518 1197 2555 fine
1230 2517 1351 2556 dabis,
1986 2479 1990 2580 1

629 2632 667 2669 9.
716 2630 838 2668 Cedat
868 2642 974 2668 amor
1004 2631 1266 2668 lacrimantum
1297 2631 1502 2677 hominum,

711 2687 783 2733 Qui
815 2687 1010 2724 celebrare
1041 2698 1217 2734 suprema
1244 2687 1379 2735 solent,

713 2743 862 2780 Flebile
893 2745 1003 2781 cedat
1036 2748 1073 2780 et
1104 2743 1283 2791 officium,

712 2800 950 2847 Martyribus
981 2801 1068 2847 quia
1100 2811 1216 2847 regna
1244 2805 1386 2851 patent,

712 2856 861 2894 Gaudia
891 2861 1151 2904 perpetuaque
1182 2861 1345 2896 manent.

2000 2484 2014 2854 o——w-*Q-
2010 2426 2013 2445 -
1988 2394 1990 2399 ’
1988 2346 2014 2368 ⁷.
