1914 3223
749 167 804 172 —
863 146 960 188 647-
1000 169 1057 206 .—

119 259 156 298 3.
202 257 392 303 vergente
423 258 517 296 caeli
548 260 699 296 numine

202 313 370 352 Verbum
401 315 556 361 angelus
587 317 747 364 nuntiat,

202 370 328 408 Maria
358 382 454 408 novo
487 372 638 413 lumine,

203 427 283 472 Quo
316 426 508 464 Christum
542 429 649 465 nobis
681 428 818 477 pariat,

201 483 446 521 Microcosmi
476 485 715 533 salvatorem,

201 540 271 586 Qui
302 550 371 586 per
401 541 504 587 pium
536 552 603 578 nos
633 551 799 578 amorem

259 599 293 634 A
325 597 497 644 gehenna
527 601 715 646 protegat.

148 730 155 738 .
203 697 318 737 Cuius
351 696 441 735 forti
472 699 666 745 potentiae

204 754 326 792 Nemo
357 759 483 802 potest
516 756 706 804 resistere,

203 810 278 848 Sed
314 815 443 848 tantae
475 816 532 848 est
561 811 794 863 clementiae,

199 869 279 915 Qua
310 868 507 914 nequimus
541 867 725 912 deficere,-

201 924 301 962 Hine
333 924 491 962 eandem
522 925 780 971 imploremus,

200 980 252 1019 Ut
284 985 440 1027 peccata
472 982 727 1028 emendemus,

255 1038 359 1083 Quae
390 1038 451 1074 hic
482 1038 544 1085 pie
575 1038 755 1086 corrigat.

207 1115 248 1146 A.
274 1115 331 1147 fol.
362 1113 465 1147 127a.
491 1133 534 1138 —

941 263 978 301 5.
1025 261 1207 300 Occasum
1238 263 1294 299 sol
1326 262 1487 299 retineat

1021 317 1115 355 Cata
1144 329 1252 355 manc
1283 317 1518 365 refulgendo,

1023 374 1125 411 Alba
1154 375 1243 412 luna
1274 376 1437 412 emineat

1024 430 1102 468 Nos
1134 431 1245 476 simul
1278 431 1531 479 respiciendo,

1025 487 1078 525 Ut
1109 491 1276 525 extremo
1307 488 1448 525 iudicio

1027 542 1211 581 sistamus
1242 545 1322 581 sine
1355 545 1445 582 vitio

1085 600 1198 638 Casta
1228 601 1351 638 meriti
1385 602 1472 639 vita,

970 731 980 740 .
1027 702 1081 738 Te
1114 702 1376 748 deprecamur,
1409 702 1581 748 Domine,

1025 756 1095 802 Qui
1127 758 1274 804 lapsum
1302 759 1375 795 scis
1406 759 1445 795 in
1476 758 1637 806 homine,

1026 813 1285 851 Incastitatem
1317 815 1516 862 reprimas,

1026 869 1227 916 Frugalem
1259 872 1375 908 vitam
1408 870 1593 921 conferas»,

1024 926 1075 964 Ut
1107 931 1230 963 tecum
1261 928 1298 964 iu
1330 928 1477 965 laetitia

1025 983 1193 1020 Tandem
1225 984 1306 1021 sine
1337 984 1526 1021 maestitia

1080 1039 1266 1077 Canamus
1297 1051 1424 1077 omnes
1455 1041 1520 1080 ita.

523 1238 604 1275 425.
642 1238 699 1282 (8.)
737 1238 905 1276 carmen
931 1239 1092 1276 Zanctis
1118 1240 1270 1275 (latum.

143 1363 152 1372 .
200 1333 344 1379 Victor,
377 1333 485 1370 miles
517 1334 788 1384 sanctissimus,

199 1389 353 1427 Effulsit
379 1390 417 1426 in
450 1390 612 1428 ecclesia

197 1445 248 1484 Ut
279 1446 436 1493 homo,
474 1447 576 1492 leo,
609 1447 808 1484 vitulus

197 1502 250 1540 Et
281 1503 412 1540 volans
443 1503 552 1540 avis
584 1504 701 1552 regia.

198 1559 344 1597 Claruit
374 1561 412 1597 in
443 1571 568 1608 pugna

253 1616 365 1653 nimis
396 1617 504 1654 miles
534 1617 608 1653 iste
639 1616 750 1654 beata

195 1674 351 1720 Iamque
381 1673 452 1710 Dei
484 1674 590 1710 vultu

254 1728 428 1777 fungitur
460 1730 602 1777 absque
632 1734 746 1769 metu.

111 1842 148 1870 ·.
196 1831 226 1870 Ο
257 1831 397 1868 1101110
429 1832 525 1882 pius,
559 1832 722 1879 patiens,

197 1888 226 1926 Ο
258 1888 402 1933 Victor,
436 1889 543 1925 miles
574 1888 717 1935 inclite,

194 1945 383 1982 Amabilis
415 1945 694 1992 commilitibus,

196 2000 425 2039 Confortans
455 2002 523 2039 hos
555 2001 773 2040 virtutibus.

195 2058 307 2095 Hunc
337 2058 521 2095 Dominus
552 2058 718 2105 pugilem

252 2115 424 2162 repperit
455 2116 599 2152 cunctis
625 2115 858 2167 vigilantem,

195 2171 387 2218 Quemque
418 2182 532 2219 super
562 2172 743 2218 populum

249 2228 382 2265 statuit
412 2228 496 2275 ipse
526 2239 646 2266 suum.

135 2359 144 2369 .
191 2330 266 2367 Hic
297 2330 423 2368 audax
453 2331 531 2368 leo
563 2331 705 2368 restitit

190 2387 454 2434 Tyrannorum
485 2387 685 2434 suppliciis

189 2443 356 2494 Nisibus,
390 2443 526 2490 quibus
557 2444 694 2493 potuit,

188 2500 324 2538 Mundi
355 2500 556 2547 carnisque
586 2500 688 2538 vitiis

189 2558 315 2603 Atque
345 2568 458 2594 manu
489 2555 579 2594 forti

247 2613 434 2659 percussit
465 2617 501 2650 et
532 2624 598 2651 ore
629 2613 789 2663 Goliam,

188 2668 276 2706 Fiat
306 2674 347 2706 ut
378 2680 399 2707 a
431 2669 594 2707 Domino

243 2737 378 2773 magna
408 2727 509 2763 salus
541 2727 695 2774 populo.

937 1336 974 1373 4.
1021 1334 1184 1372 Eleazar
1213 1338 1254 1371 ut
1285 1334 1498 1371 vitulum

1021 1390 1085 1428 Sic
1114 1391 1176 1427 hic
1207 1390 1349 1428 cibavit
1380 1391 1575 1437 proprium

1023 1448 1096 1486 Per
1126 1451 1284 1484 mortem
1316 1452 1353 1484 et
1384 1448 1606 1495 martyrium

1023 1504 1169 1550 Corpus
1200 1504 1237 1541 in
1270 1503 1496 1541 sacrificium

1018 1560 1083 1608 Et,
1115 1561 1202 1607 quia
1234 1559 1344 1597 fortis
1375 1565 1471 1607 erat,

1077 1618 1187 1654 Iosue
1217 1616 1396 1654 bellando
1427 1621 1577 1654 secutus

1022 1673 1114 1711 Cum
1146 1673 1306 1711 Domino
1338 1678 1438 1710 totus

1077 1740 1176 1767 nunc
1207 1730 1287 1767 sine
1317 1729 1391 1767 fine
1423 1734 1560 1769 manet.

932 1834 968 1870 5.
1014 1831 1088 1868 Hic
1119 1831 1229 1869 avis
1261 1832 1344 1869 visu
1374 1832 1566 1879 limpidus,

1016 1889 1189 1935 Superna
1221 1888 1316 1925 vidit
1347 1889 1499 1934 clarius,

1018 1945 1081 1982 Ad
1112 1945 1189 1982 alta
1221 1945 1351 1982 volans
1381 1945 1516 1982 avidus

1017 2001 1172 2040 Caelum
1205 2001 1305 2048 cepit
1335 2002 1569 2048 quantocius

1017 2058 1150 2096 Gloria
1180 2058 1229 2095 sit
1261 2058 1422 2094 Domino

1072 2113 1205 2152 famuli
1236 2113 1348 2151 felice
1379 2114 1590 2163 triumpho3

1015 2171 1158 2222 Hostis,
1192 2182 1302 2218 quem
1333 2171 1436 2218 vicit,

1071 2227 1307 2275 perniciosus
1339 2232 1433 2265 erat.

958 2360 968 2370 .
1015 2330 1045 2368 Ο
1076 2335 1186 2377 pater
1217 2329 1484 2371 amantissime,

1014 2386 1044 2425 O
1077 2387 1220 2435 Victor,
1255 2386 1362 2422 miles
1394 2385 1538 2434 inclite,

1012 2444 1056 2480 In
1087 2443 1147 2480 via
1180 2441 1238 2479 fer
1268 2442 1461 2491 auxilium,

1013 2498 1110 2537 Nam
1142 2510 1238 2536 vana
1269 2499 1369 2536 salus
1401 2497 1603 2536 hominum.

1015 2555 1142 2592 Verba
1171 2556 1226 2592 tui
1259 2554 1389 2592 famuli

1070 2610 1181 2648 felice
1213 2609 1351 2660 [sume]
1384 2610 1588 2657 triumpho,

1014 2668 1124 2705 Sume
1158 2678 1289 2714 preces
1321 2667 1467 2713 populi,

1069 2734 1161 2770 quos
1193 2723 1299 2760 dabit
1330 2724 1411 2771 ipse
1442 2723 1525 2762 tibi.

194 2826 231 2857 B.
265 2843 309 2847 —
347 2824 376 2865 1,
405 2824 424 2858 7
458 2827 603 2869 Iamque
636 2827 678 2859 de
703 2827 813 2858 vultu.
840 2841 882 2847 -
908 2823 939 2863 5,
968 2822 983 2855 1
1011 2825 1040 2855 Ο
1067 2825 1153 2855 avis.
1183 2840 1222 2844 —
1248 2822 1278 2861 6,
1306 2822 1325 2854 7
1351 2833 1461 2864 prece.
1487 2841 1530 2844 —
1555 2824 1621 2855 Str.
1648 2821 1668 2855 6

101 2869 197 2903 dient
222 2871 273 2902 als
299 2871 487 2903 Rundreim
513 2872 583 2904 und
609 2872 700 2904 steht
725 2872 777 2904 als
803 2870 938 2903 soleher
964 2869 1078 2901 hinter
1104 2870 1172 2901 Str.
1199 2866 1229 2899 2.
