1914 3223
840 142 894 184 63

97 259 164 296 49.
211 257 308 305 Ave,
340 260 474 303 mater,
507 267 616 303 quarn
650 256 689 295 in
720 237 848 294 throni

95 646 161 685 50.

92 1036 158 1075 51.

88 1421 154 1461 52.

85 1806 151 1845 53.

85 2191 152 2228 54.

86 2575 152 2614 55.

210 313 406 362 Dignitate
437 313 643 360 superponi

272 370 398 408 Voluit
430 369 619 406 caelicolis

211 427 262 473 Is,
295 427 360 473 qui
392 425 518 462 frenat
549 429 584 461 et
614 426 763 473 aurigat

213 483 318 521 Caeli
354 486 503 529 raptum
536 485 571 518 et
603 482 665 528 qui
697 482 791 529 ligat

268 539 468 577 Elementa
499 537 695 585 symbolis.

211 646 307 693 Ave,
340 645 463 693 virgo,
496 655 591 692 quae
623 649 815 682 tonantem

209 701 329 740 Lacte
359 702 484 739 nutris
515 705 551 738 et
582 702 786 739 lactantem

267 758 410 796 Stricta
443 758 562 805 cingis
594 756 735 806 fascia;

206 815 304 862 Ave,
336 815 467 862 semel,
498 825 568 851 ave
599 826 760 864 rursum,

206 873 309 918 Quae
323 882 393 918 per
410 881 559 909 carnem
572 871 675 908 sistis
688 881 838 909 cursum

263 928 397 966 Carnis
428 928 477 965 ad
511 927 688 969 declivia.

205 1035 309 1074 Sicut
342 1036 445 1073 unda
475 1045 660 1082 praeceps
690 1033 785 1085 fluit,

205 1092 268 1130 Sic
299 1096 501 1139 corruptae
533 1092 657 1129 carnis
688 1092 764 1129 ruit

259 1149 392 1197 Moles,
413 1149 462 1186 ad
492 1147 649 1196 flagitia,

207 1204 296 1250 Sed,
329 1205 416 1242 dum
448 1205 533 1242 unis
565 1205 670 1242 carni
700 1205 835 1256 Deum,

206 1262 340 1301 Carnis
372 1273 506 1308 aquam
537 1263 575 1299 in
605 1261 774 1309 Lyaeum

264 1319 392 1357 Vertis
423 1319 567 1356 ventris
600 1318 750 1366 hydria.

200 1419 297 1465 Ave,
332 1419 379 1456 de
410 1429 483 1466 qua
514 1418 596 1456 Deo
627 1422 775 1466 gratum

199 1476 270 1514 Est
300 1475 487 1512 numisma
517 1473 758 1522 fabricatum,

255 1533 335 1579 Quo
366 1532 527 1569 mundus
558 1532 771 1580 redimitur,

199 1590 360 1627 Praeter
389 1599 532 1627 morem
562 1588 757 1635 usitatum,

198 1646 284 1683 Non
301 1655 370 1692 per
383 1643 525 1691 follem,
544 1645 611 1682 sed
624 1655 692 1692 per
704 1644 834 1683 flatum

257 1704 364 1741 Haec
393 1706 544 1739 moneta
575 1702 739 1741 cuditur.

197 1805 292 1854 Ave,
326 1814 396 1850 per
425 1813 536 1850 quam
567 1801 610 1839 fit
642 1803 832 1849 passivum

198 1860 366 1899 Verbum
397 1860 506 1907 illud,
540 1860 640 1906 quod
667 1860 832 1898 activum

255 1917 353 1955 Erat
384 1916 431 1953 ab
463 1916 584 1960 initio,

198 1974 293 2024 Ave,
326 1983 396 2020 per
427 1983 537 2020 quam
569 1982 725 2020 serpens
753 1972 833 2021 ille,

198 2030 269 2076 Qui
310 2029 537 2067 maeandros
568 2030 689 2076 serpit
717 2029 832 2079 mille,

255 2087 421 2124 Tollitur
453 2086 500 2123 de
531 2086 670 2125 medio.

194 2189 291 2236 Ave,
324 2188 442 2235 virgo,
473 2191 595 2225 mater
625 2188 737 2234 alma,

198 2246 303 2293 Quae
335 2245 503 2296 divinum
536 2255 575 2281 es
605 2245 766 2294 agalma,

258 2301 422 2339 Nidulus
451 2306 488 2338 et
519 2311 682 2347 camera,

203 2358 317 2396 Cuius
350 2356 475 2395 fructu
507 2362 740 2406 vegetamur,

202 2415 380 2462 Vegetati
411 2424 637 2452 veneramur

260 2471 421 2509 Viscera
452 2470 611 2509 deifera.

198 2575 295 2623 Ave,
329 2572 445 2620 digna
474 2572 596 2610 Deum
627 2570 740 2621 ferre,

199 2629 314 2669 Cuius
344 2633 476 2667 sancta
507 2630 651 2667 caelum
682 2634 808 2666 terrae

258 2685 422 2724 Castitas
453 2685 718 2730 conterminat,

200 2742 313 2781 Cuius
347 2752 412 2780 cor
440 2742 478 2780 in
511 2743 615 2780 caelo
646 2741 761 2779 fixum

198 2799 251 2837 Et
281 2798 422 2836 amoris
451 2799 538 2847 igne
570 2798 707 2835 frixum

257 2857 382 2894 Iesum
413 2865 564 2903 semper
595 2855 771 2894 ruminat.

897 143 921 184 5
956 171 960 175 .

921 259 988 298 56.

923 647 987 685 57.

914 1037 980 1076 58.

909 1421 975 1460 59.

905 1804 970 1843 60.

907 2187 973 2228 61.

905 2572 971 2610 62.

1033 258 1128 303 Ave,
1162 267 1257 304 pura
1287 256 1404 306 virgo,
1438 259 1569 302 mater,

1034 315 1118 351 Ave
1149 313 1277 359 semel,
1310 313 1381 358 bis,
1414 316 1484 362 ter,
1516 316 1662 361 quater,

1089 371 1172 407 Ave
1203 369 1306 406 mille
1335 369 1494 415 vicibus,

1033 427 1128 470 Ave,
1162 426 1268 473 virgo
1299 426 1428 473 comis,
1460 425 1574 472 mitis,

1033 484 1126 523 Ave,
1161 488 1282 520 mater
1313 482 1510 529 exquisitis

1090 539 1321 576 Extollenda
1352 538 1540 578 laudibus,

1034 647 1127 695 Ave,
1147 650 1280 693 mater,
1303 645 1456 683 maestis
1474 649 1660 694 prompta,

1037 704 1154 749 Quam
1164 713 1236 740 non
1247 706 1403 749 possunt
1412 702 1504 739 satis
1511 706 1660 749 compta

1086 759 1263 796 Laudare
1295 758 1474 796 facundia

1031 816 1103 853 Tot
1133 815 1326 861 Marones,
1359 819 1414 852 tot
1445 814 1626 862 Sibyllae,

1030 872 1128 918 Quot
1158 876 1244 908 sunt
1266 872 1363 910 vasti
1384 871 1499 909 maris
1521 872 1660 918 stillae,

1089 927 1305 966 Conflantes
1337 928 1498 975 ingenia.

1029 1036 1072 1073 In
1104 1040 1140 1072 te
1172 1036 1335 1082 primum
1365 1035 1572 1085 ultimatur,

1031 1092 1268 1130 Primitivum
1303 1092 1514 1141 derivatur;

1081 1149 1186 1186 Talis
1219 1149 1404 1186 derivatio

1026 1205 1112 1243 Non
1144 1210 1201 1242 est
1230 1209 1321 1242 nota
1352 1205 1546 1242 Prisciano

1028 1261 1106 1298 Nec
1134 1261 1285 1299 Maroni
1316 1262 1524 1299 Mantuano

1083 1318 1163 1355 Nee
1196 1318 1273 1355 vati
1303 1318 1492 1355 Maeonio.

1023 1420 1081 1456 Tu
1112 1419 1243 1456 mortis
1276 1429 1315 1455 es
1346 1418 1525 1466 ablativa,

1022 1476 1117 1523 Quia
1147 1476 1267 1522 prolis
1298 1475 1472 1522 genetiva

1080 1532 1168 1569 Sine
1200 1532 1312 1578 culpa
1343 1531 1507 1579 genitae,

1020 1590 1078 1626 Tu
1108 1587 1218 1625 fletus
1250 1599 1290 1624 es
1321 1588 1544 1634 abstersiva‚

1021 1645 1289 1683 Restauratrix
1321 1649 1358 1681 et
1390 1644 1519 1682 dativa

1078 1701 1286 1741 Libertatis
1318 1701 1505 1748 perditae.

1017 1804 1114 1842 Ave.
1147 1806 1269 1839 mater
1299 1806 1337 1839 et
1365 1802 1506 1850 puella,

1018 1862 1121 1906 Quae
1154 1859 1323 1905 captivos
1355 1870 1376 1896 a
1409 1858 1547 1896 dicella

1077 1915 1279 1953 Servitutis
1310 1915 1451 1953 liberas

1018 1974 1069 2011 Et
1099 1973 1138 2009 in
1169 1972 1263 2009 lucis
1295 1972 1447 2019 regione

1019 2030 1206 2075 Superato
1237 2029 1435 2066 Pharaone

1077 2085 1233 2132 Superis
1265 2085 1470 2123 adlateraS.

1019 2188 1115 2232 Ave,
1148 2197 1253 2224 cama
1283 2187 1371 2224 Iesu
1401 2186 1554 2235 Christi,

1018 2244 1122 2290 Quae
1152 2243 1324 2280 mortalis
1356 2242 1556 2280 ostendisti

1077 2299 1197 2338 Nobis
1229 2299 1327 2337 vitae
1357 2299 1564 2348 speculum,

1019 2357 1122 2403 Quae
1153 2356 1284 2393 latoris
1316 2366 1355 2392 es
1386 2355 1530 2392 fiscella

1022 2413 1153 2451 Novae
1183 2412 1278 2459 legis
1305 2417 1342 2448 et
1373 2412 1531 2461 cistella,

1078 2470 1220 2508 Currus
1251 2473 1289 2505 et
1319 2468 1542 2506 vehiculum.

1017 2571 1075 2608 Tu
1105 2571 1278 2618 lechytus
1309 2580 1348 2607 es
1378 2570 1481 2617 olivi,

1017 2627 1074 2665 Tu
1105 2627 1232 2666 vitalis
1261 2627 1322 2664 via
1350 2627 1433 2675 rivi,

1074 2683 1146 2721 Dei
1178 2683 1429 2730 brevigerula,

1017 2740 1074 2778 Tu
1106 2740 1280 2777 columna
1311 2739 1544 2789 clinicorum,

1020 2797 1079 2835 Tu
1110 2796 1277 2834 celeuma
1305 2794 1576 2843 naufragorum

1079 2853 1128 2890 Et
1159 2853 1325 2890 secunda
1356 2851 1500 2891 tabula.
