1914 3223
695 136 1004 177 -125—

218 250 254 288 2.
301 250 358 288 Tu
388 261 470 299 nos,
501 250 751 297 omnipotens,
785 250 1000 300 clementer„
1033 255 1174 294 sancte,
1205 261 1417 297 precamur.

297 306 428 344 Hostis
459 306 507 344 ab
539 305 687 343 insidiis
719 305 904 344 defendas
935 312 1044 344 noete
1077 303 1224 354 dieque.

298 363 356 400 Sit
386 362 494 400 nobis
525 363 563 400 in
596 369 633 401 te
664 364 836 411 requies;
870 369 921 406 tu,
955 364 1131 400 conditor
1162 364 1271 410 alme,

297 420 506 456 Instantem
538 418 622 456 fieri
652 425 800 457 noctem
833 420 972 468 largire
1004 420 1182 466 quietem,

213 524 249 561 3.
298 521 356 559 Ne
387 522 513 569 gravis
545 521 729 568 impediat
756 523 877 559 noetis
909 522 1068 569 caligine
1099 532 1264 566 somnus,

296 577 428 616 Hostis
457 578 639 625 subrepat
670 578 778 616 nobis
810 589 856 615 ne
877 577 1023 616 fraude
1055 579 1230 627 maligna,

297 634 356 672 Ne
387 645 475 672 caro
505 636 699 682 peccando
732 634 878 682 fragilis
910 635 1120 672 consentiat
1150 635 1205 671 illi

297 691 450 738 Nosque
481 702 565 728 reos
597 696 738 729 statuat
768 692 865 730 iusto
897 692 965 729 sub
997 692 1122 729 iudice
1154 691 1319 730 Christo.

212 796 251 832 4.
299 793 431 832 Gloria
462 805 597 841 magna
628 795 728 841 patri
760 794 899 843 iugiter
929 804 998 841 per
1028 794 1179 832 saecula
1211 799 1358 842 cuncta,

299 850 431 888 Gloria
462 862 606 888 sumnia
636 851 757 898 patris
789 856 877 888 nato
907 852 955 888 sit
986 861 1136 898 semper
1166 851 1205 888 in
1234 861 1392 898 aevum3

296 907 455 956 Spiritui
487 907 683 945 amborum
714 908 859 954 pariter
889 908 937 944 sit
967 908 1089 955 gloria
1119 918 1271 954 perpes,

297 963 430 1002 Gloria
461 964 670 1002 saeclorum
703 976 771 1011 per
801 965 953 1002 saecula
981 964 1030 1001 sit
1060 964 1237 1004 trinitati.

11 1087 14 1097 .
154 1065 298 1097 Collect.
330 1075 393 1096 ms.
418 1066 570 1096 incertae
596 1066 683 1106 orig.
710 1075 799 1097 saec.
831 1063 881 1097 10.
931 1065 1014 1097 Cod.
1040 1066 1195 1106 Lipsien.
1223 1066 1307 1107 Rep.
1333 1066 1360 1103 Ι,
1387 1064 1439 1096 74.
1490 1066 1626 1097 Daraus

61 1111 202 1151 Haupt,
234 1110 397 1142 Berichte
428 1110 488 1142 der
521 1110 591 1152 kgl.
628 1110 850 1142 siiehsisehen
884 1110 1012 1143 Gesell.
1045 1110 1076 1141 d.
1102 1111 1317 1142 VVissensch.
1343 1110 1471 1143 Philol.
1505 1111 1626 1142 histor.

60 1153 461 1233 I—K-l.318‘{0i‚l¹?t.os‘l—l4;
495 1156 688 1194 Diimmler‚
713 1157 841 1188 Poetae
867 1157 954 1188 Aevi
982 1156 1097 1188 Cal-ol.
1122 1156 1156 1192 Ι,
1193 1154 1246 1188 78.
1272 1173 1315 1177 —
1339 1153 1371 1195 3,
1398 1154 1418 1188 2
1444 1157 1626 1198 subripiat.

129 1220 159 1240 L,
328 1227 332 1232 -
347 1226 353 1232 ι
