2031 3289
943 209 1245 252 -234—

332 326 534 359 Iacobum
554 325 621 357 und
641 324 701 357 dor
719 325 880 367 Angabe:
911 325 960 365 „A
979 325 1129 356 domno
1156 325 1285 357 Petro
1311 323 1566 356 Venerabili
1592 324 1672 356 Clu
1687 324 1889 357 niacensi

333 369 612 413 com1)osita.“
664 372 735 402 Das
768 370 927 401 Officium
963 371 1009 401 ist
1039 371 1074 400 in
1109 370 1218 401 Prosa
1247 369 1489 412 geschrieben,
1523 369 1579 400 die
1613 380 1656 401 zu
1690 369 1887 402 demselben

331 418 520 459 gelidi-igen
554 417 716 458 Hymnen
749 416 831 447 aber
856 416 885 447 O
915 418 1021 446 nata
1052 415 1125 446 lux
1157 415 1204 446 de
1238 415 1406 446 lumine
1432 414 1500 445 und
1526 414 1555 445 O
1586 418 1707 446 sator
1738 426 1903 454 rerum,

333 466 564 504 reparator
597 463 690 493 aevi
723 461 800 491 sind
830 460 926 491 nieht
951 471 1020 491 von
1046 461 1168 491 Petrus
1193 460 1350 491 Mauritii
1377 459 1530 498 versasst,
1556 460 1600 490 da
1625 461 1676 491 sie
1701 460 1829 492 bereits
1854 462 1890 492 in

334 507 604 539 Ilandsehriften
635 507 693 537 des
728 504 778 537 10.
814 505 882 536 und
919 504 969 536 ll.
995 505 1248 537 Jahrhunderts
1283 504 1545 547 nachgewieseu
1576 505 1714 536 werden
1739 505 1888 538 konnen.

334 554 399 584 Die
420 552 689 584 Handsehriften
719 562 788 582 von
815 552 928 582 Donai
955 550 1023 582 und
1050 550 1147 581 Paris
1173 551 1289 582 bieten
1315 561 1378 581 uns
1404 561 1446 581 zu
1472 549 1650 581 mehreren
1674 552 1805 583 Prosen
1830 551 1889 582 des

333 599 438 629 Abtes
471 608 539 628 von
565 598 679 637 Cluny
710 596 797 627 auch
831 596 887 627 die
921 596 1146 637 Singweisen.
1196 595 1323 637 Einige
1348 595 1528 627 derselben
1554 595 1694 626 konnen
1721 607 1788 627 von
1813 595 1889 628 dem

335 643 476 674 Dichter
501 642 700 679 herriihren,
725 642 795 680 der,
822 642 885 672 wie
910 643 971 672 wir
995 652 1064 672 von
1090 641 1213 672 Petrus
1238 641 1472 672 pictaviensis
1498 641 1666 678 erfaliren,
1693 641 1781 673 auch
1808 651 1888 673 aus·

333 688 484 719 iibender
510 688 664 719 Musiker
690 697 777 718 war:

649 752 826 793 filimirus,
854 755 1050 796 astrilogus,
1080 754 1319 785 arithmeticus
1345 757 1379 785 et
1402 756 1590 795 geometra,

695 800 959 840 Grammaticus,
986 799 1126 831 rhethor
1155 803 1189 831 et
1213 799 1415 831 dialecticus
1441 802 1502 831 est.

684 1047 765 1083 250.
800 1047 858 1091 (l.)
891 1047 1023 1082 Prosa
1047 1046 1087 1081 in
1114 1046 1338 1081 Nativitate
1363 1045 1538 1081 Domini.

339 1143 410 1181 la.
454 1141 619 1189 Caelum,
639 1142 772 1189 gaude,
791 1145 906 1188 terra,
926 1141 1078 1188 plaude,
1154 1140 1226 1178 lb.
1269 1140 1380 1186 Virgo
1411 1140 1532 1176 Deum
1565 1144 1622 1176 est
1652 1140 1773 1187 enixa,

453 1199 572 1235 Nemo
604 1203 726 1235 mutus
757 1199 806 1235 sit
835 1211 858 1235 a
889 1199 1013 1245 laude,
1264 1197 1376 1235 Unde
1404 1201 1511 1233 vetus
1543 1197 1643 1243 perit
1675 1197 1769 1244 rixa,

503 1255 566 1292 Ad
595 1256 784 1302 antiquam
816 1255 999 1302 originem
1321 1253 1425 1291 Perit
1456 1258 1562 1289 vetus
1594 1253 1796 1301 discordia,

504 1312 619 1349 Redit
649 1313 758 1349 homo
790 1323 857 1360 per
882 1312 1078 1358 virginem.
1322 1309 1498 1347 Succedit
1529 1321 1601 1357 pax
1633 1314 1670 1346 et
1699 1310 1831 1357 gloria.

337 1405 408 1441 aa.
450 1403 556 1439 Tunc
599 1403 644 1440 de
685 1413 799 1439 caeno
831 1403 950 1449 surgit
980 1412 1078 1450 reuS,
1151 1400 1224 1439 2b.
1266 1400 1395 1437 Nutrit
1425 1400 1531 1446 virgo
1563 1403 1784 1446 creatorem,

451 1460 539 1495 Cum
572 1461 610 1496 in
638 1458 724 1495 feno
754 1459 850 1495 iacet
885 1459 998 1501 Deus,
1266 1457 1320 1494 Ex
1362 1467 1401 1493 sc
1432 1455 1570 1493 factum
1604 1457 1892 1505 redemptorem,

506 1516 612 1553 Tune
649 1516 724 1553 vile
765 1516 859 1552 celat
893 1515 1079 1552 stabulum
1321 1514 1432 1550 Latet
1461 1514 1498 1549 in
1531 1513 1694 1560 pueritia

506 1573 690 1611 Caelestis
722 1583 829 1609 escae
860 1572 1050 1618 pabulum.
1321 1570 1460 1607 Divina
1491 1570 1688 1616 sapientia.

344 1666 412 1702 3:⁷1.
456 1665 532 1700 Lac
563 1664 709 1700 stillant
740 1663 870 1700 matris
898 1663 1028 1709 ubera,
1153 1661 1226 1700 3b.
1267 1662 1368 1709 Ergo
1402 1661 1500 1698 dulei
1533 1661 1697 1698 melodia

453 1721 528 1757 Lac
560 1719 723 1757 fundunt
753 1721 831 1757 nati
863 1721 1022 1768 viscera,
1266 1719 1527 1765 l'ersonemuS,
1559 1728 1580 1753 0
1613 1718 1746 1767 Maria,

506 1777 604 1814 Dum
636 1778 778 1824 gratiae
811 1777 1050 1814 dulcedinem
1322 1775 1524 1821 Religiosis
1557 1774 1708 1810 vocibus

509 1835 580 1871 Per
592 1838 823 1880 assumptum
839 1834 903 1870 dat
916 1834 1115 1870 hominem.
1324 1832 1374 1868 Et
1404 1831 1578 1868 clamoris
1609 1829 1826 1867 affectibus:

338 1927 409 1963 4a.
452 1924 574 1973 Salve,
609 1925 714 1970 virgo
745 1924 957 1971 benedicta,
1153 1922 1226 1960 4b.
1267 1922 1323 1958 Tu
1354 1927 1566 1967 serpentem
1599 1920 1757 1970 evicisti,

451 1982 554 2026 Quae
582 1980 721 2027 fugasti
750 1981 964 2029 maledieta,
1267 1979 1378 2015 Cuius
1411 1981 1524 2024 eaput
1555 1977 1780 2024 contrivisti,

508 2038 632 2084 Salve,
665 2042 784 2074 mater
815 2037 1003 2083 altissimi,
1323 2036 1411 2072 Cum
1444 2035 1546 2071 Deus
1578 2044 1623 2070 ex
1655 2037 1692 2070 te
1723 2033 1869 2084 genitus

509 2095 608 2141 Agni
639 2105 777 2142 sponsa
809 2093 1008 2130 mitissimi.
1321 2092 1414 2128 Eius
1445 2090 1515 2128 fuit
1546 2090 1732 2128 interitus.

341 2189 410 2225 521.
453 2186 509 2222 Tu
541 2186 728 2222 caelorum
758 2185 994 2232 imperatrix,
1156 2183 1226 2221 ab.
1269 2184 1325 2219 'l'u
1358 2181 1536 2229 fenestra,
1566 2186 1689 2228 porta,
1722 2181 1854 2227 vellus,

452 2243 508 2279 'l'u
540 2247 725 2279 terrarum
758 2241 984 2289 reparatrix,
1268 2240 1378 2287 Aula,
1398 2239 1541 2283 domus,
1560 2238 1753 2287 templum,
1768 2237 1893 2287 tellus,

509 2300 569 2336 Ad
582 2310 689 2345 quam
700 2299 1081 2345 suspiranthomines,
1324 2295 1560 2341 Virginitatis
1592 2295 1710 2331 lilium

509 2356 624 2401 Quam
643 2366 802 2402 nequam
817 2359 982 2392 tremunt
995 2355 1080 2392 (lae-
1324 2353 1373 2389 Et
1403 2363 1488 2389 rosa
1518 2361 1587 2399 per
1616 2351 1852 2398 martyrium.

813 2422 951 2449 mones.

341 2505 411 2541 Ga.
454 2501 1079 2551 I-Iortuselausus,fonshortorum,
1154 2501 1226 2540 cb.
1267 2500 1505 2538 Dominatrix
1537 2499 1767 2546 angelorum,

453 2560 593 2597 Sordes
624 2561 755 2598 lavans
787 2564 1038 2606 peecatorum,
1266 2558 1360 2603 Spes
1391 2561 1475 2603 post
1498 2556 1617 2593 Deum
1647 2555 1894 2601 sacculorum,

509 2617 727 2663 inquinatos
759 2617 962 2663 puritieans
1322 2613 1435 2660 Regis
1467 2612 1748 2650 reclinatorium

510 2674 560 2710 Et
590 2678 756 2710 mortuos
789 2672 992 2710 vivificans,
1322 2671 1373 2707 Et
1406 2669 1556 2706 deitatis
1585 2669 1732 2708 solium,

343 2765 410 2800 721.
455 2763 573 2800 Stella
602 2763 748 2810 fulgens
780 2763 956 2811 Orientis,
1157 2762 1227 2800 7b.
1271 2763 1410 2799 Parens
1441 2759 1558 2796 nostri
1591 2763 1630 2796 tu
1660 2759 1827 2807 parentis

455 2820 616 2857 Umbras
650 2820 781 2867 fugans
813 2819 1033 2863 occidentis,
1268 2818 1317 2855 Et
1348 2816 1518 2864 genetrix
1551 2827 1617 2852 nos
1649 2816 1847 2863 gignentis,

511 2879 660 2915 Aurora
691 2877 780 2914 solis
813 2876 966 2923 praevia
1322 2875 1414 2911 Piae
1445 2873 1575 2909 matris
1607 2871 1744 2909 fiducia

510 2934 559 2970 1⁴:1¹
591 2934 671 2970 dies
702 2934 820 2970 noctis
852 2933 989 2971 nescia.
1323 2932 1441 2968 Natos
1473 2929 1571 2977 patri
1603 2929 1774 2967 concilia.
