1914 3223
710 135 1016 175 -441—

539 382 622 418 413.
657 382 737 423 (25.)
772 382 830 416 De
855 381 985 416 Beata
1009 381 1189 436 Virgine.
1219 426 1221 428 q

98 533 134 574 1.
165 533 265 579 Quid
295 532 407 570 modo
439 532 621 570 dictarem

165 590 293 637 Teque
324 589 625 627 commendarem

166 646 362 694 Cautaque
391 646 493 683 dulci
524 646 727 693 psallerem

220 703 278 741 De
308 707 360 749 te,
392 713 414 740 o
448 703 552 750 virgo
583 702 676 750 pia?

165 861 224 899 Tu
254 861 367 899 laude
399 861 560 908 dignior,

164 918 222 956 Tu
253 922 366 955 cantu
397 917 555 965 dulcior,

165 975 224 1013 Tu
253 975 419 1012 carmine
448 974 660 1019 iucundior,

220 1032 379 1079 Semper
409 1031 515 1078 virgo
545 1030 682 1069 Maria.

165 1213 313 1259 Gaude,
345 1213 383 1250 in
414 1212 484 1250 Dei
516 1212 670 1261 lumine,

225 1269 354 1317 Virgo,
386 1269 590 1315 illustrata,

168 1326 257 1365 Sine
288 1326 389 1363 virili
420 1326 562 1362 semine

220 1384 345 1422 Puero
376 1381 593 1430 fecundata,

165 1439 224 1478 De
259 1439 423 1489 glorioso
454 1439 603 1477 nomine

221 1498 308 1535 Iesu
336 1501 458 1534 mater
488 1500 634 1534 vocata.

915 534 951 570 2.
986 532 1041 568 Tu
1073 531 1185 568 ardes
1217 541 1357 577 amore,

983 588 1039 625 Tu
1071 588 1168 625 nites
1203 587 1352 634 decore,

981 645 1112 691 Tuque
1143 644 1359 691 praepolles
1394 644 1547 690 honore,

1037 701 1094 738 Tu
1128 701 1250 737 stillas
1284 700 1449 738 dulcore.

983 860 1040 896 Tu
1073 859 1180 896 callis
1215 858 1371 905 erranti,

982 916 1040 953 Tu
1071 921 1204 962 portus
1235 914 1393 958 natanti,

983 973 1040 1010 Tu
1071 982 1158 1019 spes
1186 971 1224 1008 in
1257 971 1404 1017 exsilio,

1039 1029 1096 1066 Tu
1126 1029 1252 1065 lumen
1280 1028 1319 1064 in
1346 1027 1521 1068 obscuro.

982 1210 1164 1247 Adiutrix
1196 1214 1238 1246 tu
1268 1208 1473 1246 laudabilis

1039 1267 1208 1304 Deiectis
1241 1266 1279 1303 in
1312 1265 1492 1312 peccatis,

986 1324 1100 1370 Virgo
1133 1323 1287 1361 Christo
1318 1322 1505 1369 amabilis,

1040 1380 1226 1417 Succurre
1257 1379 1366 1416 nobis
1397 1379 1528 1426 gratis,

982 1437 1077 1475 Favi
1109 1441 1239 1483 gustus
1271 1435 1471 1481 mirabilis,

1040 1493 1197 1531 Gemma
1228 1492 1452 1531 nobilitatis.

176 2817 248 2849 Fol.
280 2817 344 2850 154
365 2820 396 2851 b.

87 2860 186 2894 Anal.
211 2863 236 2900 Ι,
261 2861 314 2895 85.

446 2819 539 2857 ,Ista
571 2819 747 2852 cantilena
775 2820 912 2851 canitur
936 2819 999 2851 sub
1027 2822 1109 2850 nota

532 1691 568 1727 3·-
601 1689 659 1725 Tu
690 1698 890 1735 egenorum
922 1697 994 1736 res,

600 1745 684 1783 Lux
717 1755 806 1781 vera
837 1744 959 1781 caecis
992 1754 1044 1792 es,

602 1802 723 1839 Dulce
754 1800 1005 1850 refrigerium,

658 1858 898 1896 Infirmorum
929 1858 1121 1905 grabatus.

602 2018 731 2055 Pudor
756 2017 955 2064 virginalis

601 2075 644 2111 In
675 2078 714 2111 te
744 2074 942 2119 mirabilis,

599 2130 653 2168 Es
685 2131 856 2178 praelata
886 2130 1034 2177 superis

658 2188 838 2226 Gaudens
868 2188 906 2224 in
938 2187 1115 2224 aetheris.

600 2346 740 2384 Maesti
769 2350 809 2382 tu
839 2346 1032 2394 solacium,

660 2403 801 2449 Stupor
832 2403 1060 2449 angelorum,

603 2460 745 2506 Regale
775 2459 970 2507 palatium,

662 2516 842 2553 Adiutrix
871 2516 1108 2563 miserorum,

602 2573 734 2610 Robur
763 2572 1028 2619 laborantium,

660 2630 736 2667 Ora
767 2639 893 2676 regem
924 2629 1109 2676 polorum.

1120 2828 1127 2847 ε
1160 2818 1227 2857 Qui
1253 2814 1506 2850 admiramini.“

1559 2816 1640 2859 Vgl.
