1914 3223
782 247 823 250 —
882 224 963 263 425,
1023 248 1077 252 —

226 339 250 377 5
284 337 346 375 Ad
378 341 416 374 te
447 337 610 386 suspiro,
642 337 711 374 tibi
743 337 916 384 supplico
949 342 1059 384 teque
1092 339 1253 384 requiro.

192 619 244 658 10

189 902 240 941 15

188 1185 242 1223 20

189 1469 242 1506 25

191 1750 247 1788 30

192 2034 245 2072 35

194 2317 247 2354 40

193 2599 247 2636 45

284 395 387 432 Pane
418 394 577 431 salutari
610 394 764 440 cupiens
795 398 833 430 te
865 393 980 431 dante
1009 394 1149 442 cibari3

279 451 402 487 Verus
433 450 530 486 enim
564 450 671 496 panis
703 455 766 487 tua
799 449 914 487 verba
947 450 1127 498 cibusque
1159 453 1349 497 perennis.

277 506 379 543 Fons
411 506 524 550 vitae,
559 517 644 543 rora
675 505 854 545 refovens
885 516 967 544 mea
999 507 1156 544 caelitus
1191 519 1268 552 ora,

276 562 412 600 Funde
442 567 545 599 tuum
575 573 710 610 rorem,
745 573 791 599 ne
823 562 1036 600 deficiendo
1068 564 1234 599 lahorem

276 619 339 665 Et,
372 629 418 656 ne
449 619 700 669 languescam,
734 619 824 656 mihi
858 619 922 665 da,
955 630 1050 666 quae
1082 631 1153 657 non
1186 621 1297 666 perit,
1332 631 1468 659 escam.

277 675 457 722 Langueo
488 676 654 725 ieiunus,
687 687 760 723 quo
791 675 981 723 sublever,
1013 686 1136 713 annue
1168 688 1323 724 munus,

276 731 421 778 Nempe
453 742 567 778 super
599 733 729 769 dulces
762 732 894 779 epulas
926 733 989 779 pia
1023 737 1179 779 pectora
1210 734 1365 772 mulces.

272 788 434 835 Insuper
465 789 621 826 excellis
655 789 812 826 dulcore
844 788 988 826 cibaria
1010 790 1145 828 mellis.

274 845 330 881 Tu
361 856 475 892 super
504 850 701 893 argentum
733 846 873 882 renites
904 846 1022 883 oculis
1055 846 1283 893 sapientum,

274 900 354 938 Nec
385 901 534 948 lapides
566 903 643 939 cari
675 902 745 939 tibi
776 906 935 949 possunt
966 903 1229 951 aequiparari;

272 958 417 995 Aurum
451 958 524 994 vile
554 963 661 1004 putat
693 969 810 1005 mens,
843 969 953 1005 quam
986 964 1051 996 tua
1080 959 1203 1006 gratia
1233 965 1364 1005 mutat,

274 1013 373 1052 Solis
409 1013 593 1062 fulgorem
625 1026 782 1062 superas
813 1016 999 1062 lunaeque
1031 1016 1207 1053 decorem

273 1070 489 1118 Cunctaque
520 1072 790 1113 transscendis,
823 1072 958 1119 quibus
990 1072 1105 1109 instat
1136 1073 1296 1109 mundus
1328 1072 1525 1109 habendis.

272 1127 325 1164 Te
356 1128 580 1175 quicumque
612 1136 727 1175 caret,
759 1128 865 1175 quasi
899 1127 1048 1166 foenum
1080 1129 1217 1166 transit
1259 1135 1294 1166 et
1326 1134 1421 1177 aret,

277 1184 487 1221 Prudentes
518 1185 664 1222 animae
697 1185 796 1222 dono
827 1184 981 1231 pietatis
1013 1186 1160 1232 opimae

274 1239 478 1278 Fructibus
509 1246 547 1278 et
576 1242 703 1288 specie
734 1241 974 1279 cumulantur
1004 1243 1053 1279 ad
1085 1242 1205 1279 instar
1236 1242 1371 1279 olivae.

275 1296 420 1334 Stultus
451 1302 491 1334 ut
523 1298 642 1335 herba
673 1298 788 1347 cadit,
822 1299 1011 1335 modicum
1044 1299 1144 1345 viget
1176 1303 1213 1334 et
1245 1298 1318 1335 cito
1350 1297 1474 1340 vadit,

274 1353 399 1391 Iustus
430 1353 580 1391 florebit
612 1355 719 1402 quasi
751 1355 877 1401 palma
911 1354 1048 1401 diuque
1083 1354 1261 1392 manebit.

275 1410 326 1448 Ut
359 1411 494 1447 cedrus
527 1411 662 1449 Libani
696 1412 797 1449 vivet
828 1411 958 1448 radice
987 1412 1156 1458 perenni,

277 1466 339 1504 Sic
371 1467 628 1517 benedicetur,
661 1472 699 1505 te
730 1468 899 1515 quisquis
931 1467 1072 1505 habere
1104 1472 1282 1506 meretur.

273 1523 333 1560 Da
364 1524 468 1569 mihi,
501 1525 563 1561 lux
595 1525 703 1572 lucis,
735 1524 849 1561 nullis
881 1524 1038 1561 haerere
1070 1524 1235 1569 caducis,

273 1580 335 1617 Sic
367 1591 426 1617 me
457 1580 629 1629 purifica,
662 1591 708 1618 ne
739 1591 844 1617 mens
876 1591 958 1618 mea
988 1585 1126 1618 tractet
1157 1581 1298 1627 iniqua,

272 1636 332 1674 Da
362 1636 451 1674 fidei
483 1643 642 1682 scutum,
676 1649 734 1674 me
766 1637 932 1674 reddens
963 1637 1130 1684 undique
1160 1642 1295 1683 tutum,

275 1694 434 1732 Praesta
464 1694 655 1741 virtutem,
689 1705 762 1741 qua
794 1694 952 1731 crimina
983 1699 1119 1731 cuncta
1150 1692 1323 1742 refutem,

279 1749 435 1787 Sensum
467 1751 668 1797 sincerum,
700 1752 846 1788 valeam
879 1760 951 1797 quo
983 1761 1139 1787 cernere
1172 1760 1312 1787 verum.

278 1807 469 1844 Virtutum
500 1808 672 1854 genetrix
704 1812 741 1844 et
773 1807 941 1844 criminis
973 1807 1084 1844 unica
1116 1807 1283 1855 victrix,-

278 1863 351 1913 Sic,
385 1874 534 1911 precor,
565 1869 604 1901 ut
637 1875 745 1901 renes
778 1864 962 1910 reprimas
992 1873 1218 1910 carnemque
1250 1860 1436 1909 refrenes,

279 1920 331 1958 Ut
362 1924 492 1957 sancte
522 1921 647 1958 vivam
679 1931 807 1958 curam
839 1920 1051 1957 cohibendo
1081 1920 1267 1966 nocivam,

279 1977 329 2014 Ut
361 1977 415 2013 sic
446 1978 672 2024 restringam
704 1981 814 2015 cauto
845 1977 1104 2014 moderamine
1134 1977 1314 2024 linguam,

278 2033 349 2080 Ne,
384 2033 471 2070 dum
503 2035 666 2083 laxatur,
698 2044 793 2081 quae
825 2033 901 2070 sint
932 2034 1140 2079 reticenda,
1173 2033 1361 2079 loquatur.

279 2090 440 2140 Christe,
475 2089 560 2128 fave
591 2091 703 2138 votis,
735 2100 843 2137 quem
876 2090 1051 2127 sensibus
1082 2090 1216 2127 invoco
1247 2089 1349 2134 totis,

279 2147 331 2185 Ut
362 2147 513 2194 sapiens
545 2147 630 2185 fiam
663 2158 791 2184 veram
824 2146 988 2184 sitiendo
1015 2146 1199 2194 sophiam.

279 2203 406 2240 Verba
436 2214 572 2251 sapore
598 2204 688 2240 salis
719 2213 802 2241 mea
834 2203 942 2240 condi
976 2203 1197 2249 spiritualis,

279 2260 359 2297 Fac
390 2271 448 2297 me
479 2261 685 2307 sollertem,
717 2270 765 2297 ne
796 2260 934 2297 sentiat
967 2259 1083 2297 hostis
1114 2260 1287 2296 inertem.

279 2316 350 2362 Qui
380 2315 475 2354 facis
506 2316 670 2355 infantes
703 2316 930 2353 charismate
962 2316 1085 2353 laudis
1117 2320 1272 2352 ovantes

279 2373 428 2420 Oraque
460 2378 563 2411 muta
594 2374 707 2412 doces
739 2371 925 2410 formosas
957 2382 1130 2419 promere
1162 2382 1284 2418 voces,

280 2429 366 2467 Oris
398 2430 563 2467 claustra
594 2430 667 2467 mei
698 2440 828 2467 resera
858 2440 1031 2466 sermone
1062 2428 1180 2476 fideli,

282 2486 363 2531 Quo
394 2486 462 2523 tibi
495 2487 577 2524 laus
609 2487 733 2531 detur,
765 2497 838 2533 quo
869 2486 1064 2533 proximus
1094 2484 1330 2522 aedificetur.

281 2541 344 2579 Sic
374 2553 433 2579 me
465 2543 619 2580 caelesti
652 2543 805 2592 virtute,
838 2542 1021 2589 piissime,
1055 2542 1163 2588 vesti,

282 2598 334 2636 Ut
365 2599 435 2635 sim
466 2599 647 2646 pacificus
678 2600 934 2647 prudensque,
967 2598 1126 2645 piusque
1157 2597 1330 2644 pudicus.

281 2655 346 2692 Me
376 2655 447 2692 tibi
481 2657 715 2704 commendo,
746 2665 793 2692 ne
823 2665 976 2702 peccem
1010 2654 1268 2701 despiciendo⁷

279 2712 442 2760 Mecum,
475 2723 614 2759 quaeso
645 2722 768 2760 mane,
800 2722 847 2749 ne
878 2711 1081 2759 quidquam
1117 2709 1224 2747 fallat
1256 2710 1380 2754 inane,

278 2768 327 2805 Et
359 2769 413 2805 sic
444 2769 605 2814 interna,
638 2779 730 2816 quos
763 2768 891 2816 diligo,
924 2769 1007 2805 luce
1038 2767 1218 2814 guberna,

279 2824 330 2862 Ut
362 2835 506 2862 mecum
538 2825 654 2863 vitam
686 2829 902 2862 mereantur
932 2824 1073 2861 habere
1105 2823 1267 2860 beatam.
