1914 3223
125 376 183 435 ⁴1.

145 692 180 728 ,ιο

144 986 180 1022 3.

144 1473 179 1510 1.

143 1770 178 1806 2.

141 2258 177 2297 1.

883 115 934 148 so

550 277 603 312 86.
639 279 696 319 (2.)
731 276 905 324 Tempore
931 276 1256 323 Qtnulrugesimae.

216 394 431 433 Gratiarum
463 395 643 440 actiones,

214 450 343 489 Omnis
373 451 515 499 lingua,
548 451 628 487 Deo
660 462 780 493 sones,

212 507 281 555 Qui
310 518 355 544 ex
385 507 503 544 nihilo
535 509 757 553 construxit,

213 563 402 611 Quidquid
436 564 533 601 velle
563 575 668 601 suum
700 565 821 602 iussit.

214 689 394 726 Actiones
425 689 631 735 gratiarum

213 745 297 782 Non
328 746 376 782 sit
409 745 488 782 Deo
521 746 613 783 dare
642 756 788 793 pamm,

212 803 280 848 Qui
312 813 378 838 nos
409 802 486 839 tilio
518 802 690 851 redemit,

213 862 312 904 Quos
342 859 452 897 Adae
484 859 593 905 culpa
626 859 799 906 peremit,

211 984 339 1022 Omnis
370 988 501 1021 cantus
533 985 696 1022 melodia

215 1041 271 1079 Sit,
300 1041 338 1077 in
369 1051 458 1078 suae
489 1042 612 1079 laudis
645 1043 717 1081 via,

211 1098 297 1135 Fiat
327 1108 395 1134 sua
425 1098 615 1136 cantilena

214 1154 393 1191 Nostrum
427 1155 627 1201 prandium
660 1160 694 1190 et
728 1167 830 1194 cena.

957 398 994 432 4.
1025 396 1209 433 Creatura
1241 398 1448 430 creatorem

1028 452 1075 488 Et
1110 452 1325 497 redemptus
1357 450 1631 495 redemptorem

1030 508 1173 545 Laudet
1207 507 1381 544 laudibus
1411 505 1601 543 immensis

1031 564 1190 603 Fidibus
1222 564 1311 601 tidei
1344 563 1472 601 tensis.

957 693 993 728 5.
1025 689 1284 735 Quadraginta
1315 688 1383 725 sub
1416 687 1547 724 diebus

1028 746 1175 783 Mentes
1202 746 1337 782 lustret
1361 755 1471 782 verus
1502 743 1685 786 Phoebus,

1033 803 1079 841 Ut
1115 803 1235 849 caligo
1260 802 1435 839 vitiorum

1031 859 1242 896 Evanescat
1274 859 1352 894 sole
1385 869 1541 897 morum,

958 989 995 1023 (ἰ.
1028 985 1142 1025 Deus,
1176 984 1329 1020 deorum
1363 985 1546 1027 dominus,

1028 1042 1133 1078 Idem
1165 1047 1273 1078 natus
1306 1041 1343 1077 in
1376 1039 1547 1077 omnibus

1028 1098 1167 1135 Sancto
1198 1098 1335 1144 spiritu
1366 1098 1467 1134 socio

1026 1154 1107 1192 Sint
1139 1155 1176 1191 in
1208 1158 1334 1192 nostro
1367 1153 1526 1201 negotio.

615 1355 667 1390 87.
705 1356 763 1397 (3.)
801 1356 847 1390 lle
873 1354 987 1391 Beata
1014 1354 1131 1391 Maria
1158 1355 1196 1390 V.

212 1471 310 1509 Data
341 1472 452 1509 stella
482 1477 618 1516 terrae,
650 1473 758 1519 mari,

208 1529 498 1575 Redemptorem
531 1534 634 1566 tuum
666 1530 762 1578 pari,

209 1586 312 1631 Quod
348 1591 417 1632 est,
450 1591 567 1623 totum
599 1587 663 1633 qui
694 1586 850 1635 creavit,

212 1643 365 1680 Ventris
395 1643 520 1680 aulam
551 1643 778 1692 gravidavit.

212 1767 336 1814 Salve,
371 1768 484 1805 decus
516 1768 727 1816 mulierum,

209 1825 340 1863 Paries
371 1836 466 1872 quae
497 1826 621 1862 lumen
651 1836 796 1868 verum,

210 1881 402 1929 Quidquid
433 1887 536 1919 terra
567 1882 810 1928 tenebrescit,

210 1938 404 1976 Tenebras
436 1944 519 1986 post
551 1944 703 1986 partum
734 1940 867 1978 nescit.

956 1475 992 1511 3.
1026 1473 1219 1519 Virginale
1250 1472 1353 1508 salve
1386 1471 1511 1518 decus,

1025 1531 1100 1567 Per
1140 1529 1240 1576 quod
1273 1529 1406 1565 videns
1439 1528 1508 1564 erit
1541 1538 1687 1567 caecus,

1025 1587 1076 1623 Et
1105 1586 1256 1622 illustra
1287 1590 1405 1622 totum
1437 1585 1615 1621 mundum

1026 1643 1150 1680 Tanta
1180 1642 1357 1689 lampade
1388 1642 1606 1678 iucundum.

956 1771 995 1807 4.
1028 1769 1146 1815 Patri,
1179 1773 1268 1805 nato
1299 1768 1432 1805 laudes
1465 1768 1572 1805 vivae

1027 1826 1111 1863 Sint
1144 1825 1263 1873 figura
1293 1825 1362 1862 sub
1393 1825 1528 1872 olivae,
1567 1853 1577 1859 .

1027 1882 1155 1920 Sancti
1189 1882 1346 1929 spiritus
1378 1882 1570 1928 spiramen

1025 1940 1144 1977 Ferat
1176 1940 1300 1987 idem3
1332 1940 1466 1988 Amen,
1499 1949 1617 1976 amen.

597 2140 651 2176 88.
688 2141 746 2184 (4.)
781 2140 830 2176 De
856 2142 981 2176 sancto
1009 2139 1212 2176 Brendano.

209 2259 285 2295 Iam
319 2257 511 2295 Brendani
543 2262 692 2295 sanctos
722 2269 845 2295 mores

214 2315 359 2352 Canant
390 2312 529 2351 fratres
561 2319 597 2351 et
628 2325 789 2362 sorores,

212 2371 289 2410 Sub
321 2371 501 2408 concordi
532 2371 721 2408 cantilena

214 2428 295 2466 Sibi
326 2427 467 2465 serviat
499 2438 666 2466 camena.

172 2582 180 2590 .
214 2553 328 2590 Pater
360 2550 431 2588 fuit
462 2552 741 2601 monachorum,

215 2608 411 2647 Castitatis
442 2619 572 2646 amans
602 2609 751 2646 thorum

214 2665 335 2702 Huius
366 2665 497 2702 mundi
528 2665 672 2712 sprevit
702 2667 869 2707 chorum.

214 2722 322 2759 Nunc
354 2722 499 2769 collega
529 2733 791 2768 supernorum.

959 2261 995 2297 3.
1029 2260 1067 2297 Is
1098 2258 1276 2305 imploret
1304 2269 1370 2295 nos
1403 2257 1542 2294 salvari

1027 2314 1308 2362 Naufragantes
1339 2315 1377 2350 in
1408 2315 1477 2351 hoc
1508 2313 1616 2360 mari,

1027 2373 1145 2410 Ferat
1175 2383 1283 2419 opem
1317 2371 1391 2408 cito
1423 2371 1540 2418 lapsis

1029 2430 1174 2467 Pressis
1206 2429 1303 2465 mole
1333 2427 1461 2475 gravis
1493 2426 1618 2465 fascis.

957 2558 994 2592 4.
1029 2555 1109 2592 Rex
1142 2564 1351 2600 supremus,
1387 2553 1490 2590 Deus
1521 2558 1642 2600 pater⁷

1025 2613 1139 2656 Quem
1173 2610 1327 2647 lactavit
1362 2610 1466 2657 virgo
1497 2615 1629 2656 mater,

1029 2668 1158 2705 Sancti
1190 2666 1353 2703 flaminis
1386 2677 1468 2703 cum
1502 2667 1598 2704 velle

1028 2724 1106 2760 Nos
1135 2724 1262 2760 dix-ino
1294 2728 1452 2770 pascant
1482 2724 1604 2761 melle.

218 2834 377 2876 Hymnus
404 2835 515 2866 sancti
542 2834 717 2866 Brendani
742 2836 960 2868 confessoris.
987 2854 1028 2858 —
1054 2835 1086 2874 4,
1112 2836 1132 2867 3
1158 2837 1219 2868 Sui
1246 2847 1300 2868 ani
1328 2837 1457 2869 Raude.
