2031 3289
497 294 519 330 5
555 293 727 332 Perferat
758 294 922 340 insignes
952 303 1102 340 semper
1132 303 1178 330 ex
1209 293 1316 330 hoste
1345 293 1567 343 triumphos,
1991 279 1996 384 ¹

611 350 691 388 Nec
724 350 834 386 cedat
863 349 951 386 ullis
981 356 1020 386 te
1051 350 1252 387 comitante
1281 350 1403 389 maIiS.
1992 385 1996 396 ,

552 406 609 444 Sit
638 406 801 443 blandus
830 404 994 454 famulis,
1024 406 1074 442 sit
1103 406 1198 443 lenis
1229 416 1363 443 censor
1392 406 1543 452 iniquis,
1993 398 1997 476 ἰ

608 462 671 500 Sic
700 461 809 499 nobis
840 462 1001 509 placeat,
1033 472 1080 499 ne
1110 461 1180 499 tibi
1212 462 1422 509 displiceat.
1994 463 2012 514 β

552 518 605 556 Ut
634 518 754 555 multa
783 518 950 554 breviter
980 529 1100 565 parvo
1127 529 1299 556 sermone
1329 528 1516 565 perorem,
1994 520 1999 585 Ἰ

471 575 522 612 10
611 575 669 613 Sit
699 574 798 612 bona
827 579 907 611 tota
937 584 1070 621 gerens
1102 578 1140 610 et
1169 575 1269 612 mala
1297 575 1401 612 nulla.
1431 584 1583 621 gemens
1996 586 1999 623 ¹,

552 631 607 668 Te
639 631 814 677 donante,
848 641 996 677 precor,
1028 630 1092 677 qui
1123 641 1286 678 regnans
1316 632 1438 667 trinus
1469 635 1508 667 et
1536 641 1631 668 unus
1996 642 2000 706 ἡ

634 687 747 724 Texis
778 687 817 723 in
847 691 1042 724 aeternum
1074 689 1226 725 saecula
1257 691 1403 734 cuncta,
1436 687 1550 725 Deus.
1996 709 2004 787 Ῐ

419 808 502 841 Cod.
520 809 697 841 Matriten.
727 806 778 848 14,
798 806 851 840 222.
879 819 968 841 saec.
996 806 1048 841 10.
1073 826 1116 831 —
1141 808 1163 841 4
1188 810 1279 841 bona
1304 811 1386 841 suis.
1412 826 1454 831 —
1480 806 1500 841 8
1523 819 1597 842 nec.
1622 827 1666 830 —
1694 809 1730 842 11
1751 818 1886 853 reg-uas,
1999 790 2002 816 Ι

335 870 377 875 —-
404 854 517 885 Auctt.
543 854 661 896 Antiq.
686 854 781 893 XIV,
806 851 872 886 263
897 865 947 896 sq.
1999 817 2004 907 l

2000 911 2003 950 ἶ

2000 956 2003 1003 1,

817 1020 873 1056 78.
909 1020 967 1064 (6.)
1003 1020 1145 1056 oratio
1174 1030 1249 1065 pro
1276 1021 1399 1065 Rege.
2001 1010 2004 1068 l

1018 1089 1194 1130 (Dubius.)
2002 1069 2005 1168 Ι

552 1193 709 1232 Oremus
740 1193 886 1240 pariter
916 1197 995 1231 toto
1028 1194 1074 1230 de
1106 1193 1220 1231 corde
1252 1196 1439 1243 rogantes,

554 1250 609 1288 Ut
637 1249 706 1286 tibi
738 1250 931 1296 praesidio
963 1250 1142 1288 caelestia
1172 1250 1343 1299 porrigat
1373 1260 1479 1287 arma

554 1306 713 1344 Arbiter
743 1307 992 1355 omnipotens,
1024 1311 1065 1344 ut
1094 1307 1217 1353 possis
1239 1305 1390 1344 fortiter
1420 1307 1546 1344 hostes

548 1363 797 1400 Debacchare
828 1368 912 1400 tuos
944 1362 1038 1400 ferri
1070 1363 1116 1400 de
1148 1363 1306 1409 cuspide
1337 1361 1458 1400 fossos

495 1422 517 1458 5
550 1420 601 1457 Et
633 1420 760 1456 valeas
787 1430 916 1466 regum
947 1420 1150 1457 multorum
1182 1418 1358 1467 frangere
1390 1420 1499 1467 colla,

553 1476 623 1522 Qui
654 1476 858 1513 Dominum
889 1487 1019 1513 verum
1050 1477 1181 1514 nolunt
1213 1486 1439 1523 cognoscere
1470 1476 1674 1524 Christum,

553 1533 623 1579 Qui
654 1532 757 1569 Deus
789 1537 846 1569 est
875 1544 970 1570 unus
999 1543 1088 1570 vere
1119 1543 1202 1569 cum
1233 1536 1343 1580 patre
1373 1533 1576 1579 colendus3

553 1591 670 1636 Quem
702 1600 860 1636 superus
891 1593 992 1626 totus
1024 1590 1216 1637 cognoscit
1246 1594 1283 1625 et
1313 1589 1462 1626 infimus
1493 1589 1599 1638 ordo,

555 1646 672 1692 Quem
706 1646 840 1682 chorus
871 1645 1063 1693 angelicus
1095 1646 1314 1683 collaudans
1347 1656 1496 1693 semper
1525 1646 1673 1694 adorat,

471 1702 521 1740 10
552 1702 603 1740 Et
634 1703 799 1749 genitum
830 1703 951 1749 patris
982 1706 1102 1739 totum
1134 1701 1269 1740 diffusa
1298 1712 1367 1749 per
1397 1702 1525 1740 orbem

551 1759 727 1796 Ecclesia
759 1759 951 1797 Christum
983 1759 1174 1806 cognoscit
1205 1764 1240 1796 et
1271 1759 1591 1806 omnipotentem;

551 1816 621 1862 Qui
652 1826 769 1861 mare,
801 1815 987 1865 tellurem,
1022 1816 1178 1863 caelum,
1210 1815 1273 1862 qui
1306 1820 1441 1853 cuncta
1472 1816 1630 1861 creavit,

552 1872 654 1918 Quae
684 1872 846 1909 mundus
868 1876 968 1909 totus
998 1883 1068 1919 per
1098 1876 1217 1910 totum
1248 1872 1414 1910 continet
1443 1872 1539 1917 iste,

551 1928 624 1975 Qui
654 1929 780 1975 posuit
811 1929 912 1966 celso
943 1929 1108 1966 lucentia
1136 1929 1264 1966 sidera
1294 1929 1397 1966 caelo

471 1985 519 2024 15
553 1985 605 2022 Et
635 1986 753 2022 roseis
784 1989 902 2022 totum
936 1986 1118 2023 coloravit
1148 1984 1304 2022 floribus
1336 1985 1482 2031 orbem,

556 2041 754 2080 Sideribus
782 2042 899 2079 variis
930 2053 1107 2089 superum
1142 2041 1312 2088 depinxit
1345 2041 1558 2089 Olympum,

553 2098 777 2136 Muneribus
808 2099 926 2135 sacris
957 2098 1137 2136 mundum
1170 2098 1307 2136 ditavit
1337 2102 1373 2134 et
1399 2098 1538 2144 imum,

554 2155 625 2200 Qui
657 2155 842 2192 concessit
873 2156 980 2202 aquis
1011 2156 1178 2203 geminos
1209 2154 1420 2202 producere
1450 2154 1595 2193 fructus

553 2211 604 2248 Et
636 2212 786 2249 diversa
816 2212 910 2248 locis
944 2212 1105 2249 diversis
1135 2222 1277 2258 ponere
1307 2212 1443 2257 sanxit,

469 2269 522 2307 20
555 2268 709 2306 Scilicet
738 2268 899 2306 altilium
930 2280 1075 2306 sursum
1108 2268 1338 2315 laticumque
1369 2268 1556 2314 deorsum,

553 2324 607 2363 Ut
638 2325 748 2371 plebs
778 2325 982 2371 pennivola
1013 2325 1107 2362 caeli
1140 2328 1359 2361 concrescat
1387 2324 1426 2361 in
1457 2325 1558 2362 auris

553 2381 606 2418 Et
637 2392 874 2429 squammosa
905 2382 976 2419 sali
1006 2380 1141 2419 fluides
1173 2385 1392 2418 concrescat
1421 2381 1460 2417 in
1489 2381 1613 2428 undis,

554 2438 628 2475 Illa
658 2439 736 2485 poli
768 2438 933 2475 volitans
966 2438 1086 2476 siccas
1116 2438 1403 2476 transverberet
1432 2448 1556 2484 auras,

553 2496 634 2532 Ista
664 2495 779 2532 maris
812 2494 962 2532 bibulas
993 2499 1127 2532 natans
1157 2498 1395 2531 transcurrat
1425 2504 1583 2543 arenas,

470 2553 521 2590 25
557 2549 672 2589 Cuius
703 2552 751 2589 ad
782 2551 980 2598 imperium
1013 2551 1172 2588 rutilans
1203 2550 1449 2597 adlampadat
1478 2551 1576 2597 ignis

555 2608 607 2645 Et
637 2608 818 2645 tremulas
847 2608 1002 2644 mittunt
1030 2608 1163 2645 timida
1191 2608 1359 2645 tonitrua
1389 2617 1510 2655 voces,

556 2664 705 2702 Nebula
737 2665 952 2702 discurrens
984 2668 1166 2711 properat
1196 2664 1415 2711 dispergere
1446 2663 1602 2706 nimbos,

557 2720 765 2759 Grandinis
795 2726 835 2758 ut
867 2719 1007 2758 fractos
1037 2721 1177 2758 iaculet
1208 2721 1255 2758 de
1286 2725 1418 2757 ventre
1446 2720 1609 2769 lapillos,

554 2779 678 2815 Arcus
710 2778 746 2814 in
780 2778 930 2816 excelso
961 2781 1110 2814 servato
1141 2775 1296 2814 foedere
1327 2776 1450 2826 durat,

472 2836 523 2873 30
558 2834 614 2871 Ne
645 2835 895 2882 cataclysmus
926 2844 1044 2881 aquae
1075 2838 1260 2870 terrarum
1293 2834 1461 2880 germina
1491 2831 1640 2880 perdat,

555 2891 695 2928 Tendit
727 2897 761 2927 et
795 2889 976 2937 igniferos
1007 2890 1136 2927 mundi
1167 2900 1236 2936 per
1267 2890 1431 2936 compita
1461 2889 1583 2925 crines
