2031 3289
895 218 1206 260 -604—

270 331 338 369 21.
383 330 478 369 Nam
510 335 561 380 tu,
595 341 738 368 summa
769 331 922 379 caritas,

439 386 509 423 tibi
540 387 742 424 cohaerere

381 443 446 480 Me
476 443 630 481 volebas
659 443 797 490 iugiter

438 510 659 546 sursumque
689 500 829 537 habere

381 554 502 593 Dulce
533 556 762 593 domicilium

435 615 632 658 tecumque
662 622 814 649 manere

380 667 432 705 Et
452 679 511 705 me
542 668 645 705 velut
674 667 790 705 filiam

436 725 552 772 alere,
585 724 733 764 docere.

266 848 333 886 22.
377 847 438 885 Ex
468 851 558 884 tunc
589 847 829 894 disposueras

435 914 495 941 me
525 904 740 941 coadunare

381 959 540 998 Caelicis
577 960 788 1008 agminibus

434 1020 545 1063 teque
575 1017 667 1053 mihi
699 1017 801 1066 dare,

381 1071 455 1110 Sed
487 1084 557 1119 pro
587 1077 693 1110 tanta
723 1073 846 1120 gratia

436 1130 527 1175 quid
557 1139 846 1176 recompensare

378 1185 548 1232 Possum,
580 1195 735 1232 prorsus
766 1185 904 1237 nescio,

434 1241 506 1278 nisi
536 1245 573 1278 te
603 1253 742 1280 amare.

1085 334 1150 372 23.
1197 333 1321 372 Unica
1350 333 1529 381 suavitas,

1252 389 1364 426 unica
1395 389 1569 439 dulcedo,

1196 444 1375 483 Cordium
1405 447 1610 484 amantium

1252 501 1430 539 salutaris
1461 504 1618 552 praedo,

1196 557 1345 607 Totum,
1381 558 1567 605 quidquid
1596 559 1716 598 habeo

1252 614 1313 650 vel
1343 624 1437 662 sum,
1468 615 1539 652 tibi
1570 616 1680 666 dedo,

1194 669 1368 716 Denique
1399 671 1611 717 depositum

1252 736 1373 763 meum
1405 727 1475 764 tibi
1507 728 1633 766 credo.

1085 850 1151 889 24.
1198 850 1284 888 Oci
1316 854 1443 887 cantat
1471 851 1548 888 tale
1579 861 1644 889 cor

1252 906 1420 954 gaudens
1450 907 1489 944 in
1519 918 1712 955 pressura,

1194 962 1348 1010 Dicens,
1379 963 1467 1010 quia
1499 964 1653 1012 dignum
1684 968 1752 1016 est,

1250 1022 1292 1055 ut
1321 1030 1344 1056 a
1374 1023 1548 1058 creatura

1197 1074 1390 1122 Diligatur
1418 1075 1548 1122 opifex

1251 1131 1339 1168 talis
1374 1135 1498 1170 mente
1528 1143 1637 1180 pura,

1196 1187 1245 1225 Ei
1277 1198 1358 1225 cum
1388 1188 1579 1226 exstiterit

1255 1245 1301 1281 de
1331 1255 1372 1281 se
1401 1249 1508 1282 tanta
1539 1256 1640 1286 cura.

713 1399 785 1437 III.
833 1399 1023 1438 Cautus
1063 1399 1122 1439 ad
1159 1401 1385 1441 Primam,

269 1503 336 1540 25.
383 1500 446 1539 Sic
477 1511 581 1538 mens
612 1501 683 1538 hoc
712 1501 920 1539 diluculum

440 1558 578 1595 transit
608 1558 852 1606 meditando;

382 1613 456 1652 Sed
479 1614 528 1651 ad
550 1615 579 1651 P
592 1615 680 1651 rim
692 1626 760 1651 am
780 1612 1015 1652 transferens

439 1680 567 1708 vocem
599 1670 814 1719 exaltando,

381 1727 546 1773 Tempus
576 1727 812 1774 acceptabile

437 1784 500 1830 pie
531 1783 767 1832 ruminando,

380 1841 424 1878 In
455 1851 528 1886 quo
560 1840 665 1877 venit
695 1839 878 1877 Dominus

441 1906 553 1933 carne
584 1907 624 1933 se
655 1896 829 1936 veland0.

271 2021 336 2058 26.
383 2020 490 2057 Tunc
519 2020 694 2068 liquescit
723 2022 848 2059 anima

438 2080 517 2114 tota
547 2088 616 2124 per
646 2088 824 2126 amorem,

383 2132 528 2170 Pavida
558 2135 802 2171 considerans

439 2190 603 2227 omnium
635 2195 824 2228 auctorem

382 2245 602 2293 Vagientem
634 2257 791 2293 puerum

440 2302 545 2339 iuxta
575 2308 743 2340 nostrum
773 2314 928 2352 morem,

382 2359 436 2397 Ut
468 2364 619 2396 curaret
651 2364 815 2397 veterem

441 2416 583 2453 servuli
614 2417 845 2464 languorem.

274 2527 340 2564 27.
386 2527 549 2565 Plorans
579 2539 668 2575 ergo
699 2529 888 2567 clamitat:

442 2584 516 2632 dic,
549 2583 632 2622 fons
664 2585 830 2632 pietatis,

383 2641 473 2687 Quis
504 2645 542 2677 te
572 2642 707 2687 pannis
738 2642 862 2679 induit

439 2701 592 2734 nostrae
623 2697 888 2746 paupertatis‘.>

384 2752 469 2790 Tibi
502 2754 583 2800 quis
615 2755 802 2791 consuluit

440 2810 494 2846 sic
524 2814 561 2847 te
593 2811 685 2848 dare
715 2811 846 2858 gratis,

383 2865 466 2902 Nisi
498 2867 600 2903 zelus
632 2867 845 2917 vehemens,

439 2922 554 2959 ardor
587 2923 784 2974 caritatis-¹.)

1087 1502 1153 1543 28.
1198 1502 1322 1550 Digne
1351 1503 1454 1540 zelus
1485 1504 1687 1543 vehemens

1254 1563 1311 1596 est
1340 1559 1403 1596 hic
1431 1560 1548 1598 ardor
1580 1562 1714 1613 dictus,

1200 1615 1314 1653 Cuius
1345 1620 1401 1653 est
1433 1617 1598 1654 dominio

1255 1682 1322 1709 rex
1353 1673 1541 1710 caelorum
1572 1674 1707 1723 victus,

1199 1727 1313 1766 Cuius
1344 1729 1484 1766 sanctis
1514 1729 1674 1769 vinculis

1256 1788 1388 1831 captus
1424 1790 1459 1822 et
1491 1787 1717 1825 constrictus

1199 1841 1384 1888 Pauperis
1414 1840 1591 1880 infantuli

1253 1898 1389 1945 pannis
1421 1902 1477 1935 est
1506 1899 1676 1941 amictus.

1087 2022 1153 2061 29.
1199 2022 1229 2060 Ο
1261 2023 1477 2070 praedulcis
1508 2023 1678 2073 parvule,

1254 2089 1350 2126 puer
1379 2079 1460 2116 sine
1489 2080 1586 2126 pari,

1197 2134 1321 2182 Felix,
1355 2136 1414 2172 cui
1447 2136 1576 2173 datum
1606 2141 1662 2174 est

1253 2195 1291 2228 te
1321 2196 1410 2229 tunc
1440 2193 1662 2241 amplexari,

1200 2248 1336 2294 Pedes,
1370 2259 1501 2286 manus
1539 2249 1717 2300 lambere,

1257 2305 1304 2341 de
1334 2308 1372 2342 te
1404 2305 1603 2352 consolari,

1199 2360 1290 2398 Tuis
1321 2361 1360 2398 in
1390 2361 1581 2408 obsequiis

1256 2417 1394 2465 iugiter
1422 2418 1574 2455 morari.

1089 2531 1155 2570 30.
1202 2529 1286 2567 Heu
1315 2540 1387 2578 me,
1420 2540 1486 2567 cur
1514 2541 1588 2567 non
1619 2531 1726 2568 licuit

1258 2587 1349 2623 mihi
1381 2586 1596 2623 demulcere

1201 2640 1426 2690 Vagientem
1458 2643 1668 2693 parvulum,

1258 2699 1420 2737 dulciter
1448 2703 1589 2747 tenere,

1202 2755 1293 2792 Illos
1324 2760 1429 2793 artus
1460 2760 1611 2793 teneros

1256 2812 1339 2849 sinu
1369 2810 1542 2850 refovere

1199 2868 1365 2915 Eiusque
1396 2868 1590 2906 cunabulis

1256 2935 1405 2971 semper
1435 2925 1615 2962 assidere.
