1914 3223
746 207 797 213 —-
859 185 939 226 307
1003 207 1052 211 —

135 300 201 338 27.
233 298 452 345 Respexisti
484 303 523 335 at
554 298 730 347 Mariam,
905 336 908 341 ,
955 297 1019 339 31.
1053 300 1128 347 Sic,
1157 301 1222 340 sic.
1246 305 1387 347 pastor,
1410 311 1508 337 nunc
1528 301 1679 339 iacenti.

288 355 539 402 peccatricem
571 355 748 399 animam,
1108 357 1286 404 languido
1314 368 1358 394 ac
1390 357 1507 394 debili

230 412 333 458 Quae
352 416 576 458 compuncta
592 412 660 448 sub
675 416 862 449 momento
1051 413 1288 450 Elevandum
1321 425 1469 450 manum
1501 413 1655 462 praebe,

285 468 387 505 haud
419 478 459 504 se
492 468 599 505 dedit
630 469 776 518 nuntio,
1107 470 1202 507 velis
1234 481 1291 507 me
1323 471 1481 517 erigere,

229 525 396 563 Pedibus
428 524 495 561 sed
527 525 729 571 provoluta
1050 527 1101 565 Ut
1133 531 1282 563 erectus
1313 528 1453 573 possim
1485 531 1585 564 stare

288 580 439 618 deflevit
470 580 626 628 flagitia.
1103 594 1228 619 coram
1261 588 1309 629 te,
1344 584 1573 621 dulcissime.

133 674 198 712 28.
231 672 416 710 Lacrimis
455 682 517 709 eos
548 672 685 717 rigavit
947 675 1011 711 32.
1046 673 1180 719 plagas
1212 684 1326 721 meas,
1363 671 1596 724 [cicatrices]

287 734 322 765 et
353 728 502 775 capillis
534 728 655 765 abluit.
1101 741 1218 766 novas
1249 736 1361 776 atque
1393 736 1541 767 veteres

229 785 511 831 Frequentibus
546 785 695 822 stillans
726 785 860 834 guttis,
1046 785 1208 823 Studeas
1241 788 1293 823 sic
1326 793 1365 824 tu
1398 798 1544 833 curare,

286 847 325 879 ut
359 847 504 878 careret
536 842 707 890 maculis,
1103 854 1254 889 quaeso,
1288 843 1384 880 bone
1416 844 1575 889 medice,

229 898 486 945 Perunxitque
518 899 674 945 pretiosi
1047 898 1124 936 Sim
1157 910 1226 946 per
1256 904 1292 936 te
1323 906 1363 936 ut
1395 901 1482 937 hinc
1509 912 1678 947 securus,

287 954 452 993 fomento
483 955 657 993 antidoti.
1103 960 1257 993 sanatus
1289 957 1546 1002 languoribus,

131 1047 196 1084 29.
229 1045 391 1083 Multum
425 1050 482 1082 est
514 1045 586 1082 sibi
620 1045 829 1091 dimissum,
950 1047 1016 1085 33.
1048 1046 1181 1084 Oleum
1213 1045 1417 1084 infundens
1449 1054 1633 1093 sanctum,

287 1102 387 1150 quod
421 1103 554 1139 dilexit
586 1103 804 1152 plurimum,
1106 1102 1233 1139 vinum
1265 1104 1376 1140 simul
1408 1104 1602 1150 optimum,

228 1159 448 1196 Passionem
482 1165 684 1196 veneratur
1048 1158 1168 1196 Tuum
1200 1171 1344 1205 ponens
1374 1160 1627 1198 interventum

286 1216 407 1264 huius,
442 1227 515 1262 quo
548 1216 733 1263 diligitur,
1105 1217 1293 1262 perducas
1324 1217 1373 1254 ad
1405 1218 1607 1265 stabulum,

228 1272 321 1310 Eius
357 1274 472 1319 capiti
505 1278 733 1320 unguentum
1048 1272 1199 1310 Pellens
1215 1278 1386 1320 mortem,
1408 1274 1552 1311 donans
1565 1275 1680 1312 vitam

285 1328 565 1376 superfundens
596 1329 786 1376 pisticum.
1105 1329 1179 1375 fac,
1210 1334 1335 1366 tecum
1365 1337 1408 1369 ut
1436 1333 1596 1368 veniam.

130 1421 196 1459 3ss,
228 1420 258 1458 Ο
290 1424 421 1457 sancta
451 1424 515 1457 tua
547 1420 732 1468 voluntas,
949 1419 1016 1459 34.
1048 1420 1203 1458 Duobus
1236 1421 1384 1467 largitis
1415 1423 1575 1458 nummis

288 1481 437 1514 creator
467 1482 503 1513 et
535 1477 696 1526 bonitas,
1107 1477 1215 1514 donis
1246 1475 1342 1514 fulto
1373 1478 1555 1525 mysticis,

230 1534 404 1580 Respicis
434 1534 498 1580 qui
528 1538 566 1572 te
598 1534 809 1583 credentes,
1049 1533 1265 1572 Stabulario
1296 1535 1448 1571 comitte

287 1596 327 1627 ut
360 1602 382 1628 a
413 1595 534 1627 morte
565 1601 732 1638 revoces,
1107 1591 1180 1627 mei
1211 1602 1338 1628 curam
1370 1602 1515 1640 gerere,

228 1647 358 1684 Bonus
386 1653 518 1694 pastor
547 1658 636 1684 oves
668 1647 742 1684 tuis
1050 1649 1095 1686 In
1126 1652 1191 1684 tua
1221 1648 1438 1685 reversione

286 1708 461 1751 reportas
491 1704 529 1740 in
560 1704 713 1743 umeris.
1105 1705 1253 1751 respice
1283 1715 1357 1753 me,
1389 1704 1562 1745 Domine.

539 1797 606 1834 35.
638 1795 722 1832 Hoc
755 1795 834 1842 des,
867 1798 977 1842 pater
1006 1795 1185 1843 ingenite,

696 1856 785 1890 nate
815 1852 1020 1900 unigenite,

638 1910 713 1946 Par
743 1909 902 1956 spiritus
933 1908 980 1946 ab
1011 1913 1170 1956 utroque

696 1966 906 2012 procedens
937 1965 1135 2014 paraclite,

638 2022 741 2059 Deus
772 2033 882 2070 unus,
913 2023 1143 2069 sempiterne

694 2084 873 2127 regnator
902 2090 972 2127 per
1002 2080 1165 2119 saecula.

203 2191 300 2223 Pass.
336 2202 397 2223 ms.
424 2191 659 2224 Admuntense
693 2201 784 2223 saec.
815 2189 902 2223 ¹¹1‘12.
952 2192 1034 2224 Cod.
1060 2191 1274 2236 Admuntem
1301 2189 1376 2223 664.
1401 2208 1446 2213 —
1474 2190 1504 2229 6,
1529 2190 1548 2222 6
1578 2192 1678 2223 Lies:

112 2237 295 2269 lasciviis?
322 2254 363 2259 ——-
390 2235 428 2275 9,
461 2234 482 2269 3
506 2237 617 2268 factus
646 2236 703 2273 11,
739 2236 759 2269 5
785 2237 953 2278 Mensque
978 2236 1026 2268 fit.
1052 2254 1095 2258 —
1120 2234 1180 2274 13,
1205 2235 1226 2268 3
1251 2237 1464 2269 Uberschuss
1489 2247 1558 2268 von
1584 2238 1679 2268 einer

112 2283 220 2315 Silbe.
246 2300 289 2304 —
317 2280 376 2320 15,
402 2281 421 2314 5
447 2283 691 2323 suspirantem.
718 2300 758 2304 —
787 2281 845 2321 16,
871 2281 891 2313 5
917 2282 1138 2314 Hierusalem
1165 2282 1267 2314 lunae
1293 2282 1474 2313 defectum.
1501 2299 1542 2303 ——
1568 2280 1629 2319 20,
1656 2280 1676 2313 5

112 2329 238 2360 transit
255 2329 330 2369 ipse
349 2339 442 2370 prae.
460 2345 504 2350 -—
523 2326 576 2365 29,
593 2328 615 2359 4
632 2339 653 2360 a
666 2339 734 2370 quo
749 2328 917 2370 diligitur.
932 2345 975 2349 —
989 2326 1042 2367 31,
1060 2325 1082 2360 3
1099 2327 1318 2360 Elevandum
1334 2328 1388 2359 fiir
1402 2327 1443 2359 ad
1459 2327 1676 2359 elevandum.

113 2391 153 2395 —
182 2370 236 2411 34,
261 2370 282 2405 3
308 2375 443 2415 comite.
469 2391 513 2395 —
541 2371 597 2412 35,
625 2373 640 2405 1
671 2374 746 2405 Hoc
771 2374 866 2405 Deus
891 2377 1000 2415 pater.
