1914 3223
119 267 181 305 71.

117 786 180 823 72.

117 1307 182 1345 73.

118 2474 182 2514 78.

745 173 796 178 -
856 150 940 190 coo
985 174 1048 209 ¹-

230 266 316 304 Post
353 264 424 301 hoc
455 264 595 301 clamat
625 265 748 302 anima

283 321 390 368 quasi
422 321 658 360 dementata:

228 378 258 416 Ο
290 377 588 425 reclinatorium,

285 445 372 471 caro
404 439 600 471 cruentata

229 491 303 528 Per
334 494 390 527 tot
419 491 503 528 loca
533 495 692 537 propter
722 500 792 537 me,

285 557 352 584 cur
381 557 455 584 non
487 547 655 585 cruciata

226 604 366 641 Tecum
397 615 493 652 sum,
525 604 613 640 dum
645 603 814 650 moreris,

283 660 354 698 tibi
386 660 593 708 colligata?

228 785 405 831 Quamvis
437 790 562 822 tamen
595 785 755 822 miserae

281 841 383 878 istud
415 841 463 878 sit
494 846 685 888 negatum,

227 898 322 935 Mihi
354 899 542 944 quendam
573 899 710 944 eligam

282 965 420 991 novum
451 955 672 1001 cruciatum,

227 1011 416 1049 Gemitum
450 1011 629 1048 videlicet

282 1068 480 1115 iugemqne
509 1068 711 1116 ploratum,

224 1125 355 1162 Donec
386 1124 517 1161 mundi
549 1124 722 1162 deseram

283 1191 435 1228 gravem
467 1181 686 1218 incolatum.

230 1307 319 1344 Post
349 1306 442 1343 haec
473 1305 594 1342 dulcis
626 1304 752 1342 anima

284 1363 370 1410 plus
402 1368 439 1400 et
470 1363 555 1409 plus
587 1359 804 1398 fervescens

228 1419 349 1457 Sensu
380 1424 460 1456 tota
491 1418 631 1468 deficit,

285 1487 444 1522 corpore
475 1475 674 1513 tabescens

227 1533 305 1571 Iam
338 1533 402 1570 vix
431 1532 535 1579 loqui
564 1530 718 1578 sufficit,

284 1589 351 1626 sed
387 1589 523 1626 affectu
553 1598 727 1626 crescens

228 1648 302 1684 Suo
334 1646 432 1683 lecto
463 1645 620 1683 recubat

283 1706 416 1750 utpote
446 1702 704 1749 languescens.

527 1817 590 1854 77.

937 265 1000 302 74.

939 787 1002 824 75.

936 1306 1001 1345 76.

639 1816 824 1864 Gemitus,
856 1814 1034 1863 suspiria,

1048 264 1150 312 Ergo
1183 264 1304 302 dulcis
1335 265 1498 311 gutturis

1104 332 1246 368 organo
1278 325 1468 368 quassato,

1047 377 1193 425 Lingua
1225 382 1369 414 tantum
1401 378 1594 425 palpitans

1104 434 1230 471 sonitu
1260 434 1422 482 sublato,

1048 490 1122 528 Sed
1154 502 1223 537 pro
1256 490 1381 528 verbis
1413 491 1476 538 pia
1505 502 1609 529 mens

1103 545 1193 584 fletu
1224 552 1468 594 compensato

1048 603 1298 640 Lamentatur
1329 603 1532 642 Dominum

1103 660 1217 697 corde
1247 660 1427 698 sauciato.

1050 784 1112 822 Sic
1142 784 1336 831 languenti
1368 785 1556 831 siquidem

1105 841 1156 877 nil
1189 841 1262 877 nisi
1293 841 1444 887 plorare

1049 899 1181 935 Potest
1211 896 1446 944 satisfacere,

1105 955 1187 992 sive
1219 954 1433 1003 suspirare3

1049 1011 1144 1048 Suos
1177 1011 1274 1047 enim
1306 1011 1434 1048 oculos

1109 1067 1239 1114 nequit
1269 1078 1449 1105 revocare

1046 1125 1081 1161 A
1116 1124 1256 1161 Christi
1287 1124 1506 1162 vulneribus

1102 1185 1167 1217 aut
1199 1191 1264 1217 cor
1294 1191 1487 1228 separare.

1050 1305 1113 1343 Sic
1145 1308 1202 1341 est
1232 1308 1357 1342 autem
1389 1305 1534 1342 animus

1105 1362 1208 1398 illius
1239 1361 1399 1412 illectus,

1049 1418 1163 1464 Quasi
1194 1419 1226 1455 ei
1258 1428 1438 1464 praesens
1469 1418 1519 1455 sit

1106 1475 1271 1512 moriens
1305 1475 1479 1524 dilectus,

1049 1531 1131 1569 Nec
1161 1542 1183 1569 a
1215 1542 1326 1568 cruce
1357 1531 1511 1568 Domini

1107 1588 1268 1626 retrahit
1299 1582 1487 1636 aspectus,

1048 1645 1143 1692 Quia
1177 1644 1231 1682 ibi
1262 1645 1405 1691 oculus,

1105 1701 1168 1738 ubi
1201 1701 1462 1741 est.affectus.

693 1872 885 1916 lacrimae,
924 1871 1102 1920 lamenta,

638 1929 719 1966 Sibi
750 1932 838 1966 sunt
870 1927 1043 1977 deliciae,

696 1985 814 2032 cibus⁷
846 1984 1042 2032 alimenta,

638 2041 781 2088 Quibus
811 2052 909 2079 nova
938 2037 1085 2089 martyr
1118 2043 1173 2077 est

695 2099 834 2146 iugiter
863 2099 1022 2144 intenta,

640 2155 790 2202 Suoque
820 2155 1004 2202 martyrio

694 2211 880 2259 praebent
911 2212 1160 2249 incrementa.

576 2373 639 2411 Vl.

229 2474 273 2511 In
304 2473 375 2511 hoc
405 2477 507 2510 statu
538 2473 698 2520 respuit,

285 2530 471 2577 quidquid
502 2533 559 2567 est
587 2534 791 2578 terrenum,

227 2587 438 2634 Mundique
469 2587 651 2624 solacium

285 2648 437 2690 reputat
467 2653 665 2692 venenum,

229 2700 305 2738 Sed
336 2700 385 2737 ad
417 2700 607 2737 Nonam
640 2699 794 2736 veniens

284 2757 444 2793 moritur
473 2756 522 2793 ad
553 2757 720 2803 plenum,

229 2813 322 2851 Cum
350 2813 489 2850 amoris
520 2813 684 2860 impetus

285 2870 425 2917 rumpit
459 2869 584 2906 carnis
617 2867 779 2907 frenum.

183 2937 209 2964 D
217 2946 232 2964 r
241 2946 256 2965 e
265 2946 285 2964 v
293 2946 309 2964 ο
318 2945 332 2964 s
343 2959 349 2969 ,
375 2938 582 2964 Lateinische
604 2936 895 2970 Hymnendichter.
935 2935 978 2963 11.

689 2371 877 2408 Cantus
917 2370 974 2407 ad
1016 2369 1216 2406 Nonam.

938 2472 1002 2509 79.
1050 2470 1148 2508 Nam
1180 2481 1262 2508 cum
1287 2470 1612 2509 Conszmzmatum
1633 2470 1688 2508 est

1108 2527 1241 2564 recolit
1272 2527 1456 2564 clamasse

1052 2584 1156 2621 Hora
1187 2595 1285 2621 nona
1314 2583 1516 2621 Dominum

1107 2645 1142 2677 et
1174 2640 1229 2677 sic
1260 2640 1488 2690 exspirasse,

1051 2697 1165 2743 Quasi
1196 2697 1306 2733 simul
1338 2697 1502 2733 moriens

1108 2754 1247 2790 clamat
1277 2757 1498 2800 penetrasse

1051 2810 1190 2847 Vocem
1225 2811 1336 2847 istam
1369 2821 1476 2847 suum
1508 2820 1572 2847 cor

1107 2871 1219 2914 atque
1250 2867 1452 2909 lacerasse,

1436 2931 1480 2966 39
