2031 3289
22 3096 25 3109 μ
16 2722 25 3033 ⁴„s-.-⁴.---.-*..—-*--
15 2645 19 2681 -
15 2591 19 2607 ο

1011 164 1277 203 -38-

650 280 687 317 8.
748 279 834 323 Ipse
866 277 1006 313 homini
1038 277 1124 324 quia
1154 280 1288 313 cuncta
1319 277 1438 322 dedit,

747 334 849 379 Quae
880 334 1047 379 capimus
1081 333 1296 370 dominante
1326 343 1450 381 manu,

748 390 856 435 Quae
886 389 995 436 polus
1027 394 1091 426 aut-
1120 389 1253 426 humus
1285 394 1349 426 aut
1378 389 1533 436 pelagus

748 447 864 494 Aere,
897 446 1057 494 gurgite,
1090 455 1176 482 rure
1208 450 1348 493 creant,

749 502 855 539 Haec
886 502 977 538 mihi
1008 501 1177 538 subdidit
1210 505 1247 537 et
1277 501 1438 539 sibimet.

453 602 582 642 Hymn.
612 612 674 632 ms.
701 601 735 632 S.
760 601 927 632 Iohannis
953 601 1156 632 Laudunen.
1183 610 1271 631 saec.
1301 598 1352 632 10.
1402 600 1484 632 Cod.
1512 602 1656 634 Bemen.
1681 600 1756 633 455.
1782 619 1823 623 —
1843 600 1873 640 2,
1901 600 1917 636 1

362 647 615 724 Ξὲἓὲεὸἰὲῒῖἳο.
639 664 681 667 -
707 644 736 681 5,
764 644 784 677 2
809 647 943 688 flagrat.
968 664 1012 667 -
1037 645 1066 684 6,
1091 644 1257 677 4Texe1·e
1283 645 1462 687 doctolege
1487 646 1654 688 strophio.
1681 665 1716 669 —‹
1741 646 1771 682 Τ,
1796 646 1817 678 4
1838 647 1919 679 data

779 792 838 826 39.
881 791 993 832 (151).)
1029 791 1201 833 Hymnus
1228 790 1321 824 ante
1347 789 1497 826 Cibum.

617 860 786 901 (Cathem.
812 861 875 899 ΙΙΙ,
904 858 1030 893 1-20:
1056 858 1206 893 86—95:
1235 858 1430 892 166—1802
1458 858 1660 901 196-200).

665 954 700 992 1.
762 951 991 991 Ocrucifer
1018 952 1125 997 bone,
1158 952 1252 988 lucis
1284 957 1397 992 sator,

764 1010 1013 1056 omniparens
1044 1008 1117 1056 pie,
1150 1008 1367 1054 verbigena,

764 1066 880 1103 Edite
910 1075 1067 1112 corpore
1097 1065 1278 1116 virgineo,

763 1122 837 1159 Sed
868 1122 973 1168 prius
1003 1121 1042 1158 in
1072 1121 1241 1168 genitore
1272 1125 1420 1168 potens.

764 1180 887 1227 Astra,
921 1178 1053 1225 solum,
1086 1185 1188 1214 mare
1219 1189 1329 1224 quam
1359 1177 1504 1214 fierent.

663 1295 701 1331 2.
763 1293 848 1329 Huc
878 1291 1012 1337 nitido,
1045 1301 1192 1339 precor,
1225 1290 1362 1327 intuitu

763 1349 895 1387 Flecte
926 1346 1161 1385 salutiferam
1194 1345 1343 1392 faciem,

763 1405 906 1442 Fronte
938 1415 1092 1441 serenus
1125 1409 1160 1440 et
1190 1404 1347 1449 irradia,

763 1461 936 1499 Nominis
967 1465 1008 1497 ut
1037 1460 1107 1497 sub
1139 1460 1280 1496 honore
1311 1461 1363 1496 tui

761 1520 841 1556 Has
873 1518 1004 1564 epulas
1035 1517 1147 1554 liceat
1179 1527 1327 1563 capere.

657 1634 693 1671 3.
755 1631 809 1667 Te
839 1630 920 1666 sine
951 1630 1061 1666 dulce
1092 1629 1199 1674 nihil,
1232 1629 1402 1673 Domine,

754 1687 835 1725 Nec
865 1687 969 1723 iuvat
999 1696 1063 1723 ore
1092 1686 1183 1732 quid
1215 1686 1408 1735 adpetere,

750 1743 894 1781 Pocula
923 1743 962 1779 ni
992 1742 1098 1789 prius
1129 1747 1242 1789 atque
1272 1742 1387 1784 cibos,

752 1800 914 1844 Christe,
948 1803 1034 1836 tuus
1065 1797 1173 1836 favor
1203 1799 1381 1835 imbuerit

751 1856 885 1895 Omnia
915 1854 1175 1893 sanctificante
1205 1854 1293 1894 fide.

657 1975 696 2010 4.
757 1970 921 2007 Fercula
951 1973 1081 2006 nostra
1113 1969 1234 2005 Deum
1265 1968 1426 2017 sapiant,

753 2026 925 2065 Christus
957 2030 992 2062 et
1023 2024 1153 2062 influat
1185 2025 1223 2061 in
1255 2030 1430 2073 pateras,

755 2083 874 2128 Seria,
906 2082 1066 2130 ludrica,
1099 2081 1226 2127 verba,
1256 2081 1371 2125 iocos,

753 2140 937 2186 Denique,
972 2138 1073 2186 quod
1104 2149 1230 2175 sumus
1260 2143 1324 2174 aut
1355 2138 1512 2184 agimus,

754 2197 872 2234 Trina
903 2205 1065 2242 superne
1095 2199 1200 2241 regat
1231 2194 1367 2241 pietas.

655 2312 690 2349 5.
750 2310 818 2350 Te,
850 2313 960 2354 pater
990 2308 1143 2354 optime,
1175 2317 1284 2344 mane
1313 2318 1421 2349 novo,

754 2365 852 2403 Solis
883 2369 921 2401 et
951 2364 1074 2401 orbita
1106 2375 1188 2400 cum
1220 2363 1345 2400 media
1376 2370 1446 2410 est,

751 2423 805 2459 Te
836 2432 982 2468 quoque
1013 2422 1096 2457 luce
1127 2420 1195 2458 sub
1225 2420 1395 2469 occidua,

752 2479 907 2516 Sumere
939 2488 1020 2514 cum
1052 2482 1177 2514 monet
1209 2477 1302 2514 hora
1334 2477 1469 2526 cibum,

750 2535 904 2580 Nostra,
939 2535 1052 2583 Deus,
1087 2538 1196 2570 canet
1226 2533 1433 2572 harmonia.

654 2651 690 2688 6.
751 2648 858 2695 Quod
891 2647 989 2685 calet
1021 2647 1159 2684 halitus
1190 2647 1362 2692 interior,

751 2705 875 2742 Corde
903 2703 1003 2751 quod
1039 2703 1166 2741 abdita
1200 2714 1296 2741 vena
1326 2703 1466 2744 tremit,

751 2762 882 2799 Pulsat
914 2765 949 2798 et
981 2760 1098 2797 incita
1129 2761 1229 2807 quod
1262 2769 1434 2797 resonam

752 2818 900 2865 Lingua
931 2819 999 2854 sub
1032 2827 1096 2854 ore
1127 2817 1249 2854 latens
1282 2820 1446 2863 caveam,

752 2875 851 2912 Laus
883 2874 1011 2922 superi
1043 2873 1164 2922 patris
1196 2878 1276 2910 esto
1306 2873 1410 2911 mihi.
