1914 3223
760 197 810 202 —
872 176 952 216 387
1016 198 1067 202 —

323 289 446 327 Penso
476 298 596 326 meam
629 300 791 336 causam,
825 293 1023 327 numeroso
1055 290 1212 327 crimine
1245 290 1422 336 clausam,

325 344 404 382 Nec
435 355 523 392 spes
552 345 631 382 ulla
662 352 802 391 manet,
835 346 907 382 nisi
939 357 997 383 nic
1029 351 1091 383 tua
1123 347 1249 392 passio
1279 351 1402 384 sanet.

230 402 281 440 10
329 401 475 449 Dignus
506 412 607 439 eram
641 402 785 448 poeuis,
819 413 941 448 cruce,
975 402 1147 449 flammis,
1180 407 1311 448 morte,
1345 403 1500 447 catenis,

323 457 375 495 Et
406 458 512 505 quasi
543 458 612 495 sub
643 459 765 495 cultro
796 459 956 505 positum
991 469 1048 496 me
1081 459 1242 506 surripis
1273 460 1388 497 ultro.

324 514 354 552 Ο
385 515 509 561 pietas
541 515 696 562 Chr1sti‚
728 515 818 562 quid
848 515 886 552 in
917 515 988 552 hoc
1019 515 1101 552 fieri
1133 516 1319 553 voluisti?

325 570 423 608 Dum
456 582 525 618 pro
557 581 614 607 me
646 572 817 619 moreris,
851 582 908 608 me
940 573 1067 608 vivere
1099 573 1195 609 velle
1226 572 1379 612 videris.

323 628 424 673 Quas
457 626 618 665 referam
650 632 790 675 grates,
822 638 917 674 quae
951 629 1049 665 dona
1080 639 1150 675 per
1180 629 1246 666 has
1279 629 1458 666 bonitatis
1472 633 1488 665 ’ἐ

229 685 277 722 15
326 683 464 722 Cordis
496 689 583 722 vota
614 684 702 721 boni
734 689 796 722 tua
828 685 901 721 siut
934 685 1116 722 libamina
1148 685 1249 723 doni.

211 784 354 817 Collect.
380 796 442 816 ms.
467 785 626 817 Roffense
653 795 743 817 saec.
770 782 821 816 12.
867 785 949 818 Cod.
976 787 1144 818 Oxonien.
1172 786 1280 818 Laud.
1306 786 1453 818 Miscell.
1479 785 1532 819 40.
1561 804 1600 808 —
1634 785 1684 824 13,

120 840 173 862 me
198 830 288 862 velle
312 832 431 863 vivere
456 831 587 862 videris
614 831 676 862 Hs.
703 847 747 852 -

564 1009 646 1045 298.
683 1010 763 1053 (12.)
804 1009 988 1046 Clu-istus
1014 1010 1061 1045 de
1089 1010 1230 1046 cruce.

322 1115 420 1163 Quid
454 1115 754 1162 contemplaris?
786 1116 938 1162 morior,
970 1126 1016 1153 ne
1047 1120 1088 1152 tu
1119 1117 1304 1153 moriaris.

322 1172 462 1209 Tactus
491 1182 619 1209 amore
650 1173 712 1218 pio
743 1172 806 1220 pia
837 1184 906 1219 pro
938 1178 974 1209 te
1007 1172 1159 1210 victima
1190 1172 1249 1218 fio,

321 1228 459 1266 Mortis
490 1235 529 1265 ut
561 1234 749 1266 exsortem
781 1227 919 1267 faciam
950 1234 1000 1279 te,
1032 1228 1171 1267 suffero
1202 1236 1372 1278 mortem,

321 1285 467 1323 Probra
499 1286 620 1323 crucis
651 1286 783 1330 tolero,
816 1290 880 1323 tua
912 1286 999 1323 dum
1031 1286 1148 1335 lucra,
1183 1297 1255 1323 non
1287 1297 1379 1335 mea,
1413 1298 1565 1333 quaero.

259 1344 282 1380 5
326 1342 448 1379 Huius
479 1353 599 1389 agone
630 1342 752 1379 crucis
783 1342 853 1379 tibi
885 1353 1060 1390 comparo
1090 1343 1229 1389 gaudia
1259 1343 1367 1389 lucis,

321 1398 473 1436 Scilicet
503 1399 604 1436 istud
636 1410 718 1446 ago,
751 1409 834 1437 mea
864 1410 911 1436 ne
942 1400 1126 1437 moriatur
1157 1400 1292 1446 imago.

320 1455 417 1493 Tota
447 1455 549 1493 salus
581 1456 741 1493 hominis
772 1467 875 1493 meus
907 1461 963 1493 est
994 1456 1033 1493 iu
1067 1456 1137 1493 hac
1168 1467 1279 1493 cruce
1310 1455 1406 1503 finis,

320 1512 484 1549 Mortem
514 1516 635 1549 morte
665 1513 783 1559 gravi,
819 1513 905 1550 dum
938 1524 1007 1559 pro
1038 1517 1075 1549 te
1107 1513 1255 1562 suffero,
1290 1512 1422 1560 stravi,

321 1569 509 1615 Sanguine
540 1570 747 1616 quaesitam
777 1570 1000 1606 mortalibus
1032 1580 1144 1617 erogo
1177 1570 1305 1616 vitam,

223 1626 273 1663 10
319 1624 472 1663 Robora
503 1626 706 1663 conscendi
737 1625 939 1663 crucifixus
970 1626 1097 1673 ibique
1126 1627 1304 1674 pependi.

282 1706 289 1718 .
319 1681 457 1720 Grates
489 1692 577 1730 ergo
609 1682 728 1721 bonas
760 1687 796 1719 et
827 1683 996 1729 praemia
1028 1683 1142 1731 digna
1174 1694 1351 1730 reponas

321 1739 380 1775 Ne
411 1739 462 1776 sis
493 1740 662 1787 ingratus
693 1740 796 1788 mihi,
828 1740 932 1776 cuius
963 1751 1003 1776 es
1035 1746 1116 1776 arte
1143 1741 1282 1787 piatus.

323 1795 428 1832 Haec
459 1796 533 1833 nisi
563 1807 697 1843 magna
728 1797 820 1833 satis
851 1802 937 1833 sunt
971 1797 1069 1833 dona
1099 1807 1202 1834 meae
1230 1797 1395 1845 pietatis,

319 1852 435 1889 Addo
466 1858 551 1890 tuus
582 1853 687 1890 Iesus
715 1852 763 1890 fio
795 1853 865 1889 tibi
896 1858 1006 1899 potus
1037 1859 1073 1889 et
1105 1864 1200 1902 esus,

221 1910 270 1947 15
319 1908 495 1946 Suaviter
524 1910 721 1956 appositae
755 1909 852 1959 bibe,
888 1910 1025 1947 mande
1057 1910 1201 1948 cibaria
1232 1911 1343 1948 vitae.

202 2009 346 2043 Collect.
374 2020 435 2042 ms.
462 2010 622 2042 Roffense
648 2021 737 2042 saec.
766 2008 817 2042 12.
867 2011 948 2043 (ὀᾶ.
975 2010 1146 2043 Oxonien.
1172 2010 1281 2042 Laud.
1308 2010 1455 2042 Miscell.
1481 2007 1536 2042 40.

1392 2960 1465 2993 25*
