2031 3289
0 3116 18 3289 '‘d-{plum
2 3051 15 3098 ε’-ρ,
0 2989 15 3002 ⁴„
11 2967 14 2971 .

333 253 404 290 5a.
444 251 518 288 Ast
549 261 632 287 cum
664 250 914 297 condiscipuli

502 307 633 345 mundi
664 307 854 354 regionem

447 364 702 410 Peragrarent
732 363 898 409 undique

504 430 548 456 ac
578 419 797 466 religionem

448 475 704 515 Christianam
734 479 916 520 sererent,

502 536 551 579 te,
584 543 690 568 suum
722 531 930 577 custodem,

447 588 563 635 Virgo
594 592 714 625 mater
746 587 876 634 dirigit

503 644 549 681 ob
582 644 723 682 Christi
754 654 931 683 amorem.

336 723 405 761 6a.
443 723 607 760 Frustra
638 734 720 760 eum
751 723 805 759 sic
836 727 991 770 agerent

507 781 659 825 Caesar,
691 783 899 825 senatores,

448 836 502 873 Te
529 837 681 874 Patmos
711 836 750 872 in
780 835 944 872 insulam

506 893 675 939 relegant
705 896 882 938 tortoreS,

447 951 500 988 At
530 949 583 985 ibi
612 949 787 986 uranieas

503 1005 738 1042 visitationes

447 1061 600 1108 Recipis
632 1066 669 1098 et
697 1061 849 1099 abditas

504 1117 767 1156 revelationes,

338 1199 406 1236 73.
447 1198 527 1235 Fac
557 1208 624 1234 nos
656 1207 744 1244 ergo
774 1195 951 1243 precibus

506 1254 580 1291 tuis
611 1253 796 1302 adiuvari,

449 1311 530 1348 Fac
561 1310 704 1347 caduca
734 1309 917 1356 linquere,

505 1367 696 1406 Christum
726 1365 880 1411 imitari,

450 1422 602 1470 Facque
633 1422 839 1469 pudicitiae

506 1480 627 1516 lilium
658 1479 809 1527 sectari,

450 1536 529 1574 Fac
558 1536 631 1573 Dei
661 1535 844 1582 mysteria

505 1603 576 1642 per
601 1597 639 1629 te
670 1591 844 1629 reserari.

1074 136 1157 176 426

1151 249 1224 290 5b.

1152 721 1225 761 6b.

1261 249 1316 286 Te
1348 249 1478 287 divina
1507 254 1709 296 protegens

1318 306 1487 352 respexit.
1516 306 1696 352 minerva,

1263 361 1443 399 Ferventi
1474 373 1557 398 cum
1589 361 1742 409 frigeris

1318 429 1341 455 a
1370 422 1481 464 gente
1511 423 1689 464 proterva

1262 474 1345 512 Olei
1374 474 1576 521 sartagine,

1318 531 1462 576 potaris
1493 530 1630 567 acerba

1263 586 1460 623 Virulenta
1488 587 1610 623 cicuta

1319 642 1425 679 verbi
1455 647 1614 689 propter
1644 642 1772 682 verba.

1262 721 1384 758 Felici
1415 722 1620 758 certamine

1321 777 1416 814 bene
1447 781 1702 815 consummato

1263 835 1315 871 Et
1345 835 1493 872 Mariae
1521 834 1678 882 virginis

1321 889 1453 927 funere
1481 895 1643 934 servato,

1264 947 1328 984 Ad
1360 948 1491 993 epulas
1523 947 1682 984 caelicas

1321 1014 1343 1040 a
1374 1004 1524 1042 Christo
1553 1007 1698 1049 vocato,

1263 1060 1420 1097 Bustum
1451 1071 1582 1106 sospes
1612 1060 1745 1097 invisis

1318 1116 1458 1153 lumine
1488 1117 1624 1154 velato.

1264 1195 1324 1232 Da
1356 1195 1474 1232 divini
1504 1195 1668 1232 numinis

1322 1262 1527 1298 personare
1558 1262 1680 1300 voces,

1266 1308 1325 1345 Da
1357 1319 1424 1345 nos
1454 1308 1676 1354 intellegere

1322 1365 1494 1411 mystica,
1527 1374 1621 1411 quae
1654 1364 1778 1414 doces,

1267 1421 1325 1458 Da
1355 1421 1464 1468 panis
1497 1420 1656 1467 angelici

1324 1477 1516 1524 spiritales
1549 1477 1667 1526 dotes,

1266 1534 1339 1580 Da,
1372 1545 1439 1570 nos
1472 1534 1604 1581 dignos
1636 1532 1737 1570 effici

1325 1590 1466 1628 Christi
1498 1590 1730 1628 sacerdotes.

857 1668 896 1708 8.
928 1670 958 1708 O
989 1669 1093 1718 pugil
1127 1669 1273 1719 eximie,

985 1726 1127 1763 Christi
1159 1725 1347 1774 caelibita,

926 1784 1046 1820 Actus
1076 1786 1224 1819 nostros
1257 1782 1379 1829 dirige

981 1839 1020 1876 in
1049 1839 1120 1876 hae
1151 1839 1250 1876 valle
1279 1839 1344 1883 ita,

927 1895 980 1934 Ut
1011 1906 1093 1932 cum
1125 1895 1346 1933 transitoria

984 1950 1125 1989 fuerint
1155 1952 1273 2001 finita,

929 2008 1008 2045 Nos
1041 2009 1214 2045 caelestis
1247 2008 1371 2054 capiat

987 2070 1023 2102 et
1053 2065 1230 2112 perennis
1259 2066 1350 2103 vita.

429 2143 503 2177 Fol.
532 2141 595 2176 152
605 2144 637 2176 b.
655 2161 698 2165 —
719 2145 825 2185 „Item
851 2153 954 2185 prosa
972 2140 1014 2175 de
1032 2153 1059 2175 s.
1078 2143 1235 2174 Iohanne
1252 2141 1500 2185 evangelista.'·'
1520 2159 1563 2164 —
1584 2141 1600 2174 1
1613 2144 1646 2181 b,
1672 2141 1691 2173 ’ἲ
1710 2142 1752 2174 Se
1770 2150 1900 2184 negans

335 2190 440 2231 (statt
465 2191 515 2222 Te
539 2188 685 2231 negans)
707 2189 975 2221 Bohemismus?
1000 2204 1043 2210 --
1069 2187 1128 2227 5³,
1154 2186 1175 2220 8
1201 2198 1238 2219 os
1267 2188 1396 2220 Christi
1423 2198 1584 2220 amorem.

1041 2322 1202 2376 Tropi.

671 2413 752 2449 395.
788 2413 847 2457 (7.)
869 2413 915 2448 In
939 2413 1060 2448 Festo
1086 2411 1345 2449 visitationis
1370 2412 1418 2448 B.
1446 2412 1498 2447 M.
1525 2412 1572 2448 V.

971 2477 1029 2509 Ad
1061 2477 1274 2509 Alleluia.

749 2560 842 2609 Ave,
876 2559 1023 2596 stillans
1055 2558 1176 2594 mellis
1206 2557 1426 2606 alvearium,

747 2618 844 2661 Ave,
877 2616 957 2652 veri
989 2614 1197 2652 Salomonis
1230 2613 1427 2661 ferculum,

751 2673 846 2717 Ave,
881 2671 986 2708 verbi
1016 2671 1087 2708 Dei
1119 2675 1160 2707 tu
1189 2671 1409 2720 sacrarium,

750 2729 846 2777 Ave,
880 2728 1032 2766 deitatis
1064 2728 1357 2774 receptaculum,

951 2784 1089 2823 Maria.

435 2856 508 2886 fol.
538 2854 639 2887 14221.
665 2873 709 2879 —
734 2857 801 2888 Zur
826 2858 984 2899 Sequenz
1009 2857 1112 2888 Ave,
1143 2857 1269 2888 verbi
1303 2855 1381 2887 Dei
1415 2864 1584 2897 pareus.
1609 2854 1747 2895 -Vgt
1774 2853 1834 2884 das
1858 2861 1901 2884 zu

342 2900 401 2931 ΝΥ.
428 2899 448 2931 ⁴2
473 2901 666 2933 Bemcrktv.
