2031 3289
889 177 1199 218 —112—

313 294 350 331 3.
382 292 564 339 Misitque
593 293 670 329 late
700 292 871 339 gentibus

382 348 544 386 Verbum
577 349 709 386 salutis
740 348 909 395 pandere

381 407 440 443 Ac
469 405 610 442 saeculi
641 405 687 441 de
716 403 892 441 fiuctibus

381 462 531 499 Mentes
562 461 690 497 levare
721 461 906 499 credulas,

312 577 350 612 4.
382 574 450 620 Qui
481 584 567 610 mox
598 572 688 610 fidei
719 573 896 618 lampade

382 631 480 668 Dum
513 630 652 666 lustrat
683 640 768 666 oras
801 628 996 677 Graeciae,

384 685 530 732 Dieqne
560 685 703 723 Christi
733 684 900 731 fulgidus

382 742 536 779 Erroris
566 741 720 778 umbras
752 741 900 788 effugat.

1127 291 1166 329 8.
1196 291 1368 329 Inclusus
1397 293 1480 328 atro
1511 299 1664 326 carcere

1196 347 1311 386 Lucis
1341 347 1514 383 minister
1543 355 1659 383 aurea

1196 403 1305 441 Pacis
1336 403 1416 440 vias
1446 403 1495 440 ad
1525 402 1654 439 sidera

1199 459 1336 498 Pandit
1368 459 1528 496 catervis
1560 457 1739 504 plebium.

1156 603 1164 610 .
1198 572 1337 610 Caesus
1367 569 1528 617 flagellis
1558 570 1699 617 septies

1196 628 1401 665 Tormenta
1431 626 1515 663 risit
1544 626 1681 673 omnia,

1197 685 1362 731 Septena
1391 693 1500 730 quem
1531 683 1772 729 repleverant

1197 741 1277 778 Iam
1309 741 1408 778 dona
1438 739 1558 776 sancti
1588 739 1757 785 spiritus,

314 858 350 893 5.
382 854 560 891 Achaeus
591 853 706 890 armis
735 853 881 900 adpetit
1102 855 1166 892 10.
1198 853 1368 890 Tandem
1399 852 1545 888 levatus
1577 851 1615 888 in
1646 861 1794 888 crucem

383 910 469 947 Dux
500 910 597 946 lucis
627 921 733 947 arma
762 910 918 959 tetricis,
1199 910 1355 946 Terram
1386 908 1539 954 reliquit
1563 907 1757 944 sordidam

386 966 499 1005 Miles
532 966 603 1004 Dei
635 967 701 1003 sed
733 965 884 1003 fortiter
1197 965 1428 1012 Mundisque
1458 963 1550 1001 felix
1581 963 1755 1011 passibus

388 1023 521 1059 Hostis
555 1023 708 1069 repellit
737 1022 931 1071 impetum.
1203 1022 1286 1059 Poli
1317 1021 1452 1068 petivit
1479 1021 1623 1060 ianuas.

318 1138 357 1174 6.
388 1134 529 1172 Pandit
565 1135 684 1173 crucis
715 1135 908 1183 mysteria,
1106 1135 1171 1173 11.
1202 1135 1366 1181 Excepit
1395 1134 1495 1170 alma
1526 1132 1658 1169 civitas

389 1193 492 1239 Quae
524 1192 607 1230 dira
637 1193 768 1229 mortis
799 1191 982 1238 pristinae
1204 1191 1459 1237 Nostrumque
1488 1193 1610 1227 mater
1639 1188 1801 1225 omnium

387 1248 510 1285 Solvit
539 1252 714 1295 potenter
745 1248 894 1285 vincula
1203 1247 1365 1284 Laetata
1395 1246 1536 1286 Christi
1565 1248 1769 1292 martyrem

384 1305 604 1351 Mundoque
632 1305 745 1342 vitam
779 1304 949 1342 contulit.
1205 1303 1502 1350 Apostolumque
1531 1301 1747 1340 maximum.

318 1419 354 1456 7.
386 1418 486 1464 Agni
518 1416 638 1454 refert
669 1421 704 1454 et
736 1418 909 1463 hostiam,
1107 1418 1172 1455 12.
1206 1416 1428 1464 Congaudet
1457 1414 1578 1452 omnis
1609 1413 1744 1450 civium

386 1475 458 1520 Qui
489 1485 556 1512 nos
589 1474 636 1511 ab
668 1474 777 1511 hoste
808 1473 974 1511 liberans
1202 1472 1323 1510 Nobis
1355 1473 1490 1509 chorus
1522 1470 1738 1508 caelestium

386 1531 474 1567 Vita
506 1531 594 1568 beat
624 1535 730 1567 trans
761 1530 916 1568 aethera
1202 1529 1333 1576 Magni
1365 1529 1495 1566 videns
1525 1527 1707 1574 perennia

389 1587 593 1634 Regnoque
624 1598 749 1623 secum
780 1587 941 1634 perpeti.
1204 1586 1316 1624 Nunc
1344 1586 1524 1623 Andreae
1554 1583 1761 1621 sollemnia.

363 1699 559 1731 Cassander
593 1699 615 1730 l.
642 1709 670 1729 c.
704 1709 736 1739 p.
768 1695 834 1730 508
859 1708 933 1740 sqq.
960 1715 1000 1719 —-
1031 1695 1059 1736 1,
1086 1695 1106 1728 2
1130 1697 1286 1729 vocibus·
1312 1714 1355 1718 —
1380 1694 1411 1735 5,
1436 1694 1456 1727 2
1481 1696 1568 1727 lucis
1601 1695 1710 1735 alma3
1740 1693 1829 1725 dazu

271 1754 327 1775 am
352 1744 492 1776 Raude:
526 1745 614 1776 forte
650 1753 756 1776 arma.
781 1761 826 1765 —
851 1744 918 1776 Str.
946 1742 961 1774 1
988 1743 1058 1774 und
1087 1740 1128 1774 12
1152 1742 1241 1774 auch
1266 1743 1302 1773 in
1328 1742 1470 1774 Collect.
1497 1751 1559 1772 ms.
1585 1742 1619 1773 S.
1645 1738 1827 1771 Michaelis

213 1808 216 1810 -
274 1790 503 1830 Bambergen.
538 1799 626 1821 saec.
662 1786 748 1820 ¹⁰l11.
797 1789 879 1821 Cod.
905 1789 1132 1830 Bambergen.
1159 1789 1185 1818 B
1211 1789 1244 1819 II
1272 1785 1313 1819 10
1336 1787 1386 1827 (in
1411 1787 1559 1818 Allmins
1584 1785 1732 1817 Traktat
1757 1785 1829 1825 „De

270 1835 378 1866 laude
404 1833 516 1874 Dei“).
543 1852 587 1855 —
616 1833 642 1873 l,
670 1832 690 1865 2
716 1834 900 1866 mentibus.
926 1852 969 1857 —-
997 1831 1050 1871 12,
1076 1832 1096 1864 3
1121 1833 1244 1865 videns
1273 1834 1437 1874 praemia.

653 1990 712 2025 90.
748 1990 828 2031 (12.)
861 1990 906 2024 111
932 1989 1069 2025 Natali
1095 1989 1225 2025 sancti
1251 1988 1446 2024 Andreae.

868 2060 1066 2100 Hymnus
1100 2058 1229 2090 alter.

1134 2151 1172 2188 4.
1205 2150 1277 2194 En,
1306 2149 1416 2185 ludus
1447 2152 1503 2184 est
1534 2146 1764 2184 credentium

1205 2205 1295 2242 Tuis
1327 2203 1401 2241 frui
1434 2203 1701 2250 complexibus,

1207 2263 1309 2307 Quae
1339 2267 1443 2298 tanta
1474 2260 1594 2308 gignis
1623 2259 1760 2307 gaudia

1209 2318 1348 2355 Pandis
1379 2318 1530 2364 polique
1559 2317 1702 2354 ianuas,

324 2154 363 2193 1.
395 2153 519 2200 Salvo,
552 2155 747 2197 tropaeum
779 2150 934 2198 gloriae,

393 2209 517 2258 Salve,
553 2218 699 2245 sacrum
729 2207 908 2244 victoriae

395 2265 562 2314 Signum,
595 2264 697 2301 Deus
729 2274 800 2310 quo
831 2264 1021 2312 perditum

391 2321 576 2360 Mundum
609 2320 770 2357 redemit
797 2320 985 2357 mortuus!

325 2437 363 2476 2.
396 2435 425 2473 Ο
457 2434 620 2481 gloriosa
652 2432 806 2480 fulgidis
1138 2435 1177 2471 5.
1209 2434 1312 2478 Quae
1344 2431 1549 2468 conditoris
1579 2429 1709 2466 suavia

397 2491 496 2529 Crux
524 2491 662 2528 emicas
692 2488 908 2535 virtutibuS,
1207 2490 1298 2526 Post
1327 2487 1496 2524 membra
1525 2485 1633 2524 nobis
1663 2484 1814 2522 suavior

395 2549 511 2595 Quam
546 2547 718 2585 Christus
748 2546 831 2592 ipse
862 2544 1007 2593 proprii
1206 2545 1259 2582 Es
1290 2544 1401 2581 melle
1431 2542 1533 2580 facta
1559 2546 1596 2579 et
1625 2540 1793 2579 omnibus

398 2603 582 2642 Membris
615 2603 756 2640 dicavit
787 2601 968 2648 corporiS.
1207 2601 1383 2638 Praelata
1411 2599 1541 2637 mundi
1571 2597 1785 2636 honoribus.

327 2719 366 2757 3.
397 2716 591 2762 Quondam
624 2726 740 2763 genus
771 2715 985 2752 mortalium
1135 2717 1173 2753 6.
1205 2714 1259 2751 Te
1290 2723 1388 2751 nunc
1417 2712 1525 2749 adire
1555 2710 1734 2757 gratulor5

392 2773 501 2810 Metu
530 2771 727 2819 premebas
759 2771 915 2819 pallido,
1204 2770 1258 2807 Te
1288 2768 1458 2807 caritatis
1490 2766 1654 2804 brachiis

395 2830 446 2866 At
474 2839 572 2865 nunc
602 2829 726 2875 reples
757 2827 924 2865 fidelium
1205 2826 1454 2872 Complector,
1486 2824 1535 2861 ad
1567 2821 1743 2860 caelestia

395 2886 535 2922 Amore
564 2885 663 2922 laeto
695 2888 861 2931 pectora.
1204 2881 1428 2921 Conscendo
1458 2890 1527 2927 per
1555 2883 1593 2916 te
1623 2876 1769 2926 gaudia.
