2031 3289
1032 209 1310 250 ,34-

589 324 626 360 3.
659 322 792 360 Gloria
823 328 860 360 et
888 324 1007 359 honor
1037 322 1117 359 Deo
1147 334 1338 369 usquequo
1370 323 1567 370 altissimo,

661 379 746 417 Una
777 380 876 425 patri
910 379 1074 426 filioque,
1107 379 1239 415 inclito
1270 380 1466 428 paraclito,

660 435 727 473 Cui
759 436 840 472 laus
873 439 929 472 est
962 439 998 470 et
1028 439 1197 481 potestas
1227 446 1297 482 per
1328 439 1481 473 aeterna
1513 437 1676 475 saecula.

481 523 620 564 Antiph.
647 527 690 554 et.
710 523 861 565 Legend.
887 533 949 553 mS.
968 523 1002 554 S.
1021 521 1187 564 Stephani
1206 524 1400 564 Frisingen.
1427 534 1517 557 saec.
1544 523 1630 556 ¹¹l12.
1662 525 1746 557 Clm.
1765 525 1950 556 Monacen.

390 566 518 600 21585.
547 569 586 599 A.
621 586 663 589 —
698 569 803 599 Psalt.
831 571 864 599 et
887 567 1004 609 hymn.
1030 578 1090 599 ms.
1116 568 1378 600 Walcidorense
1403 579 1491 601 saec.
1520 567 1606 601 ¹¹!12.
1654 570 1741 606 Clm.
1765 571 1945 601 Monacen.
1990 605 1992 607 ,

391 611 515 645 13067.
548 615 585 644 B.
622 633 664 636 —
701 614 802 644 Brev.
833 624 895 644 ms.
922 613 1119 654 Superioris
1149 613 1276 645 Althae
1311 624 1400 645 Saea.
1428 612 1479 645 12.
1529 615 1615 647 Clm.
1641 616 1821 647 Monacen.
1848 612 1947 646 9633.

389 658 424 689 C.
451 675 493 680 —
518 659 639 690 Diurn.
676 662 710 689 ct
743 658 858 699 hymn.
894 669 955 688 ιιι-ς.
983 656 1250 690 Scheftlariense
1284 669 1372 691 saec.
1402 657 1451 690 12.
1501 660 1587 691 Clm.
1609 661 1791 692 Monacen.
1819 657 1946 691 17024.

389 705 430 735 D.
463 721 507 724 ——
544 704 640 735 Brev.
676 713 737 734 111S.
764 703 798 734 S.
823 701 915 735 Petri
941 704 1176 745 Salisburgen.
1207 714 1296 736 saec.
1324 702 1374 735 12.
1431 704 1513 736 Cod.
1546 705 1677 737 Petrin.
1702 706 1732 737 V
1757 703 1810 737 24.
1835 705 1878 736 E.
1903 722 1947 726 --

388 750 511 779 Ma‘tut.
545 759 607 779 ms,
634 748 868 780 Admontense
903 750 984 780 anni
1021 746 1115 780 1180.
1173 749 1255 781 Cod.
1280 749 1485 781 Admonten.
1520 748 1570 781 18.
1606 751 1641 781 F.
1675 768 1719 773 —
1748 750 1889 791 Antiph.
1914 753 1948 781 ct

387 793 490 826 Grad.
517 804 580 824 ms.
607 794 822 825 Nivernense
848 804 935 825 saec.
966 792 1016 825 12.
1064 794 1146 826 Cod.
1174 795 1322 825 Parisin.
1348 795 1459 826 Nouv.
1478 795 1561 837 Acq.
1590 793 1687 827 1235.
1704 796 1745 828 G.
1771 813 1815 816 —
1838 795 1948 826 Psalt.

389 843 423 870 et
455 838 572 880 hymn.
598 839 822 870 Ostroviense
855 841 937 870 anni
976 837 1070 870 1174.
1120 840 1203 871 Cod.
1230 839 1341 881 Capit.
1364 840 1510 882 Pragen.
1542 841 1569 871 A
1596 838 1649 871 57.
1675 841 1751 872 add.
1778 850 1866 872 saec.
1895 839 1948 871 14.

388 885 435 915 in.
467 885 512 915 H.
548 903 589 907 -—-
623 885 723 915 Brev.
757 895 818 916 ms.
844 885 1043 916 Florianum
1077 894 1165 916 saec.
1194 882 1244 916 14.
1271 882 1319 926 [et
1346 882 1413 926 13]
1462 885 1543 917 eod.
1572 886 1725 917 Florian.
1751 884 1817 918 384
1853 887 1879 917 Ι.
1905 902 1947 906 -

391 930 486 961 Brev.
514 940 575 960 ms.
601 930 838 961 Lambacense
866 940 953 961 saec.
982 927 1067 961 ¹3l14.
1116 930 1198 961 Cod.
1223 930 1433 962 Lambacen.
1458 931 1663 963 CLXXVII.
1688 931 1729 962 K.
1755 948 1800 952 —
1824 931 1948 962 Diurn.

387 978 421 1006 et
452 974 568 1014 hymn.
601 985 663 1006 ms.
688 975 902 1007 Benedictin.
936 985 1025 1006 saec.
1063 973 1113 1006 15.
1163 974 1244 1006 Cod.
1271 976 1436 1017 Upsalen.
1463 976 1489 1008 C
1513 974 1589 1007 477.
1614 977 1654 1007 L.
1680 994 1723 998 —
1749 975 1889 1017 Antiph.
1916 980 1950 1007 et

387 1019 502 1060 hymn.
536 1030 598 1051 mS.
625 1019 791 1051 Scarense
826 1030 914 1052 saec.
950 1018 1001 1051 14.
1036 1018 1085 1062 [et
1118 1017 1185 1061 15.]
1241 1021 1324 1052 Cod.
1360 1021 1526 1063 Upsalen.
1552 1022 1578 1053 C
1606 1019 1682 1053 422.
1707 1023 1755 1054 M.
1779 1040 1822 1045 —
1848 1022 1948 1052 Brev.

387 1075 448 1096 ms.
475 1065 783 1106 Ducumburgense
816 1067 899 1097 anni
936 1063 1032 1097 1451.
1088 1065 1171 1097 cod.
1206 1066 1487 1108 Ducumburgen.
1520 1064 1574 1100 67.
1599 1068 1642 1099 N.
1665 1084 1710 1088 —
1734 1068 1856 1099 Dium.
1885 1076 1948 1097 ms.

387 1110 656 1142 vindobonense
681 1111 763 1141 anni
793 1108 889 1142 1478.
923 1111 1004 1143 cod.
1023 1111 1306 1152 Ducumburgen.
1332 1109 1386 1143 86.
1408 1113 1447 1144 O.
1472 1129 1516 1133 —
1541 1112 1642 1144 Brev.
1660 1123 1723 1145 ms.
1740 1113 1948 1143 Pataviense

387 1157 468 1186 anni
506 1154 602 1187 1429.
650 1156 733 1187 Cod.
771 1157 1052 1197 Ducumburgen.
1080 1153 1154 1188 183.
1175 1157 1213 1187 Ρ.
1239 1174 1281 1177 -
1306 1158 1406 1189 Brev.
1431 1168 1493 1188 mS.
1518 1157 1705 1196 Iohannis,
1736 1155 1877 1199 plebani
1913 1158 1949 1188 in

387 1201 553 1232 Richnow
584 1201 799 1233 Bohemicali
837 1203 918 1233 anni
954 1199 1051 1233 1485.
1107 1201 1190 1233 Cod.
1223 1201 1429 1234 Altovaden.
1464 1200 1516 1235 98.
1543 1203 1582 1241 Q.
1615 1220 1660 1224 —
1693 1205 1792 1234 Brev.
1825 1213 1887 1233 ms.
1914 1202 1948 1234 S.

387 1246 529 1288 Georgii
554 1247 700 1288 Pragen.
727 1257 818 1278 saeC.
844 1244 947 1288 [¹2l13.
974 1244 1020 1288 et]
1050 1244 1099 1279 13.
1148 1246 1231 1278 Cod.
1257 1248 1404 1289 Pragen.
1429 1248 1497 1279 XII
1522 1248 1552 1279 E
1577 1246 1609 1280 5.
1626 1249 1666 1280 R.
1693 1266 1733 1270 —
1760 1249 1861 1280 Brev.
1886 1258 1947 1279 ms.

387 1291 421 1323 S.
454 1292 598 1333 Georgii
631 1292 776 1334 Pragen.
814 1302 904 1323 saec.
940 1290 992 1324 14.
1023 1294 1070 1324 in.
1131 1292 1213 1324 Cod.
1246 1293 1393 1334 Pragen.
1428 1294 1495 1325 VII
1521 1293 1549 1325 G
1576 1292 1606 1323 7.
1632 1294 1666 1325 S.
1693 1313 1735 1317 —
1760 1294 1859 1325 Brev.
1885 1304 1947 1324 ms.

385 1337 606 1369 Trebonense
639 1347 729 1369 saec.
766 1336 817 1369 15.
875 1337 958 1369 Cod.
982 1338 1128 1379 Pragen.
1163 1338 1211 1369 VI
1243 1338 1270 1369 F
1312 1336 1353 1369 12
1377 1339 1409 1370 b.
1434 1339 1474 1371 T.
1499 1355 1543 1359 —
1568 1339 1666 1370 Brev.
1691 1350 1753 1370 ms.
1779 1339 1950 1370 Hanussii

386 1382 428 1414 de
454 1383 629 1414 Colowrat
655 1384 737 1413 anni
771 1381 867 1415 1470.
926 1383 1008 1414 Cod.
1035 1384 1147 1424 Capit.
1172 1383 1318 1424 Pragen.
1349 1384 1376 1415 P
1404 1382 1454 1415 11.
1479 1385 1521 1416 U.
1547 1404 1589 1407 ——
1615 1384 1721 1416 Psalt.
1749 1388 1782 1415 et
1806 1383 1947 1425 Antiph.

390 1439 450 1459 ηις.
477 1428 511 1460 S.
536 1429 632 1460 Petri
657 1428 925 1469 Erphesforden.
959 1430 1043 1460 anni
1079 1426 1175 1460 1481.
1233 1429 1315 1460 Cod.
1342 1430 1596 1470 Rosenbergen.
1631 1427 1685 1461 62.
1710 1430 1752 1461 V.
1777 1447 1822 1451 —
1847 1431 1948 1461 Brev.

390 1484 452 1504 ms.
478 1474 765 1505 Autisiodorense
791 1484 880 1505 saec.
915 1472 965 1505 15.
1012 1472 1280 1515 (Privatbesitz).
1306 1475 1361 1505 W.
1387 1492 1429 1496 —-
1456 1476 1553 1506 Brev.
1580 1485 1641 1507 mS.
1668 1475 1948 1506 Emmeramense

386 1529 474 1550 saec.
501 1517 586 1550 ¹³l14.
637 1519 723 1550 Clm.
756 1520 940 1552 Monacen.
971 1517 1096 1551 14741.
1123 1520 1166 1550 X.
1190 1537 1235 1541 -—
1260 1521 1357 1551 Brev.
1384 1527 1446 1551 ms.
1473 1520 1752 1552 Ennneramense
1778 1530 1867 1552 saec.
1895 1518 1946 1551 14.

386 1565 474 1595 Clm.
505 1565 685 1596 Monacen.
728 1562 852 1596 14771.
890 1567 927 1596 Y.
964 1582 1007 1586 ——
1043 1566 1143 1597 Brev.
1179 1564 1346 1597 Coenobii
1384 1566 1418 1598 S.
1449 1566 1582 1597 Mariae
1615 1565 1836 1597 Suessionen.
1866 1567 1946 1606 imp.

386 1610 534 1641 Parisiis
562 1608 658 1642 1533.
684 1611 721 1642 Z.

482 1653 509 1693 1,
535 1653 556 1687 2
581 1655 751 1687 claritatis
769 1655 810 1686 E.
837 1674 880 1676 —
905 1654 937 1695 2,
967 1654 988 1687 3
1013 1659 1154 1697 peccato
1172 1656 1272 1688 BEF.
1299 1674 1336 1678 --
1367 1654 1399 1695 3,
1425 1654 1445 1687 2
1470 1666 1545 1687 cum
1572 1657 1693 1688 inclito
1712 1657 1750 1687 B.
1776 1673 1818 1677 ——
1843 1656 1944 1687 DLM

387 1700 552 1732 sehiebcn
576 1711 639 1732 vor
663 1701 723 1732 der
748 1702 944 1742 Doxologie
969 1702 1044 1733 ein:

725 1770 795 1802 Ubi
822 1769 946 1801 chorus
974 1770 1152 1802 beatorum
1178 1770 1327 1802 laetatur
1353 1770 1548 1811 spirituum,

725 1815 795 1847 Ubi
820 1817 990 1847 iustorum
1017 1817 1155 1847 animae
1181 1816 1273 1847 claro
1299 1815 1452 1857 gaudent
1476 1816 1616 1855 lumine⁷

724 1862 912 1892 Cernentes
937 1872 1014 1892 cum
1041 1861 1150 1894 iubilo
1176 1871 1290 1902 regem
1316 1862 1352 1892 in
1377 1861 1499 1893 decore
1525 1872 1598 1899 suo,

386 1940 437 1960 wo
463 1939 505 1959 zu
531 1928 646 1960 lesen:
674 1929 743 1960 Ubi
769 1930 906 1960 animae
931 1930 1099 1961 iustorum
1126 1929 1212 1961 und:
1238 1931 1366 1971 Regem
1393 1931 1429 1960 in
1453 1929 1575 1961 decore
1592 1940 1654 1961 suo
1671 1933 1849 1961 cernentes
1869 1941 1945 1962 cuni

388 1974 510 2006 iubilo.

589 2108 645 2143 80.
680 2109 741 2151 (7.)
781 2107 909 2144 Oratio
934 2106 980 2143 ad
1008 2109 1174 2144 sanctum
1199 2106 1413 2144 Mauritium
1439 2107 1626 2153 sociosque
1653 2107 1740 2144 eius.

402 2214 437 2251 1.
473 2213 649 2251 Thebaea
677 2217 807 2251 sancta
837 2214 949 2263 legio⁷
1217 2215 1252 2251 4Δ
1289 2214 1389 2260 Opes
1420 2213 1549 2251 labore
1581 2214 1808 2262 quaerimus,

473 2271 596 2309 Choro
626 2271 752 2307 iuncta
784 2271 953 2318 angelico
983 2291 1038 2296 ——
1284 2271 1517 2315 Quaerendis
1548 2271 1699 2308 modurn
1730 2271 1910 2317 tollimus,

473 2327 569 2364 Nam
601 2327 674 2364 iam
706 2332 859 2374 recepto
890 2327 1058 2373 praemio
1284 2327 1363 2364 Has
1396 2327 1483 2364 dum
1515 2338 1583 2373 pro
1614 2327 1695 2364 Deo
1738 2328 1939 2374 credimus,

471 2384 659 2421 Gloriaris
691 2394 773 2421 cum
805 2384 966 2421 Domino
1001 2405 1052 2411 —-
1185 2390 1187 2392 ·
1282 2384 1443 2421 Amissis
1474 2388 1634 2420 mentem
1668 2384 1875 2431 perdimus.

402 2488 441 2523 2.
475 2485 532 2523 Sis
563 2497 632 2533 pro
662 2487 781 2524 servis
812 2486 975 2523 sollicita
1216 2488 1253 2524 5.
1282 2486 1399 2523 Fides
1432 2486 1545 2523 cessit
1575 2485 1758 2532 perfidiae

471 2542 521 2578 Et
551 2542 694 2589 pietate
725 2543 848 2592 anxia,
1285 2543 1335 2579 Et
1366 2543 1504 2580 veritas
1541 2541 1715 2580 fallaciae

471 2599 541 2643 Qui
572 2600 609 2635 in
641 2601 830 2637 mundano
858 2599 991 2646 pelago
1283 2599 1332 2636 Et
1364 2599 1485 2646 pietas
1517 2600 1709 2646 tyrannidi

471 2655 731 2693 Absorbemur
761 2655 973 2703 naufragio.
1284 2656 1334 2693 Et
1364 2667 1469 2693 amor
1500 2657 1585 2693 dolo
1617 2656 1772 2703 duplici.

403 2758 439 2794 3.
474 2758 572 2794 Hinc
603 2757 796 2805 Charybdi
828 2758 1010 2804 luxuriae,
1216 2761 1253 2796 6.
1287 2757 1373 2804 Ipse
1404 2758 1505 2795 Deus
1538 2759 1798 2805 contemnitur,

475 2814 571 2850 llinc
603 2814 730 2861 Scylla
760 2815 955 2863 avaritiae,
1285 2815 1459 2852 Ecclesia
1490 2815 1709 2862 despicitur,

474 2871 570 2907 lIinc
601 2871 768 2918 syrtibus
799 2872 965 2908 invidiae
1286 2872 1400 2908 (fuius
1433 2872 1608 2908 dicuntur
1638 2872 1776 2908 servuli

473 2929 595 2964 (lacco
626 2928 810 2965 iactamur
839 2928 999 2966 turbine.
1285 2929 1559 2976 Impedimcuta
1588 2928 1738 2968 saeculi,
