1914 3223
726 147 1026 188 -177—

103 267 145 305 3.·
174 265 287 313 Haec,
321 274 402 300 cum
433 262 468 300 in
502 260 632 298 funere
912 264 951 300 4.
983 262 1102 299 Sexus
1133 265 1189 298 est
1220 261 1406 308 comparis

231 319 384 357 formam
419 319 656 365 resumpserit
1040 318 1129 355 haee
1160 317 1240 355 avis
1273 317 1409 362 nescia,

127 375 131 378 ’
177 377 341 423 Alasque
372 375 550 423 pristinas
981 374 1083 412 Sicut
1115 380 1172 411 est
1203 368 1321 423 unica,

229 431 581 478 rursuminduerit,
1038 431 1092 467 sie
1120 441 1269 477 semper
1299 431 1456 477 integra,

176 490 308 526 Volatu
339 489 448 526 solito
980 487 1234 525 Siniilitutline

227 557 267 582 se
293 556 438 582 sursum
469 545 591 592 erigit,
1036 544 1174 581 Christi
1207 544 1425 590 plenissima

174 604 263 641 Cum
295 602 416 639 caelos
447 602 559 638 etiam
978 601 1242 637 Transcenditi
1278 600 1415 637 bestias

227 659 396 696 Christus
426 657 651 696 ascenderit.
1033 662 1068 693 et
1102 657 1266 694 volatila.

571 735 606 770 5.
638 731 695 768 Tu
726 731 793 767 tibi
826 730 987 777 compati

695 788 748 824 sic
781 787 839 824 fae
869 799 949 832 nos,
982 787 1154 832 Domine,

639 845 741 882 Tuae
773 844 976 891 participes

693 907 731 938 ut
764 902 878 937 simus
907 901 1062 947 gloriae,

639 958 700 995 Sic
732 968 909 1004 praesens
940 957 1105 995 triduum

694 1014 730 1051 in
761 1014 864 1050 luctu
896 1014 1044 1063 ducere,

639 1071 690 1109 Ut
721 1070 834 1107 risum
866 1069 1010 1108 tribuas

697 1127 886 1174 paschalis
917 1127 1073 1174 gratiae.

188 1203 213 1233 C
240 1200 297 1232 sol.
322 1198 405 1232 Slb.
430 1217 472 1222 ——
500 1198 531 1238 3,
561 1199 574 1231 1
604 1201 637 1231 in
663 1199 756 1231 fehlt.
783 1217 825 1221 —
851 1197 882 1237 2³»,
907 1197 928 1230 3
953 1199 1035 1230 Alas
1061 1199 1238 1241 pristinas.

640 1292 711 1329 164.
747 1294 826 1335 (54.)
860 1291 911 1328 Ad
937 1290 1107 1327 Primam.

103 1366 137 1404 1.
171 1366 306 1402 Leonis
337 1358 498 1402 catu'tum
905 1365 942 1402 2.
977 1365 1036 1401 Ad
1067 1364 1248 1410 praedam
1280 1364 1444 1400 catulum

222 1422 352 1459 Iudam
383 1423 465 1468 quis
496 1422 662 1467 suscitet,
1035 1420 1126 1458 dicit
1156 1420 1375 1467 ascendere,

168 1478 277 1515 Iacob
308 1479 527 1526 interrogat,
979 1477 1029 1516 Ut
1059 1478 1096 1514 in
1129 1477 1199 1513 hae
1230 1477 1354 1523 etiam,

223 1546 303 1571 cuni
336 1535 422 1571 hine
452 1546 523 1572 non
555 1534 722 1581 dubitet3
1033 1545 1106 1581 qua
1138 1534 1289 1583 dormit,
1325 1533 1454 1579 requie

166 1592 256 1629 Cum
287 1602 374 1639 ergo
405 1591 549 1638 quaerit
582 1592 664 1638 boe,
974 1591 1032 1628 De
1062 1591 1139 1637 lupi
1172 1588 1344 1627 faucibus

223 1658 336 1695 super
367 1648 435 1684 hoc
465 1648 652 1697 obstupet,
1030 1647 1133 1684 illam
1167 1650 1327 1695 erueret,

168 1704 217 1742 Ut
248 1715 323 1741 rem
354 1701 563 1741 mirabilem
973 1703 1080 1751 Quod
1111 1703 1153 1740 fit
1184 1714 1252 1751 per
1282 1703 1442 1741 animam

223 1761 328 1798 nobis
354 1761 527 1801 insinuet.
1031 1759 1209 1798 defuneto
1239 1771 1408 1807 corpore.

564 1837 602 1875 3.
635 1836 691 1871 'l'u
723 1834 792 1872 tibi
825 1835 986 1881 compati

689 1892 744 1928 sic
772 1890 833 1928 fae
863 1902 942 1937 nos,
974 1890 1147 1937 Domine,

634 1948 736 1985 Tuae
766 1948 973 1996 participes

691 2010 728 2042 ut
761 2005 875 2042 simus
905 2005 1058 2052 gloriae,

635 2062 698 2101 Sic
727 2072 906 2109 praesens
937 2061 1102 2098 triduum

688 2118 725 2155 in
756 2119 857 2155 luctu
890 2118 1038 2166 ducere,

637 2176 685 2213 Ut
718 2175 833 2212 risum
866 2175 1010 2212 tribuas

690 2232 878 2278 paschalis
910 2232 1066 2279 gratiae.

183 2304 209 2333 C
236 2302 292 2333 fol.
318 2302 401 2334 δ’ἐκ.
426 2320 470 2324 -
494 2303 523 2340 2,
551 2302 569 2334 7
595 2304 694 2343 Quod
720 2306 765 2335 sit
790 2315 858 2346 per.

630 2396 701 2433 165.
735 2398 816 2439 (55.)
851 2397 903 2434 Ad
929 2397 1102 2434 Tertiam.

99 2468 132 2505 1.
163 2469 352 2504 Ascensus
384 2468 509 2510 catuli,
901 2472 938 2510 2.
973 2471 1063 2508 Cum
1095 2471 1168 2508 iam
1200 2472 1416 2509 ascenderit

220 2535 291 2570 quo
321 2525 500 2570 praedam
529 2526 637 2573 eruit,
1026 2530 1074 2565 ad
1106 2529 1287 2574 praedam
1319 2529 1476 2575 catuluS,

166 2579 265 2626 Fuit,
299 2591 378 2617 cum
410 2581 592 2618 Dominus
974 2585 1256 2631 Requieseentis
1289 2590 1345 2622 est

221 2647 366 2673 cruceni
397 2638 622 2678 ascenderit.
1028 2640 1149 2678 factus
1181 2638 1389 2689 accubitus,

163 2694 205 2731 In
236 2704 308 2740 qua
340 2705 405 2730 uos
436 2695 623 2731 redimens
971 2699 1076 2744 Quia,
1110 2708 1192 2735 cum
1225 2698 1339 2737 fuerit

221 2760 300 2786 cum
332 2751 593 2797 exspiraverit,
1027 2765 1137 2791 cruce
1171 2755 1377 2803 depositus,

164 2806 284 2843 lustos
314 2807 360 2844 de
390 2812 533 2844 tartaro
971 2811 1148 2858 Sepultus
1180 2812 1306 2849 triduo

222 2861 415 2900 confestim
447 2864 571 2910 eripit.
1028 2868 1167 2915 quievit
1201 2868 1396 2908 Dominus.

158 2931 321 2965 Dravus,
349 2932 593 2978 Hymnograpbi
615 2933 733 2960 Latini.
761 2933 787 2961 1.
1398 2934 1438 2969 12
