1914 3223
727 156 797 185 -,
843 133 922 175 105
986 157 1034 162 -

121 250 185 288 25.
218 248 360 285 Herilis
391 251 430 284 at
459 257 544 284 mox
577 247 736 284 buccina

216 303 448 351 Respondit:
481 304 627 341 Auctor
656 304 820 341 omnium

216 361 434 398 Altissimus
465 360 643 397 virtutum
676 365 713 396 et

216 417 296 455 Rex
327 418 410 464 ipse
441 415 560 463 fulget
591 416 746 464 gloriae.

118 532 182 570 26.
217 530 336 567 Dictis
367 529 502 576 quibus
534 540 599 566 rex
627 529 770 576 gloriae

215 587 306 625 Cum
337 586 500 634 glorioso
531 586 649 622 milite

214 643 410 691 Ingressus
441 647 498 679 est
528 643 565 679 in
597 642 750 680 aethere

216 699 384 737 Sublime
415 709 569 746 regnum
600 700 754 746 gloriae.

123 815 188 852 27.
221 816 302 859 Qua
332 812 545 849 mansiones
577 813 747 860 singulis,

218 869 317 915 Quos
351 869 397 906 de
425 867 626 915 profundis
658 867 772 906 inferi

214 926 453 973 Abduxerat‚
486 936 555 972 pro
584 926 757 972 congruis

216 982 382 1020 Donavit
412 982 531 1019 almus
562 982 721 1020 actibus.

121 1098 185 1135 28.
217 1097 269 1133 At
298 1095 381 1142 ipse
410 1099 546 1132 cuncta
576 1095 766 1132 transiens

217 1152 321 1190 Caeli
353 1151 526 1189 micantis
557 1152 722 1189 culmina

215 1210 277 1247 Ad
311 1208 505 1246 dexteram
537 1209 637 1245 sedit
668 1209 789 1255 patris

218 1265 552 1312 consempiternus
585 1265 696 1315 filius,

930 249 997 295 29.

931 531 994 568 30.

934 813 999 850 31.

932 1097 997 1133 32.

1031 249 1229 286 Venturus
1249 248 1338 285 inde
1368 248 1407 285 in
1438 247 1558 295 gloria

1032 306 1147 342 Vivos
1177 305 1288 342 Simul
1318 316 1400 342 cum
1433 305 1590 342 mortuis

1031 362 1252 399 Diiudicare
1285 373 1353 408 pro
1384 361 1532 398 actibus

1031 419 1135 455 Iusto
1167 422 1300 464 potens
1333 418 1517 456 examine.

1030 532 1110 576 Quo
1128 542 1207 578 nos⁷
1235 541 1446 581 precamur,
1478 535 1660 576 tempore,

1030 587 1128 636 Iesu,
1162 588 1379 634 redemptor
1410 588 1532 636 unice,

1030 644 1135 680 Inter
1165 648 1247 680 tuos
1279 644 1316 680 in
1347 643 1504 682 aethera

1030 699 1168 737 Servos
1200 700 1382 747 benignus
1408 700 1585 749 adgrega.

1034 812 1093 849 Da
1124 813 1232 850 nobis
1263 813 1355 850 illuc
1386 813 1520 850 sedula

1032 869 1243 907 Devotione
1274 870 1444 917 tendere,

1030 926 1110 972 Qua
1141 930 1177 962 te
1210 927 1344 963 sedere
1376 937 1459 963 cum
1490 931 1599 972 patre

1032 984 1075 1020 In
1107 993 1195 1020 arce
1226 983 1332 1030 regni
1365 983 1568 1020 credimus,

1030 1096 1183 1133 Nostris
1213 1096 1267 1133 ibi
1298 1100 1376 1133 tum
1408 1095 1587 1133 cordibus

1031 1153 1112 1190 Tuo
1143 1153 1299 1200 repletis
1331 1153 1480 1200 spiritu,

1033 1210 1200 1247 Ostende
1231 1214 1378 1257 patrem
1410 1214 1447 1246 et
1478 1206 1622 1246 sufficit

1033 1266 1140 1303 Haec
1169 1266 1278 1304 nobis
1310 1278 1384 1304 una
1415 1265 1522 1304 visio.

197 1388 393 1421 Cassander
425 1388 446 1419 1.
481 1399 509 1420 c.
535 1399 566 1430 p.
603 1386 666 1420 198
700 1399 774 1430 sqq.
808 1388 848 1420 A.
876 1405 920 1409 —
952 1389 1082 1430 Hynm.
1116 1400 1177 1420 ms.
1211 1389 1463 1420 Moissiacense
1497 1398 1586 1420 saec.
1615 1386 1665 1419 11.

104 1434 187 1467 Cod.
205 1434 366 1465 Rossian.
384 1434 470 1465 VIII
500 1432 573 1465 144.
599 1435 637 1465 B.
664 1451 706 1455 —
731 1435 860 1475 Hymn.
886 1444 948 1465 ms.
975 1434 1172 1466 Bobbiense
1198 1444 1286 1466 saec.
1308 1432 1359 1465 11.
1402 1434 1484 1466 cod.
1504 1434 1668 1465 Vatican.

105 1477 203 1512 5776.
230 1479 266 1511 C.
292 1496 337 1500 —
360 1480 460 1511 Brev.
489 1490 549 1511 ms.
579 1479 780 1511 Strumense
807 1489 896 1512 saec.
921 1477 973 1510 11.
1015 1479 1099 1512 Cod.
1116 1480 1342 1512 Laurentian.
1362 1480 1469 1511 Conv.
1497 1489 1572 1520 sup.
1593 1477 1668 1510 5⁸24.

103 1525 145 1557 D.
173 1544 212 1548 —
241 1525 366 1566 Hymn.
392 1535 454 1556 ms-
481 1526 681 1557 Veronense
707 1534 796 1556 saec.
825 1523 875 1557 10.
913 1525 996 1557 Cod.
1016 1524 1128 1566 Capit.
1154 1525 1325 1557 Veronen.
1354 1523 1417 1557 109
1441 1522 1532 1564 (102)
1556 1524 1598 1556 Ε.
1624 1541 1666 1545 -

104 1570 234 1611 Hyrnn.
270 1580 332 1601 ms.
358 1570 637 1602 Fredeslariense
674 1580 762 1602 saec.
800 1568 852 1601 11.
901 1570 984 1602 Cod.
1010 1571 1194 1602 Kasselan.
1226 1570 1347 1602 Theol.
1380 1570 1430 1601 IV
1462 1568 1516 1601 25.
1551 1570 1587 1601 F.
1623 1586 1666 1591 —

106 1616 206 1647 Brev.
233 1626 294 1647 ms.
320 1616 354 1648 S.
379 1615 546 1657 Eutychii
572 1617 717 1648 Nursini
744 1626 833 1647 saec.
861 1613 946 1647 ¹⁰l11.
998 1616 1082 1648 Cod.
1109 1616 1329 1648 Vallicellan.
1356 1616 1394 1646 B.
1421 1613 1474 1647 79.
1500 1615 1540 1648 G.

197 1660 225 1701 1,
251 1658 273 1692 2
296 1662 379 1692 novi
415 1671 492 1693 cum
518 1664 704 1703 personent
728 1662 766 1693 F.
792 1678 832 1682 —
862 1659 890 1700 1,
917 1659 939 1692 4
964 1661 1089 1693 throno
1115 1663 1152 1694 C.
1178 1679 1221 1683 —
1245 1659 1277 1700 2,
1307 1659 1322 1692 1
1350 1661 1526 1702 triumpho
1553 1660 1665 1692 nobili

104 1707 141 1738 F.
166 1723 209 1728 —
234 1703 264 1744 2,
290 1704 311 1738 3
335 1710 480 1738 mortem
506 1710 615 1738 morte
641 1706 724 1747 DE,
750 1708 818 1746 Qui
832 1717 924 1738 mors
942 1711 1086 1738 mortem
1105 1706 1149 1747 C;
1176 1709 1412 1747 assumpserat
1428 1706 1499 1738 ΟΕ.
1527 1723 1570 1727 ——
1595 1704 1625 1744 6,
1645 1703 1665 1736 2

103 1755 226 1793 regnat
242 1753 280 1783 C.
298 1769 342 1773 —
362 1750 413 1790 15,
439 1750 454 1783 1
474 1753 552 1784 Hoc
568 1753 744 1794 prosecuti
762 1752 903 1793 BCDE,
928 1748 1034 1783 Hunc
1060 1754 1233 1794 prosecuti
1251 1752 1291 1785 G.
1309 1769 1353 1774 —
1373 1750 1424 1789 15,
1450 1750 1470 1783 3
1488 1752 1590 1783 Laeti
1608 1761 1668 1793 per

102 1807 206 1829 auras
240 1797 396 1829 cordium
422 1798 462 1830 G.
488 1815 530 1820 —
560 1796 609 1835 16,
634 1796 656 1829 4
680 1798 810 1830 nobilis
837 1799 879 1829 A.
905 1815 949 1820 —-
977 1796 1026 1836 17,
1055 1797 1071 1829 1
1100 1799 1167 1837 Qui
1192 1798 1293 1830 vobis
1318 1798 1370 1837 E3
1404 1798 1433 1828 A
1458 1797 1559 1829 vobis
1585 1796 1667 1828 hinc

104 1842 146 1874 ad
171 1843 210 1874 A.
237 1861 278 1866 -·
307 1841 358 1881 17,
384 1841 404 1874 2
429 1844 497 1883 Qui
522 1843 608 1875 fehlt
632 1843 673 1875 E.
698 1861 743 1866 —
768 1841 824 1881 30,
841 1841 863 1875 3
888 1842 1027 1875 aethere
1045 1844 1085 1875 A.
1102 1860 1146 1865 —-
1171 1840 1225 1881 32,
1254 1841 1269 1874 1
1290 1854 1367 1874 cum
1385 1842 1547 1874 cordibus
1565 1843 1604 1874 A.
1622 1859 1666 1864 —-

103 1885 157 1925 32,
182 1885 202 1919 2
227 1888 350 1929 repleti
369 1889 408 1920 A.
434 1905 476 1910 -—
502 1887 580 1920 Alle
598 1889 745 1928 Quellen
770 1890 833 1920 mit
850 1888 1051 1920 Ausnahme
1069 1899 1136 1920 von
1157 1889 1185 1920 A
1203 1888 1318 1921 haben
1335 1899 1401 1919 nur
1418 1888 1475 1920 die
1493 1887 1666 1929 Strophen

108 1931 135 1969 l,
161 1931 191 1973 2,
222 1931 271 1972 14,
300 1932 351 1972 15,
380 1932 430 1972 16,
458 1932 509 1973 17,
534 1932 588 1972 30,
622 1932 663 1966 31
698 1934 769 1966 und
801 1934 857 1966 die
890 1934 1107 1976 Doxologie:
1141 1934 1264 1967 Gloria
1289 1935 1373 1971 tibi,
1402 1935 1572 1972 Domine,
1598 1933 1665 1973 Qui

104 1979 243 2010 scandis
269 1989 372 2020 super
397 1979 512 2011 sidera
537 1990 620 2011 usw.

194 2021 260 2057 Str.
290 2023 317 2062 1,
342 2023 383 2056 31
410 2025 481 2056 und
506 2023 550 2057 32
563 2025 652 2057 auch
672 2026 708 2057 in
727 2025 868 2057 Collect.
887 2036 948 2057 ms.
969 2025 1002 2057 S.
1018 2025 1201 2057 Michaelis
1220 2025 1449 2066 Bambergen.
1469 2034 1559 2055 saec.
1579 2021 1666 2056 ¹⁰l11.

104 2069 184 2102 Cod.
222 2070 447 2112 Bambergen.
485 2071 512 2102 B
548 2071 583 2102 II
619 2069 658 2102 10
689 2069 739 2111 (in
770 2071 921 2103 Alkuins
946 2071 1097 2102 Traktat
1131 2071 1204 2112 „De
1240 2070 1341 2102 laude
1377 2069 1487 2110 l)ei“).
1520 2088 1562 2092 --
1590 2067 1619 2106 1,
1649 2067 1663 2100 1

105 2116 262 2156 Hymnos
287 2125 463 2147 canamus.
489 2134 531 2139 —
556 2114 610 2155 32,
635 2113 656 2147 3
681 2115 844 2148 sufficiat.
872 2133 915 2139 —
940 2114 972 2155 3,
997 2115 1019 2148 4
1044 2117 1141 2148 Haec
1166 2117 1268 2148 nobis
1294 2116 1439 2147 mansio.

469 2295 528 2331 83.
565 2296 622 2337 (5.)
657 2295 703 2330 In
729 2295 803 2330 Die
831 2294 979 2331 Sancto
1006 2294 1286 2331 Pentecostes.

149 2402 184 2440 1.
217 2401 372 2447 Emitte,
405 2401 566 2450 Christe,
599 2401 755 2447 spiritus

218 2458 366 2495 Donum
399 2457 453 2494 tui
484 2457 674 2507 paracliti,

217 2515 297 2560 Quo
328 2525 395 2551 nos
427 2514 598 2560 replente
628 2524 785 2551 munera

218 2571 305 2609 Rite
336 2581 513 2608 canamus
544 2570 676 2617 ipsiuS.

156 2687 192 2724 50

219 2740 472 2778 Sacratiorem
505 2740 641 2776 ceteris

219 2797 340 2846 Diem,
375 2796 520 2834 dicaret
551 2807 624 2843 qua
655 2807 721 2833 suo

219 2853 430 2892 Ecclesiam
464 2853 704 2890 charismate.

224 2684 350 2731 Elegit
380 2683 477 2721 hanc
507 2683 570 2730 qui
600 2683 775 2730 primitus

965 2403 1002 2440 3.

963 2686 1000 2720 4.

1034 2401 1149 2439 Cuius
1180 2400 1295 2437 semel
1327 2398 1511 2436 mirabilis

1033 2457 1113 2494 Nos
1145 2457 1279 2494 edocet
1311 2455 1520 2504 descensio,

1036 2514 1122 2550 Pios
1153 2524 1262 2550 sacra
1294 2512 1513 2559 perenniter

1034 2570 1087 2609 Ut
1119 2570 1262 2616 lampet
1293 2579 1422 2606 omnes
1453 2568 1587 2615 gratia.

1033 2682 1228 2728 Erantque
1259 2682 1297 2718 in
1329 2692 1402 2719 uno
1433 2691 1516 2718 cum
1549 2681 1626 2718 suis

1033 2739 1208 2785 Apostoli
1242 2737 1480 2775 consortibus

1035 2794 1182 2832 Solario
1216 2794 1441 2832 sublimibus

1034 2851 1105 2889 Dei
1138 2855 1316 2888 vacantes
1348 2851 1540 2898 laudibus,
