1914 3223
729 225 784 229 —
843 203 924 242 ἕως»
984 225 1038 229 -

599 317 634 354 7.
682 316 782 353 Illud
813 317 1024 363 angelicum

736 373 858 420 Igitur
888 373 1029 420 gloriae

681 429 883 466 Cantemus
915 430 1100 467 canticum

734 485 829 533 Regi
861 486 1039 531 iustitiae,

680 541 751 587 Qui
782 542 883 578 misit
914 542 1077 590 unicum,

739 599 791 638 Ut
823 599 902 636 eius
933 599 1046 637 hodie

795 655 874 692 Nos
905 666 927 692 a
957 655 1108 692 miseria

738 711 933 749 Redderet
963 710 1109 758 gratiae

793 768 1073 808 Misericordia.

190 850 254 892 Ep.
285 851 345 882 VI.
379 868 421 871 —
453 849 679 883 Scholaribus
716 852 820 882 sociis
857 851 929 882 suis
968 851 1036 882 sibi
1070 851 1256 892 plurimum
1291 850 1490 892 diligendis.
1527 867 1563 871 —
1604 849 1666 880 Am

98 896 278 927 Schlusse:
351 897 392 928 In
418 897 573 938 margine
598 897 748 938 paginae
774 898 947 938 respicite
973 907 1104 937 precor
1131 898 1165 927 et
1190 897 1332 937 recipite
1359 906 1419 937 pro
1447 905 1563 927 amore
1593 905 1667 927 meo

101 943 242 973 missum
268 941 369 973 vobis
395 951 415 973 a
441 923 759 973 111e⁰munusculum
786 942 827 973 dr
847 952 1000 973 meorum
1019 942 1173 972 flosculis
1192 941 1388 972 studiorum
1410 941 1453 972 ad
1470 945 1666 972 vestimani

101 988 352 1019 recreationem
377 991 481 1029 atque
507 987 675 1019 solacium
701 987 801 1019 labor
805 989 939 1019 uitium
965 997 1101 1029 semper
1127 988 1163 1018 in
1188 986 1314 1017 studiis
1333 987 1549 1018 animorum

492 1143 574 1179 345.
610 1144 668 1186 (2.)
705 1143 750 1178 In
778 1143 1093 1179 circumcisione
1119 1143 1279 1179 Domini

712 1215 765 1246 De
792 1215 894 1247 Festo
920 1216 1054 1247 Baculi.

104 1307 141 1344 1.
188 1305 290 1344 Anni
321 1304 409 1343 nov‘i
440 1306 584 1344 reditus
923 1311 959 1346 5.
1008 1305 1287 1344 Praeferendus
1319 1307 1456 1344 ceteris

243 1361 352 1400 Nova
383 1363 512 1400 reddit
543 1363 694 1410 gaudia.
1062 1364 1213 1401 Morum
1245 1364 1471 1401 celsitudine

189 1421 380 1458 Concessa
411 1420 592 1457 divinitus
1008 1420 1092 1458 Non
1124 1420 1246 1458 minus
1278 1432 1387 1467 quam
1420 1420 1568 1467 generis

244 1475 433 1513 Sollennis
465 1476 613 1513 laetitia
1067 1475 1296 1515 Multiformi
1325 1478 1465 1514 lumine

188 1531 306 1569 Nobis
339 1532 451 1570 datur
481 1533 606 1577 hodie,
1010 1533 1168 1571 Serenat
1199 1534 1411 1581 ecclesiam,

189 1589 368 1626 Datorem
398 1589 567 1627 laetitiae
1010 1590 1134 1638 Magis
1163 1594 1287 1628 autem
1321 1591 1485 1637 patriam

244 1645 448 1684 Collaudet
479 1647 654 1684 ecclesia.
1063 1647 1269 1684 Luminoso
1301 1647 1466 1685 nomine.

102 1732 140 1769 2.
187 1731 216 1768 Ο
246 1731 312 1768 lux
347 1731 460 1779 digna
490 1732 679 1781 laudibus,
921 1734 957 1770 6.
1006 1733 1171 1770 Fructus
1201 1732 1255 1769 tui
1286 1732 1457 1779 probitas

242 1787 390 1825 Novam
420 1787 542 1825 refers
573 1789 750 1838 speciem⁷
1062 1788 1157 1826 Sunt
1187 1789 1290 1826 illius
1321 1799 1450 1838 opera,

188 1844 328 1881 Mediis
360 1843 566 1892 frigoribus
1007 1845 1108 1882 Mira
1139 1846 1245 1883 cuius
1276 1846 1435 1892 largitas

243 1901 409 1948 Pingens
439 1901 545 1938 urbis
575 1900 710 1939 faciem
1061 1902 1243 1948 Quamvis
1276 1903 1339 1939 det
1369 1902 1579 1946 innumera,

187 1957 366 1995 Floribus
396 1959 610 2007 purpureis,
1009 1958 1131 2006 Magis
1163 1959 1315 2005 placent
1347 1958 1534 2002 omnibus,

189 2015 230 2051 In
264 2015 455 2052 vernalem
486 2015 635 2052 revehis
1007 2015 1124 2061 Quam
1156 2015 1214 2052 his
1246 2026 1316 2062 pro
1347 2014 1578 2061 muneribuS,

245 2071 378 2109 Hieme
409 2072 644 2118 temperiem.
1064 2072 1229 2119 Propter
1259 2073 1383 2118 ipsum
1414 2081 1586 2109 munera.

102 2158 142 2196 3.
188 2155 344 2194 Florum
375 2157 599 2203 speciositas
925 2157 960 2196 7.
1009 2156 1038 2194 O
1070 2160 1238 2204 gestator
1268 2155 1409 2203 baculi⁷

245 2213 460 2251 Conventus
491 2213 688 2261 nobilium,
1064 2213 1118 2250 Te
1149 2213 1285 2261 probat
1317 2218 1354 2250 et
1384 2213 1586 2260 praedicat

188 2269 335 2308 Canora
364 2270 582 2308 iucunditas
1008 2269 1111 2308 Cleri
1142 2281 1214 2307 vox
1246 2273 1283 2306 et
1313 2270 1458 2317 populi,

243 2326 315 2363 Est
346 2332 549 2364 concentus
580 2327 718 2374 avium,
1064 2325 1155 2363 Tuis
1187 2326 1303 2373 gestis
1334 2326 1512 2364 vendicat

187 2382 351 2420 Fructus
382 2387 515 2421 notant
545 2394 674 2431 opera,
1009 2383 1152 2420 Laudis
1184 2393 1294 2420 omne
1325 2383 1475 2428 solium⁷

188 2439 399 2487 Largitoris
431 2450 588 2478 munera
1009 2437 1056 2478 In
1087 2444 1125 2476 te
1155 2439 1276 2476 solum
1309 2440 1473 2476 omnium

243 2496 348 2533 Dant
378 2497 510 2534 messis
542 2497 736 2534 indicium.
1066 2496 1283 2534 Invitantur
1314 2496 1425 2533 oculi.

100 2582 141 2619 4.
189 2582 289 2619 Vere
318 2580 430 2619 flores
461 2582 559 2619 varii
924 2582 961 2620 8.
1008 2582 1112 2627 Quae
1143 2585 1180 2618 te
1211 2585 1320 2618 canet
1353 2580 1492 2618 debitis

245 2638 296 2675 Et
327 2637 472 2675 fructus
504 2637 686 2677 amabiles
1065 2637 1261 2675 Laudibus
1293 2637 1500 2683 subtilitas,

190 2694 274 2733 Viri
304 2698 392 2732 sunt
423 2695 566 2742 egregii
1007 2694 1190 2739 Quoniam
1221 2705 1244 2731 a
1273 2694 1418 2731 meritis

245 2751 297 2788 Et
327 2761 513 2798 personae
544 2751 705 2798 nobiles,
1065 2750 1230 2788 Humilis
1262 2750 1476 2788 sublimitas

188 2807 259 2853 Qui
289 2806 426 2845 florent
456 2808 494 2845 in
527 2806 668 2856 frigore
1009 2806 1100 2844 Tuis
1131 2818 1205 2844 non
1237 2807 1409 2854 erigitur,

190 2863 241 2901 Et
272 2863 436 2902 brumali
467 2869 638 2911 tempore
1011 2863 1125 2902 Cuius
1157 2873 1239 2901 esse
1269 2864 1438 2901 noscitur

248 2920 343 2958 Sunt
373 2921 718 2958 immarcessibiles.
1067 2919 1247 2958 Sublimis
1279 2920 1486 2959 humilitas,
