1914 3223
172 308 266 346 220.

172 900 266 940 2:30.

174 1200 266 1237 2:35.

166 1775 260 1812 245.

165 2058 257 2096 250.

164 2343 259 2380 255.

162 2625 256 2666 260.

293 250 372 297 Quo
403 253 571 296 tempore

354 311 510 344 matrem
540 305 701 353 apostoli

295 368 348 405 Te
379 368 497 406 voluit

353 424 529 462 Iohannis
561 423 654 470 fieri,

298 489 411 535 Quem
440 491 515 523 tam
549 496 673 523 carum

351 543 525 580 effecerat
555 542 639 588 sibi,

257 635 263 642 .
298 605 349 645 Ut
377 605 416 642 id
447 605 567 652 possit

352 662 516 699 muneris
545 663 706 716 assequi.

297 725 326 762 O
358 725 554 770 Iohannes⁷

353 781 411 818 vir
439 781 572 817 summi
604 781 740 822 meriti,

297 844 366 889 Qui
398 848 472 880 tam
506 843 639 890 dignus

355 898 457 936 fuisti
490 900 659 948 provehi,

298 961 438 999 Bibens
470 962 641 999 haustum

353 1019 450 1056 sacri
481 1019 618 1066 eloquii

296 1081 355 1118 Ex
387 1091 525 1118 arcano

351 1138 514 1184 pectoris
549 1138 711 1183 Domini,

299 1199 366 1237 Cui
397 1200 464 1237 soli

353 1257 479 1294 datum
511 1261 565 1293 est
600 1257 751 1303 homini,

297 1317 345 1355 Ut
381 1315 482 1369 [pro]
517 1318 666 1355 Christo

354 1375 498 1411 Mariae
529 1375 664 1422 virgini

296 1435 499 1473 Merereris

354 1492 479 1539 proles
510 1492 698 1541 substitui,

297 1548 433 1596 Magne
463 1553 587 1587 custos

349 1606 469 1642 sancti
501 1605 669 1656 sacrarii,

294 1661 351 1698 De
381 1672 454 1708 quo
488 1673 623 1708 corpus

346 1719 505 1765 sumpsit
535 1730 651 1767 agnus
682 1718 765 1768 Dei,

296 1775 403 1820 Quod
435 1780 492 1812 est
523 1775 630 1812 nobis

348 1836 518 1879 sumptus
549 1832 676 1869 viatici

294 1888 365 1925 Per
396 1889 585 1926 desertum

347 1945 455 1982 istius
487 1946 614 1991 eremi,

289 2000 419 2039 Donec
448 2013 516 2039 nos
549 2002 613 2040 det

347 2058 573 2096 beatitudini

290 2116 380 2153 Post
409 2126 606 2153 aerumnas

346 2172 455 2210 huius
487 2173 621 2212 exsilii.

290 2228 320 2266 Ο
353 2229 490 2267 dilecte

347 2287 444 2334 regis
474 2285 636 2334 pacifici,

291 2342 428 2380 Sancte
459 2343 582 2380 cultor

345 2400 502 2446 pudoris
532 2400 645 2449 nivei,

289 2457 392 2494 Audi
420 2460 546 2503 voces,

345 2514 487 2551 orantis
518 2513 705 2562 naufragi,

289 2570 409 2608 Maris
440 2571 550 2608 huius

347 2628 409 2674 qui
439 2627 575 2664 fluctus
606 2628 745 2675 pertuli

290 2684 339 2721 Et
371 2683 586 2730 Charybdis

347 2741 549 2779 discrimen
580 2741 710 2788 incidi,

292 2799 428 2836 Passus
460 2798 584 2846 magni

345 2866 502 2902 poenam
535 2855 710 2902 periculi,

982 842 1077 880 275.

980 1136 1074 1174 280.

980 1436 1074 1474 285.

975 2003 1071 2041 295.

978 2288 1072 2326 300.

978 2573 1072 2611 305.

978 2858 1070 2895 310.

1107 247 1175 293 Qui
1208 246 1294 284 dum
1326 250 1450 283 mente

1164 315 1235 341 non
1269 303 1353 343 vivo
1387 303 1503 350 vigili,

1109 366 1269 404 Domum
1299 376 1417 402 meam

1164 423 1334 461 consensi
1366 420 1529 469 perfodi,

1108 485 1182 524 Ubi
1214 486 1312 522 vitae

1166 542 1360 579 thesauros
1392 540 1556 588 perdidi,

1107 604 1310 643 Cal-itatem

1165 661 1235 698 Dei
1267 664 1301 697 et
1334 660 1508 710 proximi,

1108 723 1244 770 Meque
1276 723 1372 759 hosti

1164 780 1352 826 captivum
1384 779 1540 825 tradidi,

1112 841 1225 879 Cuius
1259 842 1356 878 dol.s

1160 900 1337 936 seductus
1369 898 1504 936 corrui.

1108 961 1374 998 Verumtamen

1163 1028 1231 1054 nec
1263 1022 1352 1054 tunc
1383 1017 1556 1067 ingemui,

1108 1079 1200 1117 Cum
1232 1090 1290 1116 me
1321 1080 1400 1117 eius

1161 1140 1331 1174 artarent
1361 1136 1497 1184 laquei,

1108 1198 1237 1246 Neque
1267 1199 1400 1236 sordes

1162 1267 1264 1294 meas
1295 1255 1438 1302 erubui,

1107 1318 1309 1365 Postquam
1341 1317 1446 1365 gravi

1162 1375 1316 1412 vulnere
1348 1373 1509 1423 concidi,

1107 1436 1182 1473 Sed
1213 1441 1408 1484 peccatum

1162 1499 1319 1540 peceato
1350 1493 1497 1540 addidi,

1105 1549 1203 1588 Dum
1235 1560 1389 1597 surgere

1162 1612 1246 1653 post
1278 1607 1426 1653 lapsum
1459 1607 1602 1645 distuli.

1104 1662 1180 1701 Sed
1212 1674 1288 1713 vos,
1324 1663 1466 1701 Christi

1162 1721 1248 1758 Iesu
1279 1721 1476 1770 carissimi,

1103 1776 1160 1814 Tu
1193 1777 1379 1815 Iohannes

1160 1837 1197 1870 et
1228 1838 1279 1877 tu,
1311 1834 1435 1872 Maria
1465 1834 1527 1881 mi,
1570 1851 1580 1857 -

1103 1890 1309 1928 Adiutores

1160 1958 1369 1995 pauperum
1400 1948 1547 1995 optimi,

1104 2005 1206 2043 Caeli
1238 2005 1342 2042 vives

1161 2061 1481 2110 excellentissimi,

1104 2117 1162 2154 Ne
1193 2129 1264 2164 me,
1298 2129 1450 2166 quaeso,

1160 2175 1439 2221 abominemini,

1105 2230 1169 2268 Nil
1199 2236 1413 2279 gustantem

1161 2289 1309 2336 saporis
1339 2289 1476 2336 intimi,

1106 2346 1179 2383 Per
1206 2356 1315 2393 quem
1349 2346 1460 2383 datur

1165 2414 1240 2449 pax
1270 2403 1479 2440 intellectui

1104 2458 1185 2496 Nec
1218 2459 1407 2496 dolentem

1160 2521 1235 2553 tam
1269 2516 1365 2553 male
1399 2516 1537 2563 decipi,

1106 2572 1206 2620 Ergo
1239 2584 1309 2620 pro
1340 2584 1399 2610 me

1160 2630 1281 2668 Deum
1314 2630 1534 2677 precamini,

1105 2685 1163 2723 Ne
1195 2697 1253 2723 me
1285 2687 1449 2733 damnet,

1160 2743 1256 2780 sicut
1287 2743 1490 2790 promerui.

1104 2800 1134 2837 Ο
1165 2800 1327 2847 benigna

1160 2857 1297 2903 Maria,
1329 2857 1500 2904 subveni,
