1914 3223
737 189 788 194 —
847 166 925 206 :301
987 188 1042 193 -

385 279 421 316 3.
468 278 624 315 Annuas
655 278 813 325 istisque
843 279 897 315 sic
928 279 1110 317 interesse

469 333 629 372 Gaudiis
659 346 726 372 nos
758 334 950 382 perpetuis
983 341 1019 373 et
1049 337 1172 382 almis,

469 391 543 427 Pro
574 391 648 428 reis
679 392 794 437 gestis
826 393 960 430 merito
992 403 1122 430 carere

656 447 708 485 Ut
739 458 979 494 nequeamus.

383 550 424 589 4,
468 551 715 596 Quaesumu5‚
746 554 883 597 rector,
916 550 1068 596 pietatis
1099 556 1244 599 auctor,

466 605 608 642 Noster
641 606 701 642 hic
729 611 860 652 pastor
890 606 959 643 tibi
991 607 1040 643 sit
1070 613 1261 655 precator,

468 663 548 709 Quo
579 667 645 699 tu&
670 662 778 699 nobis
811 664 953 710 pietate
985 664 1129 700 eunctis

655 719 822 756 Crimina
854 720 982 758 dones,

386 823 425 859 5.
472 820 585 859 Cuius
614 821 654 858 in
685 825 790 858 tanto
823 822 887 868 pia
918 826 1004 859 vota
1036 821 1133 859 festo

471 877 651 924 Congruit
683 878 791 914 nobis
821 878 958 925 iugiter
989 878 1170 923 canendo,

473 934 635 981 Insuper
665 934 835 971 Paschae
864 935 934 971 tibi
967 935 1179 982 duplicatas

655 990 812 1030 Solvere
841 992 986 1030 laudes.

383 1094 421 1131 6.
468 1093 652 1139 Trinitas,
683 1103 778 1129 unus
810 1093 911 1130 Deus
942 1097 1055 1140 atque
1085 1104 1264 1139 summus,

468 1149 525 1187 Sit
555 1149 636 1198 tibi,
671 1160 750 1190 rex.
782 1150 902 1196 gloria
932 1151 1174 1199 sempiterna,

467 1206 538 1252 Qui
570 1206 670 1253 regis
701 1210 806 1243 tanta
836 1206 1006 1244 bonitate
1037 1212 1170 1244 cuncta

655 1262 774 1300 Omne
804 1273 874 1310 per
901 1274 1047 1301 aevum.

207 1362 289 1394 Cod.
331 1363 481 1394 Parisin.
524 1363 636 1394 Nouv.
679 1372 752 1405 aeq.
797 1361 893 1395 1496.
933 1373 1024 1395 saec,
1069 1362 1119 1395 12.
1160 1364 1207 1394 in.
1249 1381 1290 1386 —-
1331 1365 1467 1395 Daraus
1507 1364 1675 1396 Biblioth.

117 1407 320 1440 Cluniacen.
346 1408 411 1440 col.
437 1406 515 1440 292.
540 1425 585 1429 —
612 1406 642 1445 6,
661 1406 682 1439 2
706 1409 801 1440 Deus
819 1419 918 1439 unus.
939 1426 980 1430 -
998 1408 1215 1440 Wiederholt
1232 1419 1294 1440 aus
1310 1409 1411 1441 Anal.
1429 1410 1525 1448 XIX⁷
1544 1407 1608 1442 189
1625 1420 1675 1452 sq.
