1914 3223
750 195 1055 236 —555—

88 308 90 311 ’
144 309 182 349 9.
229 308 348 347 Citius
379 308 540 347 avertite
939 313 1002 349 12.
1050 302 1238 348 Amodu‘m
1270 309 1455 359 refugium

285 365 512 403 scuticorum
544 365 639 413 lora,
1104 367 1274 406 invenire
1305 377 1430 415 spero,

226 422 305 460 Aut
337 423 384 459 de
414 425 541 458 vestro
572 422 717 459 scelere
1049 424 1193 461 Ludam
1227 436 1310 462 cum
1342 422 1535 472 puellulis,

282 478 541 525 personabunt
572 477 668 526 fora,
1104 481 1199 518 illud
1231 485 1298 532 est,
1333 482 1433 528 quod
1463 488 1615 526 quaero,

226 535 415 573 Nascetur
445 533 616 572 confusio
1049 539 1197 584 Petrus,
1231 541 1359 575 noster
1389 537 1526 583 socius,

284 591 485 629 cessabunt
515 592 646 639 priora
1104 593 1312 632 bacchatur
1344 604 1390 631 ex
1420 603 1524 630 mero

227 648 313 686 Olla
344 658 411 685 ceu
441 648 571 685 mundi
1046 650 1098 687 Et
1130 651 1274 688 clavam
1305 650 1531 688 ostendens:

284 715 460 752 suprema
489 705 655 752 coegerit
685 704 790 745 hora.
1102 707 1208 754 haec,
1240 708 1305 758 ait,
1338 717 1444 745 arma
1475 715 1577 753 gero.

112 863 177 901 10.
223 862 253 901 O
283 863 417 901 doctor
444 863 650 912 liberrime,
935 865 997 903 13.
1043 864 1185 902 Noster
1216 865 1349 902 doctor
1381 865 1528 903 doctior

281 919 448 957 dissolve
479 923 632 957 catenas
1102 926 1159 958 est
1188 921 1288 958 inter
1320 921 1508 966 doctores,

220 975 271 1013 Et
305 976 497 1022 disiungas
529 975 732 1023 compedes
1042 977 1114 1015 Est
1144 978 1245 1015 inter
1277 977 1483 1025 discipulos

277 1036 314 1069 et
344 1033 449 1070 laxes
480 1033 659 1080 habenaS,
1100 1035 1202 1072 mitis
1234 1034 1415 1080 mitiores,

217 1088 321 1134 Quae
351 1092 501 1127 nostras
532 1100 578 1127 ex
611 1089 738 1127 studio
1043 1090 1169 1128 Comis
1201 1101 1325 1128 comes
1354 1090 1541 1139 omnibus,

275 1146 492 1183 minuerunt
522 1156 650 1196 genaS,
1099 1149 1179 1185 sive
1209 1148 1285 1184 sint
1314 1148 1462 1194 algores

218 1202 335 1240 Parte
365 1203 450 1240 leva
480 1203 634 1240 minima
1042 1204 1116 1242 Seu
1146 1205 1312 1241 mulcent
1342 1204 1500 1252 zephyri

274 1264 423 1297 nostras
446 1263 483 1297 et
501 1260 681 1298 contrahe
698 1270 852 1307 poenas.
1097 1265 1206 1298 natos
1249 1261 1330 1298 sine
1369 1261 1512 1299 semine
1551 1258 1677 1298 flores.

106 1416 171 1455 11.
217 1417 405 1465 Magister
436 1418 483 1455 de
513 1422 641 1456 cetero
929 1420 994 1458 14.
1040 1419 1143 1466 Ergo
1175 1419 1296 1466 qualis
1329 1417 1443 1456 fuerit

273 1474 380 1512 ludat
412 1485 494 1512 cum
525 1475 706 1523 magistra
1098 1476 1243 1522 doctor,
1275 1475 1308 1513 si
1338 1476 1421 1523 quis
1453 1479 1624 1523 quaerat,

213 1529 378 1568 Dicens:
411 1542 522 1569 crura
552 1532 718 1570 candida
1039 1533 1098 1570 Ex
1130 1532 1339 1579 praedictis
1370 1533 1535 1570 animum

271 1587 381 1625 nobis
413 1588 661 1626 subministra
1094 1589 1295 1626 certiorem
1325 1593 1445 1637 gerat,

215 1642 462 1682 Ostendendo
493 1645 684 1683 mentulae
1037 1646 1112 1683 Hic
1144 1646 1339 1683 doctorem
1370 1646 1513 1692 audiat,

274 1701 427 1748 turgida
456 1701 633 1750 registra,
1094 1706 1131 1740 et
1161 1702 1293 1740 audita.
1326 1706 1440 1752 serat,

216 1756 292 1794 Ceu
324 1763 432 1805 gerat
461 1759 500 1796 in
532 1759 668 1796 dextra
1038 1759 1226 1797 Inscribat
1255 1757 1380 1797 foliis:

271 1813 446 1852 baculum
461 1815 682 1862 clavamque
697 1815 863 1854 sinistra.
1095 1816 1199 1853 Naso
1229 1815 1416 1863 m’agister
1446 1819 1541 1854 erat.

199 1972 288 2005 Clm.
314 1974 496 2005 Monacen.
531 1971 630 2005 6911.
667 1983 755 2005 saec.
786 1970 870 2005 ¹3l14.
894 1974 935 2005 Α.
963 1992 1000 1996 —
1030 1973 1111 2005 Cod.
1137 1973 1311 2005 Mellicen.
1338 1970 1414 2005 711.
1443 1983 1533 2005 saec.
1561 1970 1610 2004 15.
1636 1973 1675 2004 B.

100 2035 144 2039 -—
178 2018 260 2050 Cod.
279 2018 392 2050 Palat.
411 2018 653 2050 Vindobonen.
680 2016 779 2051 3121.
806 2028 896 2050 saec.
927 2017 978 2051 15.
997 2020 1033 2051 C.

194 2061 225 2101 1,
256 2063 401 2096 lLucto
419 2065 458 2096 B.
483 2081 526 2085 ——
555 2062 583 2103 1,
608 2061 630 2096 3
646 2063 806 2105 Amplico
825 2065 865 2096 B.
898 2081 940 2086 —
969 2062 998 2103 1,
1023 2063 1043 2097 5
1068 2064 1230 2097 natalitio
1248 2065 1287 2096 B.
1313 2082 1353 2086 —-
1381 2062 1413 2102 2,
1440 2062 1456 2095 1
1484 2064 1617 2095 exartio
1635 2063 1676 2094 A.

97 2126 142 2132 —
169 2107 209 2147 2,
236 2107 256 2140 2
282 2120 303 2141 a
327 2109 417 2142 collo
444 2109 488 2149 C,
523 2116 665 2141 catenas
690 2109 816 2151 Apollo
842 2110 882 2141 A.
909 2128 951 2132 —
977 2108 1008 2149 2,
1035 2108 1053 2140 7
1079 2113 1159 2142 tuus
1183 2110 1223 2141 A.
1249 2127 1291 2132 —
1317 2107 1350 2149 3,
1378 2108 1392 2141 1
1421 2109 1446 2141 C
1472 2109 1556 2140 liest
1580 2109 1677 2141 nicht

99 2154 267 2186 Datorem
284 2153 475 2196 (Zarncke).
502 2173 546 2178 ——
571 2153 602 2194 3,
629 2153 649 2186 5
668 2155 780 2196 Saepe
796 2166 860 2187 nos
878 2155 990 2187 dedux
1010 2157 1047 2187 B.
1073 2173 1117 2177 -
1135 2153 1166 2193 3,
1193 2154 1212 2186 7
1231 2155 1334 2187 refert
1357 2165 1469 2187 annus
1488 2155 1527 2185 B.
1546 2171 1584 2174 —
1605 2152 1635 2193 3,
1653 2154 1674 2188 8

94 2201 270 2240 gravitate
296 2200 438 2232 caelites
457 2200 495 2232 B.
523 2219 563 2222 —
591 2199 622 2237 5,
647 2198 668 2231 2
687 2200 714 2232 C
738 2200 820 2232 liest
847 2201 944 2232 nicht
968 2201 1127 2233 decorem
1143 2199 1336 2241 (Zarncke).
1361 2218 1406 2223 —
1422 2198 1453 2238 5,
1479 2198 1502 2231 4
1518 2199 1673 2233 mellitae

95 2245 147 2284 Α,
174 2245 334 2278 mellinae
352 2245 419 2278 BC.
444 2263 488 2266 —
506 2246 573 2278 Str.
599 2244 619 2277 6
645 2247 700 2278 bis
728 2244 769 2277 14
786 2246 901 2278 fehlen
919 2246 956 2278 C.
982 2263 1026 2268 —
1052 2245 1081 2283 7,
1108 2244 1129 2278 3
1155 2246 1360 2287 synthaseos
1386 2246 1450 2277 mit
1474 2245 1534 2276 der
1550 2245 1675 2279 Glosse

97 2288 366 2332 „grammatica“
382 2291 428 2331 A,
455 2291 654 2333 synthesias
666 2292 706 2323 B.
720 2308 763 2313 -—
778 2289 809 2328 8,
832 2290 847 2323 1
864 2292 977 2333 Curgo
990 2292 1225 2333 nequissimus
1239 2292 1284 2333 B3
1304 2293 1366 2323 mit
1379 2290 1438 2322 der
1451 2290 1674 2323 Interlinear-

92 2336 235 2377 glosse:
273 2337 427 2377 „Nomen
451 2336 598 2369 latronis
623 2337 679 2368 vel
704 2337 787 2368 mali
814 2339 923 2379 pueri,
949 2339 1007 2379 qui
1033 2337 1109 2368 vult
1132 2337 1317 2369 verberare
1341 2337 1546 2379 magistrum
1573 2346 1674 2368 suum

99 2381 142 2412 ad
169 2380 306 2413 natale“
327 2382 369 2413 A.
384 2394 436 2404 ⁷—
462 2380 500 2422 9,
527 2380 548 2414 2
571 2392 692 2414 vei-ces
710 2386 811 2424 parat
827 2384 866 2414 B.
887 2401 926 2405 —
946 2382 976 2421 8,
1003 2381 1023 2413 3
1041 2382 1147 2423 Optat
1164 2385 1198 2413 et
1219 2384 1255 2414 in
1272 2383 1310 2414 B.
1329 2399 1371 2404 -
1389 2380 1421 2420 8,
1445 2380 1467 2412 4
1484 2384 1607 2413 anetus
1624 2382 1672 2422 A;

97 2436 229 2458 auerus
247 2427 286 2458 B.
312 2444 356 2450 —
381 2425 412 2465 8,
438 2425 459 2459 8
484 2437 572 2470 quae
598 2428 685 2459 fehlt
703 2428 772 2459 AB.
798 2445 840 2450 —-
867 2427 897 2467 9,
926 2428 940 2461 1
969 2431 1127 2460 avertute
1143 2428 1183 2459 A.
1201 2445 1245 2450 —
1262 2426 1293 2466 9,
1319 2425 1339 2459 2
1358 2428 1464 2459 sentit
1480 2427 1556 2458 lora
1572 2428 1611 2460 B.
1629 2446 1671 2450 -—

100 2469 131 2509 9,
160 2469 181 2504 3
206 2471 248 2504 de
272 2476 392 2504 nostro
410 2472 451 2505 A.
476 2491 522 2494 —
546 2471 576 2512 9,
603 2471 623 2505 6
649 2473 837 2505 cessabunt
855 2484 937 2516 prae
956 2483 1017 2505 ora
1037 2474 1075 2504 B.
1093 2490 1137 2494 -
1154 2471 1186 2512 9,
1211 2472 1230 2505 7
1250 2472 1390 2505 Scelera
1408 2482 1470 2504 ceu
1488 2473 1525 2504 B.
1543 2490 1588 2493 —
1604 2471 1635 2511 9,
1652 2471 1673 2505 8

98 2527 176 2548 cum
203 2527 366 2559 suprema
390 2518 430 2550 B.
455 2536 499 2540 -
527 2517 579 2557 10,
605 2517 626 2551 3
651 2518 812 2559 disiunge
832 2520 870 2551 B.
896 2537 941 2541 —
968 2517 1019 2558 10,
1046 2517 1064 2549 7
1082 2519 1192 2551 Parce
1216 2519 1294 2550 leva
1319 2519 1415 2550 mina
1440 2519 1477 2550 B.
1503 2535 1548 2539 —
1575 2516 1626 2555 12,
1655 2517 1671 2550 1

95 2562 200 2594 Modo
226 2563 266 2594 A.
292 2580 337 2585 —
364 2561 416 2602 12,
442 2561 464 2594 4
490 2563 524 2595 ἰ(1
549 2568 602 2596 est
626 2564 719 2606 quod
736 2565 776 2596 B.
801 2582 846 2586 —-
873 2563 924 2602 12,
949 2562 969 2596 6
994 2564 1140 2595 bacham
1165 2574 1207 2596 ex
1224 2574 1318 2596 mero
1336 2564 1374 2595 B.
1393 2580 1436 2585 —
1457 2560 1508 2602 12,
1533 2560 1554 2594 8
1572 2567 1606 2595 et
1623 2565 1674 2596 ait

96 2616 193 2639 arma
210 2609 249 2640 B.
274 2625 318 2630 —
346 2606 397 2647 13,
424 2607 444 2640 2
468 2612 521 2642 est
545 2609 632 2641 fehlt
647 2610 686 2641 B.
712 2626 756 2631 —-
785 2607 835 2650 13,
862 2609 882 2641 5
901 2612 1024 2642 Comes
1047 2611 1154 2641 comis
1172 2610 1212 2642 B.
1230 2627 1275 2631 —
1295 2606 1345 2646 14,
1372 2607 1391 2640 7
1410 2608 1616 2640 Conscribat
1634 2610 1673 2641 B.

97 2670 139 2674 -—
158 2653 344 2695 „Sequitur
369 2655 496 2686 ricinus
522 2658 666 2696 quartus
683 2654 933 2687 Iohannnis
951 2655 1153 2696 Anglici‚
1180 2655 1240 2687 ubi
1258 2659 1379 2687 versus
1398 2654 1610 2695 adiungitur,
1637 2659 1671 2687 et

97 2701 150 2730 est
175 2698 234 2730 ille
261 2700 388 2731 ricmus
414 2700 456 2732 de
481 2700 625 2732 licentia
649 2711 835 2742 puerorum
861 2702 953 2732 cirea
971 2700 1087 2732 natale
1106 2697 1281 2732 Domini.“
1324 2700 1363 2731 B.
1390 2700 1495 2731 Diese
1515 2699 1667 2739 „Versus

95 2741 273 2775 adiuncti“
303 2745 400 2776 sind:
429 2743 457 2783 1,
484 2742 505 2777 8
529 2746 626 2787 Virg.
652 2745 728 2778 Ecl.
754 2747 813 2784 IV,
840 2745 876 2786 7;
903 2744 934 2783 2,
962 2748 983 2777 8
1009 2747 1105 2787 Virg.
1132 2745 1205 2777 Ecl.
1233 2745 1292 2783 IV,
1320 2742 1379 2781 1ος
1405 2742 1436 2783 3,
1464 2742 1485 2776 8
1502 2744 1593 2776 Ovid
1612 2746 1667 2778 Ex

93 2789 206 2821 Ponto
232 2790 247 2821 Ι
273 2787 311 2827 9,
338 2787 377 2830 9;
411 2788 452 2828 4,
478 2788 500 2823 8
524 2791 614 2823 Ovid
638 2791 779 2823 Metam.
806 2792 869 2831 ΙΙΙ,
895 2789 981 2824 421:
1008 2789 1038 2829 5,
1065 2792 1085 2822 8
1110 2790 1200 2822 Ovid
1225 2791 1366 2822 Metam.
1392 2790 1468 2829 XV,
1493 2787 1555 2824 67:
1591 2788 1621 2829 6,
1647 2789 1667 2824 8

93 2834 190 2875 Virg.
216 2835 302 2866 Aen.
327 2836 354 2874 Ι,
380 2833 463 2876 742;
491 2834 521 2876 7,
547 2834 568 2868 8
592 2837 724 2868 Lucan.
752 2837 909 2868 Pharsal.
935 2838 962 2873 I,
988 2834 1018 2868 8.
1045 2854 1088 2858 —
1113 2834 1144 2873 8,
1169 2834 1190 2867 8
1216 2836 1345 2867 Lucan.
1370 2835 1527 2867 Pharsal.
1553 2836 1579 2874 Ι,
1606 2835 1665 2876 733

94 2877 132 2918 9,
165 2878 187 2912 3
212 2879 304 2912 Ovid
329 2880 384 2912 Ex
408 2881 520 2913 Ponto
546 2882 581 2914 11
606 2880 649 2921 8,
682 2879 740 2918 35;
780 2880 837 2920 10,
862 2880 882 2914 8
909 2881 998 2913 Ovid
1026 2882 1117 2913 Fast.
1143 2882 1178 2920 Ι,
1203 2879 1265 2921 99,
1297 2880 1387 2913 Ovid
1411 2881 1505 2913 Fast.
1531 2881 1558 2919 Ι,
1585 2881 1664 2921 254ς

24 2950 26 2952 >
94 2924 185 2957 Ovid
210 2926 350 2958 Metam.
375 2927 402 2965 I,
431 2924 510 2968 108,
538 2926 628 2958 Ovid
652 2927 726 2959 Art.
753 2931 856 2958 amat.
883 2928 945 2967 ΙΙΙ,
973 2925 1048 2959 812.
