2031 3289
248 282 252 286 '
287 279 352 318 31.

291 1000 357 1037 32.

291 1722 357 1761 33.

292 2253 357 2290 36.

898 163 1205 204 —366—

384 277 524 316 Amica
557 289 656 325 mea,
686 282 852 314 tractare

386 334 445 372 De
475 339 512 370 te
542 335 640 382 volo,
672 345 780 380 quam
813 343 939 369 amare

444 390 530 427 Scio
560 402 631 439 me,
663 390 823 427 amicum
855 394 971 438 tuum,

389 447 476 484 Tibi
507 447 661 493 cupitus
693 451 915 495 monstrare,

389 504 560 549 Qualiter
591 502 731 549 poterit
761 507 863 538 stare

445 559 518 596 Hic
548 570 652 596 amor
681 559 720 594 in
752 562 997 605 perpetuum3

387 616 515 653 Meum
549 622 584 652 et
615 619 719 652 tuum
751 626 910 651 nocuum

388 673 514 718 Atque
544 672 688 709 hostem
720 670 919 708 affectuum

444 729 566 766 Foras
598 728 776 765 debemus
809 728 962 774 pulsare

387 786 459 833 Ita,
490 784 590 831 quod
622 785 742 821 locum
775 794 933 821 vacuum

387 841 590 878 Commune
619 841 777 886 impleat
806 851 925 888 suum,

442 898 569 935 Aliter
599 898 729 944 nequit
760 896 910 935 durare.

388 998 581 1036 Pulchrae
612 1001 703 1036 sunt
734 1002 771 1034 et
803 997 1020 1035 dulcisonae

386 1056 431 1092 In
462 1055 560 1092 omni
593 1055 810 1092 narratione

443 1111 576 1149 Gemze
604 1113 694 1148 tuae
721 1114 764 1148 ut
793 1110 968 1156 turturis,

387 1168 493 1205 Nihil
525 1167 665 1204 habent
693 1168 732 1204 in
763 1177 936 1204 sermone

389 1225 517 1271 Turpe
548 1225 606 1260 vel
638 1224 825 1261 locutione

446 1281 594 1320 Meilito
625 1279 744 1317 fundo
774 1280 959 1327 gutturis3

389 1338 514 1376 Genas
545 1348 619 1374 non
649 1337 765 1374 habes
796 1336 958 1374 vulturis

387 1394 614 1433 Praedantis
645 1398 768 1430 rostro
798 1392 999 1430 murmuris

445 1450 550 1488 Clam
561 1461 764 1498 cognomen
774 1448 898 1487 famae
906 1449 1040 1501 bonae,

389 1507 468 1553 Quo
499 1507 598 1553 pasti
629 1517 726 1553 pane
757 1505 916 1543 furfuris

388 1565 448 1601 Ac
477 1563 642 1600 iacentes
672 1564 710 1599 in
741 1563 920 1609 purpuris

446 1621 524 1657 lam
555 1624 712 1656 utuntur
737 1630 807 1666 pro
828 1628 1018 1658 mucrone.

389 1721 538 1759 Collum
570 1725 690 1768 tuum,
723 1722 938 1768 passagium

388 1779 524 1816 Cordis
555 1778 631 1814 oris
662 1779 711 1815 ad
742 1778 877 1814 ostium

444 1834 531 1871 Sive
563 1835 688 1871 cordis
719 1835 767 1871 ad
799 1845 839 1871 os
871 1835 944 1880 via,

385 1890 472 1929 Non
504 1895 560 1928 est
592 1891 743 1928 virtutis
774 1891 953 1937 nescium,

387 1947 622 1986 continuans
651 1948 837 1994 eloquium

443 2004 627 2041 Haustum
660 2004 699 2041 in
729 2008 853 2041 mente
878 2002 1029 2041 sobria.'

1103 661 1166 698 34.

1104 1383 1170 1422 35.

1197 277 1305 315 Sicut
1335 287 1423 322 ergo
1452 275 1616 312 monilia

1199 332 1422 371 Continuum
1457 331 1662 369 formantia

1257 388 1411 426 Nullum
1432 388 1656 434 permittunt
1672 387 1829 433 varium,

1200 445 1263 482 Sic
1292 450 1410 491 patet,
1441 444 1541 490 quod
1572 444 1719 490 eloquia

1199 502 1281 539 Tua
1308 513 1331 538 a
1361 501 1475 537 corde
1507 500 1632 537 dulcia

1258 558 1372 595 Suum
1403 561 1552 594 sumunt
1584 556 1793 609 exordium.

1199 658 1370 695 Laudum
1400 657 1469 694 tibi
1499 657 1724 694 murenulas

1203 714 1532 760 Cohaerentesque
1565 713 1718 760 copulas

1258 771 1352 818 Ego,
1384 775 1494 817 pater
1524 775 1560 807 et
1590 769 1746 816 spiritus

1200 828 1275 864 Per
1307 828 1537 864 canticorum
1570 826 1756 863 clausulas

1201 883 1515 931 Singularumque
1545 883 1693 920 notulas

1257 939 1462 977 Faciemus
1495 939 1695 988 divinitus3

1202 997 1446 1035 Pretiositate
1477 996 1570 1032 situs

1202 1054 1281 1091 Has
1313 1063 1453 1089 aureas
1483 1051 1689 1098 paraclitus

1257 1110 1378 1148 Cudet
1414 1119 1483 1155 per
1512 1114 1622 1145 notas
1652 1106 1832 1153 singulas,

1201 1166 1253 1204 Ut
1283 1166 1403 1203 omnis
1434 1165 1525 1201 mihi
1555 1164 1731 1201 subditus

1201 1223 1256 1260 Te
1286 1223 1476 1259 collaudet
1506 1220 1721 1258 humanitus

1258 1278 1333 1315 Per
1363 1279 1504 1315 similes
1535 1277 1740 1314 catenulas.

1206 1381 1486 1420 Vermiculatas
1516 1380 1603 1416 ideo

1204 1439 1320 1486 Quasi
1350 1449 1373 1475 a
1403 1447 1529 1474 verme
1559 1441 1684 1472 terreo

1259 1495 1334 1532 Seu
1364 1493 1568 1530 vermiculo
1599 1491 1750 1530 homine

1202 1552 1354 1590 Laudes
1384 1551 1529 1597 aliquas
1559 1548 1682 1597 video,

1201 1608 1344 1656 Quibus
1375 1612 1571 1654 gratanter
1601 1605 1723 1650 faveo,

1260 1665 1358 1701 Dum
1387 1666 1563 1711 argenteo
1596 1661 1762 1699 carmine

1203 1722 1278 1759 Seu
1307 1732 1443 1757 sonoro
1474 1719 1650 1756 affamine

1203 1779 1299 1815 Toto
1331 1777 1458 1814 cordis
1490 1776 1684 1813 conamine

1258 1834 1375 1872 Fiunt
1405 1834 1443 1870 in
1475 1833 1615 1869 honore
1645 1841 1740 1877 meo,

1202 1890 1253 1928 Et
1282 1891 1364 1927 laus
1396 1891 1477 1927 sine
1508 1889 1680 1936 rubigine

1204 1947 1315 1985 Clare
1345 1951 1450 1994 patet
1479 1946 1520 1983 in
1550 1945 1690 1982 lumine

1260 2005 1313 2043 Ut
1343 2004 1382 2040 in
1413 2013 1503 2040 vase
1533 2006 1724 2049 argenteo,

844 2151 1005 2197 Virgo
1047 2149 1104 2187 de
1135 2148 1267 2188 filio.

390 2254 554 2291 Pensata
585 2251 709 2289 carnis
737 2251 871 2288 trabea

387 2309 471 2347 Rex
501 2309 653 2356 saeculi‚
685 2308 835 2346 nardus
863 2319 963 2354 mea,

443 2366 553 2402 Dum
585 2369 675 2402 esset
706 2365 747 2401 in
777 2365 954 2402 accubitu

392 2422 466 2460 Suo
497 2427 535 2458 et
567 2422 661 2459 dura
691 2432 781 2458 area

389 2479 520 2516 Nardo
551 2484 685 2515 unctus
716 2483 906 2521 nectarea,

446 2535 566 2572 Dedit
596 2534 702 2581 quasi
732 2535 770 2571 in
801 2535 964 2571 transitu

389 2591 552 2630 Odorem
581 2602 695 2628 sutum
727 2592 851 2629 sonitu

391 2648 509 2685 Verbi
541 2648 673 2696 dulcis,
707 2658 754 2684 ne
785 2647 924 2694 gemitu

446 2705 510 2742 Me
542 2715 755 2741 consumam
782 2704 913 2751 iterea‚

393 2761 499 2806 Quod
532 2765 703 2807 resurget
733 2772 814 2797 cum
847 2760 984 2807 spiritu

393 2817 549 2863 Sumpto
581 2818 722 2863 gloriae
754 2817 886 2854 habitu

448 2874 498 2911 Et
530 2885 636 2911 cassa
666 2874 797 2910 mortis
829 2872 984 2913 framea.

1105 2254 1170 2291 37.
1202 2253 1366 2289 Murrae
1396 2251 1492 2288 mihi
1522 2250 1732 2298 fasciculus

1202 2309 1375 2346 Dilectus
1405 2319 1510 2345 meus
1542 2307 1722 2354 parvulus

1259 2366 1311 2403 Et
1340 2376 1495 2411 magnus
1526 2363 1660 2413 factus,
1695 2363 1808 2401 etiam

1203 2423 1238 2460 A
1270 2422 1487 2468 corruptela
1517 2421 1670 2458 sedulus

1203 2479 1268 2517 Me
1299 2478 1466 2515 servavit
1497 2483 1533 2514 et
1564 2477 1751 2524 pendulus

1259 2537 1437 2573 Amatam
1471 2544 1530 2570 me
1560 2533 1652 2570 fecit
1682 2533 1795 2581 piam,

1204 2593 1296 2631 Cum
1329 2601 1516 2628 murream
1547 2590 1739 2637 angariam

1205 2649 1396 2695 Colligens
1427 2646 1567 2684 fascem
1599 2647 1752 2684 nimiam

1261 2705 1371 2743 Fecit
1401 2704 1485 2746 sibi,
1517 2709 1554 2740 ut
1586 2703 1738 2750 gerulus

1203 2762 1297 2799 Eius
1327 2761 1387 2810 sit,
1419 2761 1466 2798 ob
1499 2771 1556 2797 me
1587 2760 1762 2806 Mariam,

1204 2818 1298 2856 Eius
1329 2828 1524 2865 sequacem
1557 2816 1765 2864 propriam,

1262 2875 1384 2912 Debet
1416 2885 1498 2912 esse
1529 2874 1753 2920 manipulus.
