1914 3223
862 166 935 204 tw

671 345 732 380 ¹1⁸.
769 348 827 386 (Η.)
864 342 970 379 Fer-ia
996 345 1119 379 sexta.

749 436 801 468 Ad
827 437 1045 468 Matutinnm.

132 553 164 591 l.
199 553 294 589 Laus
326 552 440 588 instat
469 554 599 587 sextae
631 549 758 595 feriae,

198 610 268 647 Pro
298 619 371 655 qua
404 606 590 644 debentur
619 607 727 648 aliae,

249 668 329 712 Qua
360 662 544 700 formatur

310 721 417 758 homo
443 719 664 757 novissimus

254 777 490 825 Praeparatis

307 835 339 870 ei
371 833 443 870 iam
474 833 658 873 omnibuS.

124 961 160 997 2.
194 958 274 995 Hae
305 958 340 994 in
373 958 455 994 luee
486 957 682 994 terrestria

194 1016 379 1052 t‘reantur
408 1015 624 1062 animantia,

251 1072 368 1109 Omne
398 1076 522 1108 terrae

309 1127 354 1164 de
385 1132 487 1165 terra
519 1127 669 1175 reptile,

249 1185 365 1221 Omne
395 1195 510 1231 genus

305 1239 497 1287 profertur
527 1240 680 1278 bestiae.

124 1370 160 1404 23.
195 1366 256 1403 Fit
289 1367 450 1403 omniu'm
483 1367 705 1404 novissimus

191 1423 324 1465 Homo,
360 1424 421 1468 qui
454 1424 595 1469 praesit
627 1424 809 1473 omnibus,

247 1479 308 1516 Ad
341 1479 437 1516 hunc
470 1485 602 1516 eune-ta

302 1536 525 1582 spectabant
556 1537 754 1573 terminum

247 1592 451 1638 Tamquam
484 1592 592 1629 finem

305 1653 520 1686 cunctorum
551 1650 715 1689 unicum.

118 1773 155 1813 4.
189 1774 359 1811 Summus
389 1778 538 1811 creatur
571 1775 745 1822 omnium,

190 1831 229 1866 ln
261 1841 333 1876 quo
364 1841 507 1868 summa
537 1835 613 1868 stat
643 1843 797 1879 operum

244 1888 286 1923 In
318 1887 388 1923 hoe
419 1888 539 1925 omnis

299 1944 473 1990 expletur
503 1946 664 1983 termino

242 2001 396 2039 Consilii

300 2057 428 2094 divina
459 2058 568 2097 ratio.

802 1864 810 1882 Ἰ

210 2170 247 2201 Β.
273 2169 331 2201 fol.
356 2167 399 2201 83
410 2179 440 2201 a.
466 2187 509 2191 —
533 2168 566 2209 4,
596 2168 611 2202 1
640 2174 783 2203 creator.

937 554 951 569 Γ

935 566 970 588 ι).

931 1777 969 1814 8.

1006 551 1084 586 lloe
1116 561 1224 586 unum
1258 550 1404 595 plasma
1434 549 1560 587 nobile

1006 608 1046 643 ln
1080 618 1152 653 quo
1184 605 1416 652 resplendes,
1451 606 1621 646 Domine,

1061 663 1160 700 lllud
1193 669 1277 699 tuae

1119 720 1232 756 ‹leeus
1263 719 1435 767 imaginis

1060 776 1109 813 Et
1139 776 1260 822 gloria

1114 832 1385 872 similitudinis.

962 985 970 993 .
1003 956 1071 993 Vir
1102 956 1279 1002 primum,
1310 956 1398 993 inde
1431 955 1570 993 femina

1004 1013 1060 1050 De
1092 1017 1196 1049 costa
1225 1013 1295 1050 viri
1328 1013 1493 1058 condita,

1061 1070 1261 1116 Postquam
1295 1069 1375 1106 viro

1116 1137 1229 1173 sopor
1260 1126 1490 1175 immittitur,

1061 1182 1345 1220 Sacramentum

1117 1251 1189 1286 quo
1219 1251 1390 1287 magnum
1422 1239 1577 1287 geritur.

1002 1366 1152 1403 Dantur
1185 1367 1243 1403 his
1275 1367 1481 1404 animantia

1001 1424 1044 1460 In
1078 1426 1286 1470 protestate
1318 1427 1456 1471 cetera,

1057 1480 1257 1517 Potiuntur

1114 1548 1183 1583 pro
1215 1537 1470 1574 tabernaculis

1060 1594 1234 1631 Paraslisi

1114 1650 1256 1697 templo
1286 1650 1522 1698 gratissimis.

1003 1776 1060 1814 Sit
1088 1786 1226 1822 perpes
1258 1775 1338 1812 Deo
1369 1775 1502 1822 gloria,

998 1833 1056 1870 Ex
1080 1844 1152 1879 quo
1169 1836 1267 1877 sunt,
1296 1843 1390 1878 quae
1407 1836 1511 1878 aunt,
1534 1833 1674 1879 omnia,

1056 1890 1183 1935 Ipsum
1221 1897 1367 1935 cuncta,

1110 1956 1179 1991 per
1196 1955 1304 1992 quem
1317 1949 1415 1991 sunt,
1434 1946 1671 1994 praedicent,

1054 2003 1134 2049 Ipsi
1165 2012 1328 2048 semper,

1112 2059 1150 2096 in
1182 2070 1254 2106 quo
1285 2063 1384 2107 sunt,
1417 2058 1591 2097 iubilent.

713 2383 778 2420 119.
813 2384 872 2427 (9.)
906 2382 1077 2419 sabbato.

745 2479 797 2510 Ad
822 2479 1044 2510 Matutinum.

123 2603 158 2642 1.
190 2602 375 2642 Perfectis
406 2604 508 2641 Deus
539 2605 710 2641 omnibus

187 2660 238 2698 Et
267 2661 449 2707 inspectis
477 2661 655 2707 operibus

243 2717 394 2755 Summe
424 2718 542 2755 bonus

301 2778 448 2823 cuncta,
482 2785 579 2822 quae
610 2773 766 2821 fecerat,

244 2831 367 2869 Valde
398 2831 495 2868 bona

300 2888 403 2926 videt
435 2895 469 2925 et
501 2887 701 2936 adprobat.

927 2606 967 2642 2.

1001 2604 1095 2641 Sunt
1125 2601 1297 2650 perfecta
1327 2603 1475 2640 senario

1000 2660 1144 2698 Cuncta
1176 2660 1318 2696 dierum
1351 2670 1522 2709 numero,

1057 2717 1107 2756 Ut
1138 2715 1309 2763 perfeeto

1117 2774 1263 2810 dierum
1295 2773 1400 2820 operi

1059 2833 1274 2869 Attestetur

1114 2891 1149 2924 et
1178 2887 1297 2925 virtus
1328 2887 1486 2925 numeri.
