1914 3223
746 195 1052 235 -467—

309 308 372 345 12.
405 308 462 345 Tu
492 308 603 346 nobis
631 311 718 355 post
747 308 815 347 hoc
846 308 999 347 ostende
1029 308 1218 358 eoesz'lium,

405 364 455 403 Ut
490 370 612 402 tecum
645 365 735 402 laeti
767 376 924 412 cumque
954 366 1095 403 sanctis
1125 366 1270 413 angelis

404 421 575 458 Tandem
606 422 644 458 in
676 422 793 458 caelis
825 426 860 458 et
892 432 974 459 cum
1004 422 1189 459 omnibus·
1208 423 1349 459 sanctis

401 477 495 514 Eius
526 483 682 524 aspectu
715 478 1039 515 desideratissimo

402 534 696 572 Promereamur
725 535 808 572 sine
839 534 912 572 fine
944 534 1103 582 perfrui.

310 650 375 687 13.
407 647 437 686 Ο
468 647 628 686 clemens
661 659 871 695 pauperum
902 648 1167 695 praesidiaria,

403 705 557 742 Exaudi
588 715 720 752 preces
752 706 888 742 devote
918 705 1129 752 rogantium

403 761 452 798 Et
485 773 595 808 quum
627 762 802 808 plurimis
833 762 1001 808 peccatis
1033 762 1240 799 maculatos

403 818 508 866 Tuis,
542 818 677 861 Maria.¹
711 818 961 855 sanctissimis
993 819 1137 855 meritis

403 874 464 912 Ab
495 875 595 911 omni
628 875 824 922 culparum
855 876 1004 928 resolve
1036 874 1198 912 vinculo.

309 990 372 1026 14.
404 987 434 1026 O
458 989 531 1035 pia
563 992 695 1037 mater,
727 999 748 1026 ο
779 989 910 1036 regina
939 989 1097 1037 gloriae,

401 1045 504 1091 Quae
535 1055 574 1081 es
606 1049 826 1082 cunctorum
857 1045 1049 1082 hominum
1079 1055 1166 1092 spes
1197 1045 1320 1094 unica,

401 1101 461 1139 Ex
494 1101 637 1138 intimis
669 1106 706 1139 te
737 1112 937 1150 precamur
967 1102 1216 1149 praecordiis,

401 1157 455 1196 Ut
486 1169 565 1205 nos,
597 1158 774 1205 indignos
804 1159 892 1196 licet
925 1163 1009 1196 tuos
1042 1157 1216 1204 famulos,

401 1214 563 1262 Eripere
595 1215 689 1252 velis
717 1215 764 1252 ab
796 1215 885 1254 Orci
917 1216 1056 1253 crucio.

307 1329 372 1368 15.
405 1327 436 1366 O
467 1328 590 1366 dulcis
620 1329 773 1376 Maria,
805 1340 826 1366 o
859 1330 980 1367 dulcis
1014 1329 1177 1375 domina,

404 1387 448 1423 In
480 1386 574 1423 hora
605 1386 738 1423 mortis
768 1385 878 1423 nobis
908 1385 967 1423 fer
997 1386 1178 1424 auxilium

385 1435 455 1480 'Et
486 1446 610 1479 tecum
640 1443 786 1489 perduc
815 1443 866 1480 ad
897 1443 991 1481 caeli
1022 1443 1179 1491 palatia,

403 1499 456 1537 Ut
486 1503 652 1545 patrem,
683 1498 815 1549 filium,
850 1503 1021 1537 sanctum
1053 1499 1281 1546 paraclitum

402 1555 543 1592 Tecum
574 1556 772 1593 laudemus
802 1556 941 1604 iugiter
970 1556 1009 1593 in
1040 1556 1244 1594 saeculum.

195 1668 337 1700 Collect.
365 1679 426 1699 ms.
454 1668 715 1700 Lunaelacense
740 1678 830 1701 saec.
858 1667 910 1700 15.
959 1668 1033 1701 Cod
1057 1668 1300 1700 Vindobonen.
1326 1665 1426 1700 3848.
1453 1685 1495 1689 ——
1521 1666 1558 1706 9,
1588 1666 1604 1700 l
1634 1672 1673 1700 ut

105 1712 298 1745 caelestem.
324 1731 368 1735 —
396 1711 447 1751 13,
472 1712 494 1745 4
519 1714 626 1745 solve.

535 1892 617 1929 452.
653 1894 712 1936 (7.)
746 1894 804 1928 De
829 1894 972 1930 sancto
998 1893 1236 1929 Benedicto.

121 2008 157 2048 1.
189 2009 290 2047 Puer
319 2014 453 2057 petens
485 2020 664 2057 eremum,

247 2066 384 2104 Sancte
415 2067 635 2113 Benedicte,

190 2123 382 2170 Linquens
413 2123 555 2160 Romae
584 2123 763 2173 studium,

937 2012 974 2049 3.
1007 2010 1136 2057 Teque
1166 2009 1319 2057 quidam
1353 2009 1560 2057 presbyter

1065 2067 1138 2104 Die
1171 2067 1260 2103 dum
1292 2067 1465 2113 paschali

1010 2125 1161 2171 visitat,
1196 2124 1373 2160 celeriter

247 2180 360 2218 Miles
390 2191 411 2217 0
442 2180 594 2225 invicte,

188 2235 369 2274 Fructum
400 2237 643 2283 capisterium

249 2293 320 2339 Qui
351 2293 558 2340 compingis
590 2303 715 2340 prece,

192 2348 271 2387 Fac
301 2360 373 2395 me,
405 2360 556 2399 quaeso,
590 2349 752 2387 liberum

242 2407 278 2443 A
308 2406 475 2444 secunda
504 2417 609 2445 nece.

126 2519 162 2557 2.
193 2519 313 2556 Tuum
345 2520 577 2557 desiderium

249 2575 348 2613 Dum
380 2576 570 2614 Romanus
602 2577 721 2624 novit,

192 2631 279 2669 Tibi
309 2633 429 2670 tradit
457 2633 628 2671 habitum

250 2688 301 2726 Et
330 2691 523 2736 pascendo
555 2689 663 2734 fovit,

1065 2180 1274 2219 Occasione
1305 2180 1374 2217 tali

1010 2238 1219 2275 Romanum
1251 2237 1448 2283 quiescere

1066 2294 1170 2331 Deus
1198 2305 1220 2330 a
1250 2293 1381 2330 labore

1008 2351 1098 2387 Vult
1130 2355 1166 2387 et
1198 2356 1235 2386 te
1266 2351 1478 2387 clarescere

1063 2407 1210 2444 Mundo
1242 2417 1326 2444 cum
1358 2407 1514 2444 honore.

971 2551 980 2560 .
1013 2521 1058 2558 In
1089 2530 1205 2566 specu
1236 2520 1421 2566 penuriae

1068 2577 1229 2623 Quando
1260 2576 1436 2622 latitasti,

1010 2633 1198 2670 Merulam
1231 2633 1403 2670 luxuriae

1069 2690 1132 2727 Sic
1161 2701 1182 2726 a
1214 2694 1251 2726 te
1284 2689 1437 2737 fugasti,

194 2744 291 2782 Dum
322 2750 359 2782 te
391 2747 520 2784 reddit
552 2747 726 2784 stabilem

251 2802 450 2840 Accedens
481 2804 530 2841 ad
564 2804 712 2848 cellam,
1073 2803 1165 2840 Mox
1197 2807 1233 2839 te
1264 2802 1472 2849 involvisti,

193 2856 361 2896 Daemon
394 2860 539 2897 iactans
571 2861 738 2905 lapidem
1015 2859 1152 2906 Sicque
1184 2860 1308 2896 earnis
1338 2859 1501 2896 motibus

256 2913 387 2962 Fregit
419 2917 704 2963 campanellam.
1073 2916 1189 2954 Plene
1220 2916 1406 2955 restitisti.

1399 2979 1472 3014 30*

1012 2746 1156 2784 Urticis
1190 2752 1227 2782 et
1258 2746 1438 2793 vepribus
