1914 3223
87 309 90 312 ,
141 268 208 306 49.

141 543 208 582 50.

142 819 208 858 51.

143 1098 209 1135 52.

135 1374 203 1412 53.

135 1652 204 1690 54.

763 151 1068 193 —447—

242 265 357 312 Virgo
388 264 500 314 mitis,
534 264 581 303 ab
615 264 747 312 ignitis

294 321 433 359 Iaculis
464 331 523 358 me
553 321 687 370 libera,

238 377 381 425 Quibus
395 377 546 427 cadunt,
566 378 714 424 quinon
732 378 873 416 vadunt

295 434 376 472 Tua
407 444 476 481 per
505 434 657 474 itinera.

242 541 512 580 Gemebundus
543 539 625 578 fero
655 541 806 588 pondus

301 598 505 645 Culparum
538 598 759 646 ingentium,

243 655 313 692 His
345 654 506 692 solutum
539 655 588 692 ad
620 654 802 692 virtutum

300 710 426 748 Trahe
457 721 516 747 me
547 709 754 758 fastigium.

240 819 353 856 Alma
385 819 504 866 virgo,
536 819 698 866 supplex
730 829 820 866 rogo

295 875 414 912 Tuam
447 875 726 922 excellentiam„

237 932 289 971 Ut
328 935 520 969 aeternam
553 942 622 978 per
652 936 689 968 te
722 942 871 970 cernam

295 988 368 1026 Tui
398 989 475 1026 nati
508 988 680 1035 gloriam.

242 1097 271 1134 O
303 1096 458 1142 Messia,
494 1096 540 1133 de
571 1096 696 1134 Maria

296 1152 396 1190 Nate
428 1163 577 1200 semper
607 1153 767 1202 virgine²

241 1209 310 1256 Qui
342 1209 513 1256 purgasti
545 1215 579 1246 et
612 1210 769 1247 salvasti

298 1266 483 1303 Mundum
515 1270 580 1303 tuo
607 1266 801 1313 sanguine.

236 1374 382 1409 Auctor
412 1374 522 1422 vitae,
557 1372 667 1410 nobis
698 1373 806 1410 mitte

292 1429 476 1466 Veritatis
508 1429 696 1476 spiritum,

237 1485 288 1524 Ut
319 1486 481 1524 sciamus
512 1490 547 1522 et
579 1497 745 1533 agamus⁷

291 1542 399 1589 Quod
431 1547 486 1579 est
518 1542 588 1579 tibi
619 1543 814 1589 placitum.

237 1650 297 1687 Da
327 1650 517 1696 virtutem,
550 1654 589 1687 ut
621 1651 813 1688 immutem

295 1707 413 1745 Usum
447 1708 555 1754 pravi
587 1708 727 1755 operis,

240 1763 361 1811 Dona,
394 1764 560 1811 inquam,
592 1769 631 1800 ut
660 1765 870 1811 relinquam

297 1819 454 1857 Cursum
487 1821 588 1858 vitae
619 1821 770 1859 veteris

929 262 933 267 ’
961 268 1028 306 55.
1061 266 1142 304 Rex
1174 267 1366 313 immense,
1400 277 1458 304 me
1490 276 1646 305 recense

1118 323 1158 360 In
1191 328 1293 361 terra
1325 323 1543 370 viventium,

1059 379 1117 416 Ne
1135 380 1185 416 sis
1203 390 1358 428 memor,
1377 380 1512 427 quibus
1529 390 1694 428 premor,

1117 437 1363 474 Peccatorum
1398 437 1575 477 omnium.

965 543 1030 580 56.
1064 542 1205 589 Culpas
1237 543 1334 593 lava,
1367 543 1502 590 quibus
1534 555 1652 592 prava

1119 598 1255 636 Sordct
1290 600 1531 650 conscientia,

1063 654 1112 692 Ut
1145 655 1292 692 sincera
1322 662 1447 693 mente
1479 668 1574 704 pura

1119 711 1446 759 Comprehendam
1479 714 1630 760 gaudia.

961 819 1026 858 57.
1061 818 1142 855 Nec
1173 819 1212 856 in
1242 819 1364 857 lacum
1398 830 1455 857 me
1487 831 1646 867 opacum

1117 875 1320 914 Permittas
1353 877 1596 926 descendere,

1057 933 1137 979 Quo
1154 932 1367 981 mittuntur,
1389 933 1451 979 qui
1470 938 1694 980 premuntur

1118 990 1364 1026 Peccatorum
1396 990 1577 1036 pondere.

962 1098 1027 1136 58.
1064 1097 1145 1133 Lux
1177 1100 1343 1146 aeterna,
1377 1097 1431 1133 sic
1461 1096 1642 1144 guberna,

1117 1154 1217 1198 Quos
1248 1153 1406 1199 vocasti,
1439 1152 1549 1203 filios,

1061 1209 1112 1248 Ut
1143 1210 1309 1246 incestus
1339 1214 1451 1256 atque
1483 1215 1660 1257 quaestus

1117 1266 1336 1303 Devitemus
1368 1266 1515 1305 noxios

956 1375 1020 1412 59.
1055 1373 1176 1410 Iudex
1203 1372 1312 1420 iuste,
1346 1383 1519 1419 rogamus
1550 1376 1600 1420 te,

1113 1429 1162 1467 Ut
1196 1429 1262 1466 des
1295 1429 1439 1466 cunctis
1473 1429 1632 1477 veniam,

1054 1486 1125 1533 Qui
1157 1486 1317 1531 Mariae,
1349 1485 1481 1522 matris
1513 1490 1613 1534 tuae,

1112 1542 1287 1589 Diligunt
1317 1542 1551 1580 memoriam.

958 1652 1023 1691 60.
1059 1650 1114 1688 Sit
1147 1650 1300 1687 divinae
1330 1649 1410 1686 sine
1440 1648 1514 1686 fine

1112 1707 1238 1744 Decus
1270 1710 1383 1753 atque
1414 1706 1534 1753 gloria

1056 1763 1265 1807 Maiestati,
1299 1773 1372 1809 qua
1404 1763 1520 1800 creati

1115 1819 1250 1857 Sumus
1277 1816 1349 1856 'nos
1382 1823 1419 1855 et
1449 1819 1586 1857 omnia.

702 1978 983 2027 Rliythmus
1024 1977 1114 2016 XII.

192 2115 200 2124 .
235 2085 350 2132 Virgo
376 2085 594 2132 splendens,
631 2096 726 2132 quae
747 2091 869 2123 trans-

527 2142 713 2179 scendens

294 2198 511 2235 Electorum
543 2199 697 2235 ordines

235 2254 502 2302 Magistratum
535 2259 571 2291 et
602 2255 805 2301 primatum

293 2310 514 2348 Sanctitatis
543 2311 711 2359 obtines;

236 2420 339 2464 Quae
371 2418 482 2456 enixa
508 2430 582 2456 non
615 2419 752 2457 amissa

290 2475 476 2513 Castitate
506 2475 709 2513 Dominum

233 2531 303 2568 Via
334 2531 440 2578 pacis
471 2531 527 2568 ire
558 2530 654 2569 facis

294 2587 371 2624 Nos
404 2588 451 2624 ad
485 2593 631 2634 patrem
664 2588 868 2636 luminum;

232 2694 352 2732 Stella
383 2694 509 2741 maris,
541 2704 636 2740 quae
667 2695 819 2732 testaris

288 2750 440 2787 Erroris
470 2751 606 2787 itinera

231 2806 496 2853 Relinquenda
527 2812 562 2843 et
595 2806 740 2854 agenda

289 2862 419 2901 Novae
450 2863 543 2900 lucis
576 2873 716 2910 opera3

984 2088 1022 2124 4.
1055 2086 1156 2123 Fons
1188 2085 1381 2134 virtutum,
1414 2083 1469 2120 sic
1501 2083 1686 2130 pollutum

1111 2142 1239 2179 Meum
1271 2151 1311 2178 os
1343 2139 1533 2187 purifices,

1056 2198 1106 2236 Ut
1135 2197 1266 2235 favore
1299 2197 1411 2243 digna
1441 2194 1523 2233 fore

1112 2255 1201 2292 Mea
1232 2253 1346 2292 verba
1377 2253 1534 2292 iudices,

982 2420 1020 2459 5.
1052 2420 1296 2465 Importunus
1328 2421 1363 2452 et
1394 2415 1572 2462 indignus

1110 2475 1201 2511 Tuis
1231 2484 1310 2510 sum
1343 2470 1568 2520 praeconiis,

1054 2531 1147 2568 Cum
1180 2529 1354 2568 obsessus
1384 2533 1419 2564 et
1451 2537 1657 2576 oppressus

1111 2587 1246 2624 Multis
1275 2585 1343 2621 sim
1376 2583 1540 2631 flagitiis

977 2696 1015 2733 6.
1045 2694 1186 2731 Tamen
1220 2702 1344 2739 spero,
1386 2690 1486 2738 quod
1514 2699 1588 2726 non
1619 2699 1683 2726 ero

1106 2749 1256 2795 Expers
1288 2748 1364 2785 voti
1397 2746 1560 2794 penitus,

1047 2805 1087 2844 Si
1118 2811 1154 2842 te
1177 2805 1310 2853 colam,
1343 2814 1412 2851 per
1434 2813 1544 2850 quam
1566 2801 1684 2839 solam

1110 2862 1179 2899 Est
1211 2861 1260 2898 ad
1293 2861 1408 2898 vitam
1439 2859 1598 2899 reditus,
