2031 3289
913 193 1219 235 —648—

665 338 746 375 426.
782 339 840 382 (9.)
874 339 933 374 De
958 338 1100 374 sancto
1125 337 1292 374 Victore
1318 338 1470 374 cantio.

691 433 738 470 R.
786 433 816 471 O
850 432 950 469 diem
981 431 1080 469 hunc
1110 432 1406 479 pulcherrimum

843 487 1058 525 Sollennem
1090 488 1129 525 in
1161 488 1373 535 condensis,

785 544 987 581 Excelsum
1019 548 1056 582 et
1087 543 1320 582 uberrimum

843 601 1060 638 Praeconiis
1091 600 1305 638 immensis!

287 702 323 740 1.
371 703 458 739 Iure
488 701 641 748 quidem
671 701 945 748 praedecorum

369 758 479 795 Diem
510 758 615 795 illum
646 763 885 805 posterorum

426 815 542 852 Stilus
574 816 639 852 dat
669 815 883 862 memoriae,

367 872 447 916 Quo
479 869 650 908 defertur
680 882 762 908 cum
794 870 931 909 festiva

368 926 528 964 Sanctus
559 927 689 964 Victor
720 928 909 977 comitiva,

424 984 537 1021 Miles
568 984 667 1031 regis
699 984 853 1031 gloriae.

314 1114 322 1123 .
376 1085 446 1132 Qui
475 1085 534 1122 bis
567 1085 685 1122 denus
717 1086 754 1122 in
786 1086 958 1133 Augusto

374 1142 578 1179 Adnuente
607 1141 689 1179 Deo
719 1143 818 1179 iusto

431 1197 564 1236 Clarus
595 1202 685 1235 tunc
716 1198 851 1235 enituit

372 1255 484 1292 Anno
512 1259 646 1301 quater
678 1255 707 1293 C
738 1255 891 1292 milleno

374 1311 590 1357 Quartoque
620 1315 657 1347 et
688 1322 886 1359 sexageno,

431 1367 564 1406 Clerus
594 1371 634 1404 ut
663 1367 840 1406 instituit.

316 1498 324 1507 .
370 1469 463 1506 Dies
492 1469 558 1506 ille
588 1469 787 1515 iubilaeus,

369 1527 450 1572 Quo
481 1526 666 1563 contritus
697 1526 820 1572 quivis
851 1535 937 1562 reus

425 1581 593 1628 Sumpsit
624 1582 913 1630 indulgentiam,

372 1638 472 1675 Hinc
502 1643 718 1687 portentum
749 1643 861 1685 atque
894 1638 986 1675 cleri

370 1695 508 1732 Xantis
539 1699 621 1732 erat
650 1695 790 1732 intueri

430 1751 613 1799 Vulgique
643 1752 910 1798 praesentiam.

315 1882 324 1892 .
370 1853 476 1890 Tunc
492 1852 725 1890 Francorum
745 1853 888 1890 clarum
904 1862 1035 1900 genus,

368 1909 442 1947 Hic
474 1910 520 1947 de
552 1909 668 1948 clivis
700 1910 776 1947 dux
807 1919 962 1946 serenus

425 1966 600 2003 Rutilans
632 1966 823 2013 apparuit,

370 2022 483 2061 Clara
513 2026 712 2059 venustate
744 2023 847 2059 cuius

370 2079 505 2117 Clarus
537 2078 618 2115 dies
651 2077 736 2115 festi
769 2079 878 2116 huius

426 2135 574 2172 Clarior
604 2135 794 2173 inclaruit.

315 2267 323 2277 ,
371 2236 433 2273 Sic
465 2236 615 2273 ducissa
645 2237 691 2273 de
724 2237 850 2274 ducali

373 2293 511 2331 Inclita
541 2293 792 2340 Burgundiali

426 2350 613 2387 Prodiens
644 2350 790 2397 origine

373 2405 483 2442 Diem
515 2406 641 2443 colens
671 2410 761 2443 tunc
792 2406 960 2443 divinum

368 2462 493 2499 Fulsit
522 2462 584 2500 hic
615 2466 654 2499 ut
685 2463 910 2501 matutinum

424 2518 537 2557 Sidus
567 2519 606 2555 in
638 2519 810 2566 caligine.

290 2622 328 2659 6.
375 2622 537 2666 Quorum
570 2621 649 2658 nati
679 2625 756 2657 tres
786 2620 947 2658 maiores

370 2677 464 2714 Tres
499 2675 604 2714 fuere
634 2677 838 2725 portitores

425 2733 556 2770 Nostri
586 2733 807 2782 primicerii,

371 2789 483 2825 Patre
514 2790 665 2836 quidem
697 2789 949 2836 praecedente

370 2845 536 2882 Primum
568 2846 763 2893 locumque
795 2846 995 2893 supplente

426 2902 537 2938 'santi
570 2903 780 2941 ministerii.

1130 704 1165 742 7.

1107 1853 1171 1893 10.

1106 2238 1171 2276 11.

1106 2622 1169 2659 12.

1214 703 1284 742 Isti
1315 714 1404 741 sane
1433 707 1511 740 tres
1542 705 1702 751 venusti,

1210 763 1316 798 Aevo
1353 760 1428 797 iam
1468 763 1557 798 tunc
1587 771 1661 797 non
1692 761 1844 811 vetusti,

1268 816 1398 853 Potius
1429 816 1612 863 tenelluli‚

1215 872 1420 920 Deportati
1452 872 1706 919 deportabant

1214 929 1318 967 Clari
1349 929 1564 976 clarumque
1593 929 1810 967 tractabant

1270 985 1395 1022 Duces
1425 990 1514 1023 tunc
1544 986 1737 1026 novelluli.

1219 1086 1312 1123 Mox
1350 1089 1392 1123 ut
1428 1096 1555 1123 arcam
1586 1086 1851 1133 amplexantur

1220 1142 1357 1189 Duces,
1387 1143 1491 1189 ipsos
1522 1142 1749 1180 comitantur

1279 1198 1442 1236 Comites
1470 1199 1633 1247 ingenui,

1221 1255 1322 1292 Hinc
1351 1256 1530 1303 insignes,
1560 1255 1650 1292 hinc
1678 1255 1852 1303 barones,

1222 1312 1366 1349 Milites
1396 1316 1509 1358 atque
1538 1312 1680 1349 tirones

1276 1367 1443 1405 Numero
1473 1379 1546 1405 non
1577 1367 1694 1406 tenui.

1217 1471 1335 1508 Porro
1366 1470 1489 1507 clerus
1520 1472 1739 1507 reverenter

1217 1526 1478 1564 Praecedebat
1509 1530 1545 1562 et
1577 1526 1756 1563 decenter

1275 1582 1458 1630 Congruis
1490 1582 1700 1629 ordinibus,

1216 1639 1346 1676 Mente
1376 1650 1532 1686 prorsus
1564 1639 1795 1687 devotizans,

1217 1694 1291 1733 Sed
1323 1699 1359 1732 et
1391 1695 1501 1743 digne
1532 1695 1795 1732 sollemnizans

1271 1751 1388 1789 Tubis
1419 1757 1457 1788 et
1486 1751 1728 1789 carminibus.

1219 1853 1356 1891 Troiae
1396 1863 1486 1890 vero
1526 1852 1635 1900 plebs
1672 1852 1851 1900 vulgaris,

1217 1909 1381 1956 Martyri
1412 1909 1629 1956 peculiaris,

1275 1966 1418 2004 Gressu
1448 1965 1647 2003 individua

1217 2021 1451 2060 Defensabat
1482 2033 1504 2059 a
1534 2032 1712 2069 pressura

1218 2079 1331 2126 Vulgi
1362 2079 1503 2116 clerum
1535 2089 1602 2116 sua
1633 2088 1723 2116 cura

1273 2135 1382 2173 Forti
1415 2139 1452 2172 et
1483 2135 1648 2173 assidua.

1219 2237 1277 2274 De
1308 2236 1485 2274 mandato
1518 2240 1806 2273 concurrentum
1849 2238 1853 2241 ’

1217 2293 1317 2332 Data
1348 2293 1620 2340 quinquaginta
1650 2296 1799 2330 centum

1279 2350 1375 2388 Erat
1406 2349 1688 2397 plebanatuum,

1216 2406 1293 2446 Ubi
1322 2410 1455 2454 pastor
1483 2411 1520 2443 et
1550 2410 1730 2453 patronus

1218 2463 1321 2502 Civis
1352 2467 1434 2500 erat
1464 2466 1501 2499 et
1532 2464 1685 2500 colonus

1277 2519 1522 2557 Diversorum
1553 2523 1730 2558 statuum.

1215 2620 1310 2658 Erat
1341 2620 1424 2658 visu
1455 2624 1545 2657 tunc
1574 2620 1708 2667 vagari

1214 2677 1266 2714 Et
1297 2681 1506 2714 castrorum
1537 2676 1724 2723 speculari

1271 2733 1443 2771 Fortium
1477 2733 1707 2780 spectacula,

1217 2790 1356 2828 Coetus
1387 2800 1543 2836 quorum
1576 2788 1800 2826 feminarum

1217 2846 1367 2893 Vultus,
1391 2846 1524 2896 cultus,
1548 2856 1670 2883 mores
1691 2855 1849 2892 quarum

1271 2903 1393 2940 Erant
1423 2902 1565 2950 absque
1592 2902 1751 2943 macula.
