<?xml version="1.0" encoding="UTF-8"?>
<!DOCTYPE html PUBLIC "-//W3C//DTD XHTML 1.0 Transitional//EN"
    "http://www.w3.org/TR/xhtml1/DTD/xhtml1-transitional.dtd">
<html xmlns="http://www.w3.org/1999/xhtml" xml:lang="en" lang="en">
 <head>
  <title>
</title>
<meta http-equiv="Content-Type" content="text/html;charset=utf-8" />
  <meta name='ocr-system' content='tesseract 3.04.00' />
  <meta name='ocr-capabilities' content='ocr_page ocr_carea ocr_par ocr_line ocrx_word'/>
</head>
<body>
  <div class='ocr_page' id='page_1' title='image "./hymnographilatin01drevuoft_0343.png"; bbox 0 0 1914 3223; ppageno 0'>
   <div class='ocr_carea' id='block_1_1' title="bbox 0 2137 9 2639">
    <p class='ocr_par' dir='ltr' id='par_1_1' title="bbox 0 2137 9 2639">
     <span class='ocr_line' id='line_1_1' title="bbox 0 2137 9 2639; baseline 0 0"><span class='ocrx_word' id='word_1_1' title='bbox 0 2137 9 2639; x_wconf 95' lang='lat' dir='ltr'> </span> 
     </span>
    </p>
   </div>
   <div class='ocr_carea' id='block_1_2' title="bbox 779 102 1082 143">
    <p class='ocr_par' dir='ltr' id='par_1_2' title="bbox 779 102 1082 143">
     <span class='ocr_line' id='line_1_2' title="bbox 779 102 1082 143; baseline 0.01 -2"><span class='ocrx_word' id='word_1_2' title='bbox 779 102 1082 143; x_wconf 86' lang='lat'><strong>—337-</strong></span> 
     </span>
    </p>
   </div>
   <div class='ocr_carea' id='block_1_3' title="bbox 163 207 877 259">
    <p class='ocr_par' dir='ltr' id='par_1_3' title="bbox 163 207 877 259">
     <span class='ocr_line' id='line_1_3' title="bbox 163 207 877 259; baseline 0.006 -11"><span class='ocrx_word' id='word_1_3' title='bbox 163 211 229 249; x_wconf 88' lang='grc'>27.</span> <span class='ocrx_word' id='word_1_4' title='bbox 262 207 330 251; x_wconf 75' lang='lat' dir='ltr'>Ad</span> <span class='ocrx_word' id='word_1_5' title='bbox 363 209 507 253; x_wconf 81' lang='lat' dir='ltr'>caelos</span> <span class='ocrx_word' id='word_1_6' title='bbox 539 212 592 249; x_wconf 88' lang='lat' dir='ltr'>sic</span> <span class='ocrx_word' id='word_1_7' title='bbox 623 215 775 259; x_wconf 87' lang='lat' dir='ltr'>quando</span> <span class='ocrx_word' id='word_1_8' title='bbox 806 213 877 252; x_wconf 87' lang='lat' dir='ltr'>fuit</span> 
     </span>
    </p>
   </div>
   <div class='ocr_carea' id='block_1_4' title="bbox 249 268 845 880">
    <p class='ocr_par' dir='ltr' id='par_1_4' title="bbox 249 268 845 880">
     <span class='ocr_line' id='line_1_4' title="bbox 260 268 743 316; baseline 0.002 -10"><span class='ocrx_word' id='word_1_9' title='bbox 260 268 470 316; x_wconf 81' lang='lat' dir='ltr'><strong>Regressus</strong></span> <span class='ocrx_word' id='word_1_10' title='bbox 501 272 538 305; x_wconf 83' lang='lat' dir='ltr'>et</span> <span class='ocrx_word' id='word_1_11' title='bbox 570 269 743 307; x_wconf 82' lang='lat' dir='ltr'><strong>rehabuit</strong></span> 
     </span>
     <span class='ocr_line' id='line_1_5' title="bbox 320 326 805 373; baseline 0.004 -12"><span class='ocrx_word' id='word_1_12' title='bbox 320 326 483 363; x_wconf 83' lang='lat' dir='ltr'>Honoris</span> <span class='ocrx_word' id='word_1_13' title='bbox 515 326 626 372; x_wconf 90' lang='lat' dir='ltr'>primi</span> <span class='ocrx_word' id='word_1_14' title='bbox 658 327 805 373; x_wconf 85' lang='lat' dir='ltr'>solium,</span> 
     </span>
     <span class='ocr_line' id='line_1_6' title="bbox 260 381 751 426; baseline 0.002 -8"><span class='ocrx_word' id='word_1_15' title='bbox 260 381 418 426; x_wconf 82' lang='lat' dir='ltr'>Quando</span> <span class='ocrx_word' id='word_1_16' title='bbox 448 383 590 419; x_wconf 85' lang='lat' dir='ltr'>unitam</span> <span class='ocrx_word' id='word_1_17' title='bbox 621 385 751 419; x_wconf 82' lang='lat' dir='ltr'>statuit</span> 
     </span>
     <span class='ocr_line' id='line_1_7' title="bbox 259 436 845 486; baseline 0.005 -12"><span class='ocrx_word' id='word_1_18' title='bbox 259 436 417 475; x_wconf 86' lang='lat' dir='ltr'>Carnem</span> <span class='ocrx_word' id='word_1_19' title='bbox 451 443 616 476; x_wconf 88' lang='lat' dir='ltr'>nostram</span> <span class='ocrx_word' id='word_1_20' title='bbox 650 445 687 475; x_wconf 90' lang='lat' dir='ltr'>et</span> <span class='ocrx_word' id='word_1_21' title='bbox 720 441 845 486; x_wconf 87' lang='lat' dir='ltr'><strong>posuit</strong></span> 
     </span>
     <span class='ocr_line' id='line_1_8' title="bbox 316 494 813 542; baseline 0.002 -11"><span class='ocrx_word' id='word_1_22' title='bbox 316 494 436 541; x_wconf 75' lang='lat' dir='ltr'>Caput</span> <span class='ocrx_word' id='word_1_23' title='bbox 471 506 551 532; x_wconf 85' lang='lat' dir='ltr'>esse</span> <span class='ocrx_word' id='word_1_24' title='bbox 581 496 813 542; x_wconf 87' lang='lat' dir='ltr'>caelestium,</span> 
     </span>
     <span class='ocr_line' id='line_1_9' title="bbox 254 549 773 589; baseline 0.006 -3"><span class='ocrx_word' id='word_1_25' title='bbox 254 549 359 587; x_wconf 82' lang='lat' dir='ltr'>Tunc.</span> <span class='ocrx_word' id='word_1_26' title='bbox 392 552 500 588; x_wconf 83' lang='lat' dir='ltr'>lionio</span> <span class='ocrx_word' id='word_1_27' title='bbox 529 552 567 589; x_wconf 88' lang='lat' dir='ltr'>in</span> <span class='ocrx_word' id='word_1_28' title='bbox 600 553 773 589; x_wconf 76' lang='lat' dir='ltr'>exsilium</span> 
     </span>
     <span class='ocr_line' id='line_1_10' title="bbox 253 606 789 655; baseline 0.009 -12"><span class='ocrx_word' id='word_1_29' title='bbox 253 606 374 644; x_wconf 86' lang='lat' dir='ltr'>Datus</span> <span class='ocrx_word' id='word_1_30' title='bbox 407 613 440 644; x_wconf 83' lang='lat' dir='ltr'>et</span> <span class='ocrx_word' id='word_1_31' title='bbox 475 608 511 645; x_wconf 87' lang='lat' dir='ltr'>in</span> <span class='ocrx_word' id='word_1_32' title='bbox 542 609 789 655; x_wconf 88' lang='lat' dir='ltr'>opprobrium</span> 
     </span>
     <span class='ocr_line' id='line_1_11' title="bbox 314 665 816 711; baseline 0.008 -12"><span class='ocrx_word' id='word_1_33' title='bbox 314 665 471 700; x_wconf 76' lang='lat' dir='ltr'>Luctum</span> <span class='ocrx_word' id='word_1_34' title='bbox 504 671 652 711; x_wconf 70' lang='lat' dir='ltr'>tergere</span> <span class='ocrx_word' id='word_1_35' title='bbox 686 667 816 703; x_wconf 85' lang='lat' dir='ltr'>‹lebuit</span> 
     </span>
     <span class='ocr_line' id='line_1_12' title="bbox 252 719 648 758; baseline 0 -1"><span class='ocrx_word' id='word_1_36' title='bbox 252 719 303 757; x_wconf 86' lang='lat' dir='ltr'>Et</span> <span class='ocrx_word' id='word_1_37' title='bbox 335 721 504 758; x_wconf 72' lang='lat' dir='ltr'>relevare</span> <span class='ocrx_word' id='word_1_38' title='bbox 535 722 648 758; x_wconf 89' lang='lat' dir='ltr'>alium</span> 
     </span>
     <span class='ocr_line' id='line_1_13' title="bbox 249 777 815 824; baseline 0.004 -10"><span class='ocrx_word' id='word_1_39' title='bbox 249 777 462 814; x_wconf 82' lang='lat' dir='ltr'>Demissum</span> <span class='ocrx_word' id='word_1_40' title='bbox 496 784 653 824; x_wconf 86' lang='lat' dir='ltr'>propter</span> <span class='ocrx_word' id='word_1_41' title='bbox 685 779 815 816; x_wconf 81' lang='lat' dir='ltr'>vitium</span> 
     </span>
     <span class='ocr_line' id='line_1_14' title="bbox 305 834 731 880; baseline 0.005 -10"><span class='ocrx_word' id='word_1_42' title='bbox 305 834 564 880; x_wconf 83' lang='lat' dir='ltr'>Regratiando</span> <span class='ocrx_word' id='word_1_43' title='bbox 597 836 731 880; x_wconf 84' lang='lat' dir='ltr'>potuit.</span> 
     </span>
    </p>
   </div>
   <div class='ocr_carea' id='block_1_5' title="bbox 148 983 832 1030">
    <p class='ocr_par' dir='ltr' id='par_1_5' title="bbox 148 983 832 1030">
     <span class='ocr_line' id='line_1_15' title="bbox 148 983 832 1030; baseline 0.003 -4"><span class='ocrx_word' id='word_1_44' title='bbox 148 988 214 1026; x_wconf 89' lang='grc'>28.</span> <span class='ocrx_word' id='word_1_45' title='bbox 247 984 377 1027; x_wconf 84' lang='lat' dir='ltr'>Sedet</span> <span class='ocrx_word' id='word_1_46' title='bbox 408 983 461 1026; x_wconf 85' lang='lat' dir='ltr'>ad</span> <span class='ocrx_word' id='word_1_47' title='bbox 496 983 724 1028; x_wconf 80' lang='lat' dir='ltr'>dexteram</span> <span class='ocrx_word' id='word_1_48' title='bbox 756 986 832 1030; x_wconf 85' lang='lat' dir='ltr'>Dei</span> 
     </span>
    </p>
   </div>
   <div class='ocr_carea' id='block_1_6' title="bbox 237 1040 877 1660">
    <p class='ocr_par' dir='ltr' id='par_1_6' title="bbox 237 1040 877 1660">
     <span class='ocr_line' id='line_1_16' title="bbox 245 1040 734 1094; baseline -0.002 -11"><span class='ocrx_word' id='word_1_49' title='bbox 245 1040 409 1091; x_wconf 79' lang='lat' dir='ltr'>Patris,</span> <span class='ocrx_word' id='word_1_50' title='bbox 443 1045 657 1091; x_wconf 83' lang='lat' dir='ltr'>coaequalis</span> <span class='ocrx_word' id='word_1_51' title='bbox 689 1046 734 1094; x_wconf 89' lang='lat' dir='ltr'>ei,</span> 
     </span>
     <span class='ocr_line' id='line_1_17' title="bbox 300 1101 877 1150; baseline 0.005 -12"><span class='ocrx_word' id='word_1_52' title='bbox 300 1101 499 1138; x_wconf 84' lang='lat' dir='ltr'>Hominem</span> <span class='ocrx_word' id='word_1_53' title='bbox 535 1102 590 1137; x_wconf 90' lang='lat' dir='ltr'>sic</span> <span class='ocrx_word' id='word_1_54' title='bbox 621 1101 877 1150; x_wconf 80' lang='lat' dir='ltr'>magnificans,</span> 
     </span>
     <span class='ocr_line' id='line_1_18' title="bbox 246 1157 681 1204; baseline -0.002 -8"><span class='ocrx_word' id='word_1_55' title='bbox 246 1158 411 1204; x_wconf 88' lang='lat' dir='ltr'>Tempus</span> <span class='ocrx_word' id='word_1_56' title='bbox 442 1158 498 1194; x_wconf 88' lang='lat' dir='ltr'>sui</span> <span class='ocrx_word' id='word_1_57' title='bbox 530 1157 681 1195; x_wconf 82' lang='lat' dir='ltr'>iubilaei</span> 
     </span>
     <span class='ocr_line' id='line_1_19' title="bbox 244 1215 723 1262; baseline -0.002 -9"><span class='ocrx_word' id='word_1_58' title='bbox 244 1215 482 1261; x_wconf 82' lang='lat' dir='ltr'>Cognoscens</span> <span class='ocrx_word' id='word_1_59' title='bbox 514 1219 550 1250; x_wconf 83' lang='lat' dir='ltr'>et</span> <span class='ocrx_word' id='word_1_60' title='bbox 582 1216 723 1262; x_wconf 89' lang='lat' dir='ltr'>requiei</span> 
     </span>
     <span class='ocr_line' id='line_1_20' title="bbox 295 1271 873 1322; baseline 0.005 -15"><span class='ocrx_word' id='word_1_61' title='bbox 295 1271 873 1322; x_wconf 82' lang='lat' dir='ltr'>Plussepoenisnonimplicans,</span> 
     </span>
     <span class='ocr_line' id='line_1_21' title="bbox 239 1328 803 1379; baseline 0 -13"><span class='ocrx_word' id='word_1_62' title='bbox 239 1328 379 1366; x_wconf 92' lang='lat' dir='ltr'>Modus</span> <span class='ocrx_word' id='word_1_63' title='bbox 413 1339 500 1364; x_wconf 87' lang='lat' dir='ltr'>suus</span> <span class='ocrx_word' id='word_1_64' title='bbox 533 1332 587 1364; x_wconf 89' lang='lat' dir='ltr'>est</span> <span class='ocrx_word' id='word_1_65' title='bbox 619 1329 803 1379; x_wconf 83' lang='lat' dir='ltr'>indicans,</span> 
     </span>
     <span class='ocr_line' id='line_1_22' title="bbox 240 1384 871 1436; baseline 0.006 -16"><span class='ocrx_word' id='word_1_66' title='bbox 240 1385 348 1432; x_wconf 82' lang='lat' dir='ltr'>Quod</span> <span class='ocrx_word' id='word_1_67' title='bbox 376 1385 448 1421; x_wconf 89' lang='lat' dir='ltr'>iam</span> <span class='ocrx_word' id='word_1_68' title='bbox 472 1384 585 1421; x_wconf 82' lang='lat' dir='ltr'>iudex</span> <span class='ocrx_word' id='word_1_69' title='bbox 608 1391 664 1421; x_wconf 86' lang='lat' dir='ltr'>est</span> <span class='ocrx_word' id='word_1_70' title='bbox 685 1386 871 1436; x_wconf 87' lang='lat' dir='ltr'>iudicans,</span> 
     </span>
     <span class='ocr_line' id='line_1_23' title="bbox 298 1441 869 1492; baseline 0.004 -14"><span class='ocrx_word' id='word_1_71' title='bbox 298 1441 356 1478; x_wconf 77' lang='lat' dir='ltr'>Ne</span> <span class='ocrx_word' id='word_1_72' title='bbox 382 1445 624 1488; x_wconf 78' lang='lat' dir='ltr'>praesumant</span> <span class='ocrx_word' id='word_1_73' title='bbox 660 1443 770 1479; x_wconf 89' lang='lat' dir='ltr'>nimis</span> <span class='ocrx_word' id='word_1_74' title='bbox 802 1444 869 1492; x_wconf 85' lang='lat' dir='ltr'>rei,</span> 
     </span>
     <span class='ocr_line' id='line_1_24' title="bbox 237 1497 870 1546; baseline 0.006 -12"><span class='ocrx_word' id='word_1_75' title='bbox 237 1498 420 1544; x_wconf 83' lang='lat' dir='ltr'>Quodque</span> <span class='ocrx_word' id='word_1_76' title='bbox 463 1497 620 1535; x_wconf 87' lang='lat' dir='ltr'>devotus</span> <span class='ocrx_word' id='word_1_77' title='bbox 651 1500 870 1546; x_wconf 85' lang='lat' dir='ltr'>supplicans</span> 
     </span>
     <span class='ocr_line' id='line_1_25' title="bbox 237 1554 825 1601; baseline 0.002 -8"><span class='ocrx_word' id='word_1_78' title='bbox 237 1554 358 1593; x_wconf 89' lang='lat' dir='ltr'>Citius</span> <span class='ocrx_word' id='word_1_79' title='bbox 390 1565 500 1601; x_wconf 89' lang='lat' dir='ltr'>quam</span> <span class='ocrx_word' id='word_1_80' title='bbox 531 1555 589 1591; x_wconf 89' lang='lat' dir='ltr'>ius</span> <span class='ocrx_word' id='word_1_81' title='bbox 621 1556 825 1594; x_wconf 85' lang='lat' dir='ltr'>vendicans</span> 
     </span>
     <span class='ocr_line' id='line_1_26' title="bbox 293 1612 799 1660; baseline 0.008 -13"><span class='ocrx_word' id='word_1_82' title='bbox 293 1613 474 1658; x_wconf 88' lang='lat' dir='ltr'>Impetret</span> <span class='ocrx_word' id='word_1_83' title='bbox 506 1612 674 1658; x_wconf 85' lang='lat' dir='ltr'>praemia</span> <span class='ocrx_word' id='word_1_84' title='bbox 705 1614 799 1660; x_wconf 87' lang='lat' dir='ltr'>spei.</span> 
     </span>
    </p>
   </div>
   <div class='ocr_carea' id='block_1_7' title="bbox 134 1761 711 1818">
    <p class='ocr_par' dir='ltr' id='par_1_7' title="bbox 134 1761 711 1818">
     <span class='ocr_line' id='line_1_27' title="bbox 134 1761 711 1818; baseline -0.002 -16"><span class='ocrx_word' id='word_1_85' title='bbox 134 1765 200 1803; x_wconf 88' lang='lat'>29.</span> <span class='ocrx_word' id='word_1_86' title='bbox 233 1761 550 1818; x_wconf 82' lang='lat' dir='ltr'>Omnipoteutis</span> <span class='ocrx_word' id='word_1_87' title='bbox 581 1764 711 1812; x_wconf 84' lang='lat' dir='ltr'>filium,</span> 
     </span>
    </p>
   </div>
   <div class='ocr_carea' id='block_1_8' title="bbox 221 1822 857 2436">
    <p class='ocr_par' dir='ltr' id='par_1_8' title="bbox 221 1822 857 2436">
     <span class='ocr_line' id='line_1_28' title="bbox 233 1822 743 1867; baseline -0.002 -8"><span class='ocrx_word' id='word_1_88' title='bbox 233 1822 428 1860; x_wconf 81' lang='lat' dir='ltr'>Potentiae</span> <span class='ocrx_word' id='word_1_89' title='bbox 459 1833 533 1858; x_wconf 92' lang='lat' dir='ltr'>non</span> <span class='ocrx_word' id='word_1_90' title='bbox 564 1822 743 1867; x_wconf 83' lang='lat' dir='ltr'>nescium,</span> 
     </span>
     <span class='ocr_line' id='line_1_29' title="bbox 286 1878 818 1917; baseline 0.004 -3"><span class='ocrx_word' id='word_1_91' title='bbox 286 1878 398 1915; x_wconf 88' lang='lat' dir='ltr'>Hunc</span> <span class='ocrx_word' id='word_1_92' title='bbox 428 1878 553 1915; x_wconf 81' lang='lat' dir='ltr'>anima</span> <span class='ocrx_word' id='word_1_93' title='bbox 584 1889 666 1916; x_wconf 88' lang='lat' dir='ltr'>mea</span> <span class='ocrx_word' id='word_1_94' title='bbox 697 1879 818 1917; x_wconf 86' lang='lat' dir='ltr'>eredit</span> 
     </span>
     <span class='ocr_line' id='line_1_30' title="bbox 227 1935 839 1987; baseline 0.005 -16"><span class='ocrx_word' id='word_1_95' title='bbox 227 1935 290 1978; x_wconf 81' lang='lat' dir='ltr'>Et,</span> <span class='ocrx_word' id='word_1_96' title='bbox 323 1935 355 1971; x_wconf 91' lang='lat' dir='ltr'>si</span> <span class='ocrx_word' id='word_1_97' title='bbox 385 1935 475 1981; x_wconf 91' lang='lat' dir='ltr'>quid</span> <span class='ocrx_word' id='word_1_98' title='bbox 508 1940 564 1972; x_wconf 89' lang='lat' dir='ltr'>est</span> <span class='ocrx_word' id='word_1_99' title='bbox 596 1937 839 1987; x_wconf 84' lang='lat' dir='ltr'>contrarium,</span> 
     </span>
     <span class='ocr_line' id='line_1_31' title="bbox 227 1992 694 2030; baseline -0.002 0"><span class='ocrx_word' id='word_1_100' title='bbox 227 1992 424 2030; x_wconf 80' lang='lat' dir='ltr'>Potentiae</span> <span class='ocrx_word' id='word_1_101' title='bbox 453 1992 511 2028; x_wconf 90' lang='lat' dir='ltr'>vel</span> <span class='ocrx_word' id='word_1_102' title='bbox 543 1992 694 2029; x_wconf 89' lang='lat' dir='ltr'>obvium</span> 
     </span>
     <span class='ocr_line' id='line_1_32' title="bbox 283 2048 857 2100; baseline 0.007 -16"><span class='ocrx_word' id='word_1_103' title='bbox 283 2048 384 2085; x_wconf 83' lang='lat' dir='ltr'>Huic</span> <span class='ocrx_word' id='word_1_104' title='bbox 413 2049 536 2085; x_wconf 85' lang='lat' dir='ltr'>inesse</span> <span class='ocrx_word' id='word_1_105' title='bbox 566 2060 640 2086; x_wconf 92' lang='lat' dir='ltr'>non</span> <span class='ocrx_word' id='word_1_106' title='bbox 663 2050 857 2100; x_wconf 84' lang='lat' dir='ltr'>concedit;</span> 
     </span>
     <span class='ocr_line' id='line_1_33' title="bbox 225 2105 674 2142; baseline 0.002 -1"><span class='ocrx_word' id='word_1_107' title='bbox 225 2105 432 2142; x_wconf 90' lang='lat' dir='ltr'>Imbecillis</span> <span class='ocrx_word' id='word_1_108' title='bbox 462 2106 492 2142; x_wconf 90' lang='lat' dir='ltr'>si</span> <span class='ocrx_word' id='word_1_109' title='bbox 524 2106 674 2142; x_wconf 89' lang='lat' dir='ltr'>accedit</span> 
     </span>
     <span class='ocr_line' id='line_1_34' title="bbox 222 2162 813 2209; baseline 0.005 -11"><span class='ocrx_word' id='word_1_110' title='bbox 222 2162 286 2199; x_wconf 86' lang='lat' dir='ltr'>Ad</span> <span class='ocrx_word' id='word_1_111' title='bbox 317 2173 413 2207; x_wconf 92' lang='lat' dir='ltr'>eum,</span> <span class='ocrx_word' id='word_1_112' title='bbox 446 2173 633 2209; x_wconf 86' lang='lat' dir='ltr'>nunquam</span> <span class='ocrx_word' id='word_1_113' title='bbox 666 2163 813 2201; x_wconf 85' lang='lat' dir='ltr'>recedit</span> 
     </span>
     <span class='ocr_line' id='line_1_35' title="bbox 280 2218 820 2269; baseline 0.004 -14"><span class='ocrx_word' id='word_1_114' title='bbox 280 2218 365 2256; x_wconf 82' lang='lat' dir='ltr'>Non</span> <span class='ocrx_word' id='word_1_115' title='bbox 397 2224 597 2265; x_wconf 81' lang='lat' dir='ltr'>reportans</span> <span class='ocrx_word' id='word_1_116' title='bbox 627 2220 820 2269; x_wconf 82' lang='lat' dir='ltr'>auxilium,</span> 
     </span>
     <span class='ocr_line' id='line_1_36' title="bbox 221 2274 772 2322; baseline 0.004 -10"><span class='ocrx_word' id='word_1_117' title='bbox 221 2274 358 2312; x_wconf 89' lang='lat' dir='ltr'>Totum</span> <span class='ocrx_word' id='word_1_118' title='bbox 389 2286 501 2322; x_wconf 88' lang='lat' dir='ltr'>posse</span> <span class='ocrx_word' id='word_1_119' title='bbox 530 2287 637 2314; x_wconf 88' lang='lat' dir='ltr'>suum</span> <span class='ocrx_word' id='word_1_120' title='bbox 670 2277 772 2314; x_wconf 83' lang='lat' dir='ltr'>cedit</span> 
     </span>
     <span class='ocr_line' id='line_1_37' title="bbox 221 2331 721 2378; baseline 0.004 -10"><span class='ocrx_word' id='word_1_121' title='bbox 221 2331 325 2368; x_wconf 88' lang='lat' dir='ltr'>Deus</span> <span class='ocrx_word' id='word_1_122' title='bbox 356 2337 478 2378; x_wconf 88' lang='lat' dir='ltr'>pater,</span> <span class='ocrx_word' id='word_1_123' title='bbox 510 2333 582 2369; x_wconf 91' lang='lat' dir='ltr'>sibi</span> <span class='ocrx_word' id='word_1_124' title='bbox 613 2333 721 2370; x_wconf 84' lang='lat' dir='ltr'>dedit</span> 
     </span>
     <span class='ocr_line' id='line_1_38' title="bbox 278 2389 775 2436; baseline 0.008 -11"><span class='ocrx_word' id='word_1_125' title='bbox 278 2389 399 2436; x_wconf 86' lang='lat' dir='ltr'>Regni</span> <span class='ocrx_word' id='word_1_126' title='bbox 430 2390 525 2426; x_wconf 88' lang='lat' dir='ltr'>caeli</span> <span class='ocrx_word' id='word_1_127' title='bbox 558 2390 775 2430; x_wconf 89' lang='lat' dir='ltr'>dominium.</span> 
     </span>
    </p>
   </div>
   <div class='ocr_carea' id='block_1_9' title="bbox 125 2529 742 2576">
    <p class='ocr_par' dir='ltr' id='par_1_9' title="bbox 125 2529 742 2576">
     <span class='ocr_line' id='line_1_39' title="bbox 125 2529 742 2576; baseline 0.005 -6"><span class='ocrx_word' id='word_1_128' title='bbox 125 2532 189 2571; x_wconf 86' lang='lat'>30.</span> <span class='ocrx_word' id='word_1_129' title='bbox 219 2529 324 2574; x_wconf 80' lang='lat' dir='ltr'>Inde</span> <span class='ocrx_word' id='word_1_130' title='bbox 355 2534 567 2576; x_wconf 75' lang='lat' dir='ltr'>venturus</span> <span class='ocrx_word' id='word_1_131' title='bbox 599 2537 638 2574; x_wconf 87' lang='lat' dir='ltr'>in</span> <span class='ocrx_word' id='word_1_132' title='bbox 669 2536 742 2574; x_wconf 85' lang='lat' dir='ltr'>fine</span> 
     </span>
    </p>
   </div>
   <div class='ocr_carea' id='block_1_10' title="bbox 218 2589 723 2868">
    <p class='ocr_par' dir='ltr' id='par_1_10' title="bbox 218 2589 723 2801">
     <span class='ocr_line' id='line_1_40' title="bbox 220 2589 723 2640; baseline 0.006 -12"><span class='ocrx_word' id='word_1_133' title='bbox 220 2589 312 2628; x_wconf 85' lang='lat' dir='ltr'>Cum</span> <span class='ocrx_word' id='word_1_134' title='bbox 343 2591 465 2630; x_wconf 81' lang='lat' dir='ltr'>semla</span> <span class='ocrx_word' id='word_1_135' title='bbox 497 2593 723 2640; x_wconf 88' lang='lat' dir='ltr'>disciplinae</span> 
     </span>
     <span class='ocr_line' id='line_1_41' title="bbox 274 2647 668 2697; baseline 0.008 -13"><span class='ocrx_word' id='word_1_136' title='bbox 274 2647 326 2684; x_wconf 91' lang='lat' dir='ltr'>Et</span> <span class='ocrx_word' id='word_1_137' title='bbox 354 2649 509 2686; x_wconf 81' lang='lat' dir='ltr'>ultionis</span> <span class='ocrx_word' id='word_1_138' title='bbox 539 2650 668 2697; x_wconf 85' lang='lat' dir='ltr'>gladio</span> 
     </span>
     <span class='ocr_line' id='line_1_42' title="bbox 218 2701 698 2754; baseline 0.008 -14"><span class='ocrx_word' id='word_1_139' title='bbox 218 2701 378 2742; x_wconf 87' lang='lat' dir='ltr'>Eductis</span> <span class='ocrx_word' id='word_1_140' title='bbox 408 2710 508 2743; x_wconf 88' lang='lat' dir='ltr'>tecto</span> <span class='ocrx_word' id='word_1_141' title='bbox 540 2707 698 2754; x_wconf 85' lang='lat' dir='ltr'>vaginae</span> 
     </span>
     <span class='ocr_line' id='line_1_43' title="bbox 218 2760 670 2801; baseline 0.011 -5"><span class='ocrx_word' id='word_1_142' title='bbox 218 2760 292 2797; x_wconf 90' lang='lat' dir='ltr'>Pro</span> <span class='ocrx_word' id='word_1_143' title='bbox 322 2762 487 2800; x_wconf 88' lang='lat' dir='ltr'>iustitiae</span> <span class='ocrx_word' id='word_1_144' title='bbox 519 2763 670 2801; x_wconf 89' lang='lat' dir='ltr'>divinae</span> 
     </span>
    </p>

    <p class='ocr_par' dir='ltr' id='par_1_11' title="bbox 273 2816 681 2868">
     <span class='ocr_line' id='line_1_44' title="bbox 273 2816 681 2868; baseline 0.01 -14"><span class='ocrx_word' id='word_1_145' title='bbox 273 2816 498 2856; x_wconf 85' lang='lat' dir='ltr'>Exercendo</span> <span class='ocrx_word' id='word_1_146' title='bbox 526 2820 681 2868; x_wconf 89' lang='lat' dir='ltr'>iudicio,</span> 
     </span>
    </p>
   </div>
   <div class='ocr_carea' id='block_1_11' title="bbox 173 2883 813 2924">
    <p class='ocr_par' dir='ltr' id='par_1_12' title="bbox 173 2883 813 2924">
     <span class='ocr_line' id='line_1_45' title="bbox 173 2883 813 2924; baseline 0.013 -14"><span class='ocrx_word' id='word_1_147' title='bbox 173 2883 335 2919; x_wconf 78' lang='lat' dir='ltr'>Dreves‚</span> <span class='ocrx_word' id='word_1_148' title='bbox 362 2887 608 2924; x_wconf 76' lang='lat' dir='ltr'>Hymnographi</span> <span class='ocrx_word' id='word_1_149' title='bbox 630 2889 748 2917; x_wconf 77' lang='lat' dir='ltr'>Latini.</span> <span class='ocrx_word' id='word_1_150' title='bbox 786 2890 813 2920; x_wconf 92' lang='grc' dir='ltr'>Ι.</span> 
     </span>
    </p>
   </div>
   <div class='ocr_carea' id='block_1_12' title="bbox 972 646 1036 684">
    <p class='ocr_par' dir='ltr' id='par_1_13' title="bbox 972 646 1036 684">
     <span class='ocr_line' id='line_1_46' title="bbox 972 646 1036 684; baseline -0.031 0"><span class='ocrx_word' id='word_1_151' title='bbox 972 646 1036 684; x_wconf 88' lang='grc'>31.</span> 
     </span>
    </p>
   </div>
   <div class='ocr_carea' id='block_1_13' title="bbox 1074 218 1704 549">
    <p class='ocr_par' dir='ltr' id='par_1_14' title="bbox 1074 218 1704 549">
     <span class='ocr_line' id='line_1_47' title="bbox 1079 218 1564 261; baseline 0.014 -7"><span class='ocrx_word' id='word_1_152' title='bbox 1079 218 1184 255; x_wconf 84' lang='lat' dir='ltr'>Tunc</span> <span class='ocrx_word' id='word_1_153' title='bbox 1216 221 1396 259; x_wconf 86' lang='lat' dir='ltr'>distincta</span> <span class='ocrx_word' id='word_1_154' title='bbox 1427 224 1564 261; x_wconf 83' lang='lat' dir='ltr'>reditio</span> 
     </span>
     <span class='ocr_line' id='line_1_48' title="bbox 1080 274 1561 317; baseline 0.015 -7"><span class='ocrx_word' id='word_1_155' title='bbox 1080 274 1280 314; x_wconf 87' lang='lat' dir='ltr'>Hominum</span> <span class='ocrx_word' id='word_1_156' title='bbox 1313 283 1349 314; x_wconf 89' lang='lat' dir='ltr'>et</span> <span class='ocrx_word' id='word_1_157' title='bbox 1378 280 1561 317; x_wconf 74' lang='lat' dir='ltr'>reiunctio</span> 
     </span>
     <span class='ocr_line' id='line_1_49' title="bbox 1134 333 1633 388; baseline 0.016 -20"><span class='ocrx_word' id='word_1_158' title='bbox 1134 333 1215 369; x_wconf 76' lang='lat' dir='ltr'>Erit</span> <span class='ocrx_word' id='word_1_159' title='bbox 1232 334 1481 373; x_wconf 73' lang='lat' dir='ltr'>‚substantiae</span> <span class='ocrx_word' id='word_1_160' title='bbox 1515 337 1633 388; x_wconf 85' lang='lat' dir='ltr'>binae,</span> 
     </span>
     <span class='ocr_line' id='line_1_50' title="bbox 1077 388 1451 437; baseline 0.013 -13"><span class='ocrx_word' id='word_1_161' title='bbox 1077 388 1249 426; x_wconf 87' lang='lat' dir='ltr'>Omnium</span> <span class='ocrx_word' id='word_1_162' title='bbox 1281 393 1451 437; x_wconf 82' lang='lat' dir='ltr'>operatio</span> 
     </span>
     <span class='ocr_line' id='line_1_51' title="bbox 1074 445 1518 486; baseline 0.014 -6"><span class='ocrx_word' id='word_1_163' title='bbox 1074 445 1236 482; x_wconf 84' lang='lat' dir='ltr'>Actuum</span> <span class='ocrx_word' id='word_1_164' title='bbox 1269 454 1322 484; x_wconf 83' lang='lat' dir='ltr'>est</span> <span class='ocrx_word' id='word_1_165' title='bbox 1355 450 1518 486; x_wconf 85' lang='lat' dir='ltr'>ostensio</span> 
     </span>
     <span class='ocr_line' id='line_1_52' title="bbox 1129 503 1704 549; baseline 0.019 -12"><span class='ocrx_word' id='word_1_166' title='bbox 1129 503 1284 549; x_wconf 82' lang='lat' dir='ltr'>Absque</span> <span class='ocrx_word' id='word_1_167' title='bbox 1326 507 1487 548; x_wconf 67' lang='lat' dir='ltr'>tegmine</span> <span class='ocrx_word' id='word_1_168' title='bbox 1524 507 1704 549; x_wconf 84' lang='lat' dir='ltr'>cortinae.</span> 
     </span>
    </p>
   </div>
   <div class='ocr_carea' id='block_1_14' title="bbox 1059 644 1642 1323">
    <p class='ocr_par' dir='ltr' id='par_1_15' title="bbox 1059 644 1642 1323">
     <span class='ocr_line' id='line_1_53' title="bbox 1071 644 1559 702; baseline 0.01 -17"><span class='ocrx_word' id='word_1_169' title='bbox 1071 644 1278 689; x_wconf 73' lang='lat' dir='ltr'>Iudical‘e</span> <span class='ocrx_word' id='word_1_170' title='bbox 1310 661 1391 686; x_wconf 85' lang='lat' dir='ltr'>cum</span> <span class='ocrx_word' id='word_1_171' title='bbox 1426 654 1559 702; x_wconf 83' lang='lat' dir='ltr'>veniet,</span> 
     </span>
     <span class='ocr_line' id='line_1_54' title="bbox 1071 704 1500 756; baseline 0.014 -17"><span class='ocrx_word' id='word_1_172' title='bbox 1071 704 1206 741; x_wconf 89' lang='lat' dir='ltr'>Nullus</span> <span class='ocrx_word' id='word_1_173' title='bbox 1238 716 1319 742; x_wconf 92' lang='lat' dir='ltr'>eum</span> <span class='ocrx_word' id='word_1_174' title='bbox 1353 708 1500 756; x_wconf 81' lang='lat' dir='ltr'>effugiet</span> 
     </span>
     <span class='ocr_line' id='line_1_55' title="bbox 1127 761 1629 814; baseline 0.016 -17"><span class='ocrx_word' id='word_1_175' title='bbox 1127 761 1206 798; x_wconf 80' lang='lat' dir='ltr'>Nec</span> <span class='ocrx_word' id='word_1_176' title='bbox 1238 763 1392 800; x_wconf 83' lang='lat' dir='ltr'>babebit</span> <span class='ocrx_word' id='word_1_177' title='bbox 1424 766 1629 814; x_wconf 79' lang='lat' dir='ltr'>diffugium,</span> 
     </span>
     <span class='ocr_line' id='line_1_56' title="bbox 1068 816 1484 867; baseline 0.014 -15"><span class='ocrx_word' id='word_1_178' title='bbox 1068 816 1203 854; x_wconf 87' lang='lat' dir='ltr'>Nullus</span> <span class='ocrx_word' id='word_1_179' title='bbox 1235 819 1285 855; x_wconf 82' lang='lat' dir='ltr'>ibi</span> <span class='ocrx_word' id='word_1_180' title='bbox 1320 821 1484 867; x_wconf 64' lang='lat' dir='ltr'>excipiet</span> 
     </span>
     <span class='ocr_line' id='line_1_57' title="bbox 1067 873 1563 921; baseline 0.014 -12"><span class='ocrx_word' id='word_1_181' title='bbox 1067 873 1198 921; x_wconf 85' lang='lat' dir='ltr'>Neque</span> <span class='ocrx_word' id='word_1_182' title='bbox 1231 876 1438 914; x_wconf 74' lang='lat' dir='ltr'>defendere</span> <span class='ocrx_word' id='word_1_183' title='bbox 1469 879 1563 916; x_wconf 90' lang='lat' dir='ltr'>sciet</span> 
     </span>
     <span class='ocr_line' id='line_1_58' title="bbox 1124 933 1613 987; baseline 0.014 -20"><span class='ocrx_word' id='word_1_184' title='bbox 1124 934 1171 968; x_wconf 74' lang='lat' dir='ltr'>Se</span> <span class='ocrx_word' id='word_1_185' title='bbox 1202 942 1271 978; x_wconf 85' lang='lat' dir='ltr'>per</span> <span class='ocrx_word' id='word_1_186' title='bbox 1302 933 1613 987; x_wconf 76' lang='lat' dir='ltr'>declinatorium3</span> 
     </span>
     <span class='ocr_line' id='line_1_59' title="bbox 1065 986 1538 1029; baseline 0.015 -7"><span class='ocrx_word' id='word_1_187' title='bbox 1065 986 1169 1024; x_wconf 83' lang='lat' dir='ltr'>Niliil</span> <span class='ocrx_word' id='word_1_188' title='bbox 1202 994 1290 1026; x_wconf 83' lang='lat' dir='ltr'>tunc</span> <span class='ocrx_word' id='word_1_189' title='bbox 1321 991 1538 1029; x_wconf 83' lang='lat' dir='ltr'>dilatorium</span> 
     </span>
     <span class='ocr_line' id='line_1_60' title="bbox 1064 1044 1542 1093; baseline 0.008 -11"><span class='ocrx_word' id='word_1_190' title='bbox 1064 1044 1235 1082; x_wconf 90' lang='lat' dir='ltr'>Omnium</span> <span class='ocrx_word' id='word_1_191' title='bbox 1270 1047 1542 1093; x_wconf 81' lang='lat' dir='ltr'>appellantium</span> 
     </span>
     <span class='ocr_line' id='line_1_61' title="bbox 1121 1102 1574 1153; baseline 0.018 -17"><span class='ocrx_word' id='word_1_192' title='bbox 1121 1102 1268 1138; x_wconf 81' lang='lat' dir='ltr'>Valebit</span> <span class='ocrx_word' id='word_1_193' title='bbox 1301 1105 1358 1140; x_wconf 90' lang='lat' dir='ltr'>vel</span> <span class='ocrx_word' id='word_1_194' title='bbox 1390 1106 1574 1153; x_wconf 81' lang='lat' dir='ltr'>proficiet,</span> 
     </span>
     <span class='ocr_line' id='line_1_62' title="bbox 1060 1158 1642 1210; baseline 0.015 -17"><span class='ocrx_word' id='word_1_195' title='bbox 1060 1158 1178 1194; x_wconf 90' lang='lat' dir='ltr'>Immo</span> <span class='ocrx_word' id='word_1_196' title='bbox 1208 1161 1413 1197; x_wconf 87' lang='lat' dir='ltr'>secundum</span> <span class='ocrx_word' id='word_1_197' title='bbox 1446 1165 1642 1210; x_wconf 84' lang='lat' dir='ltr'>proprium</span> 
     </span>
     <span class='ocr_line' id='line_1_63' title="bbox 1059 1214 1505 1260; baseline 0.011 -10"><span class='ocrx_word' id='word_1_198' title='bbox 1059 1214 1162 1260; x_wconf 89' lang='lat' dir='ltr'>Opus</span> <span class='ocrx_word' id='word_1_199' title='bbox 1196 1216 1253 1252; x_wconf 87' lang='lat' dir='ltr'>vel</span> <span class='ocrx_word' id='word_1_200' title='bbox 1285 1219 1505 1255; x_wconf 86' lang='lat' dir='ltr'>exercitium</span> 
     </span>
     <span class='ocr_line' id='line_1_64' title="bbox 1118 1270 1583 1323; baseline 0.017 -16"><span class='ocrx_word' id='word_1_201' title='bbox 1118 1270 1382 1320; x_wconf 80' lang='lat' dir='ltr'>Unusquisque</span> <span class='ocrx_word' id='word_1_202' title='bbox 1412 1276 1583 1323; x_wconf 85' lang='lat' dir='ltr'>recipiet.</span> 
     </span>
    </p>
   </div>
   <div class='ocr_carea' id='block_1_15' title="bbox 956 1420 1600 1468">
    <p class='ocr_par' dir='ltr' id='par_1_16' title="bbox 956 1420 1600 1468">
     <span class='ocr_line' id='line_1_65' title="bbox 956 1420 1600 1468; baseline 0.009 -6"><span class='ocrx_word' id='word_1_203' title='bbox 956 1424 1022 1462; x_wconf 89' lang='lat'>32.</span> <span class='ocrx_word' id='word_1_204' title='bbox 1054 1420 1187 1464; x_wconf 69' lang='lat' dir='ltr'>Viros</span> <span class='ocrx_word' id='word_1_205' title='bbox 1219 1424 1263 1464; x_wconf 81' lang='lat' dir='ltr'>et</span> <span class='ocrx_word' id='word_1_206' title='bbox 1296 1425 1490 1468; x_wconf 83' lang='lat' dir='ltr'>mortuos</span> <span class='ocrx_word' id='word_1_207' title='bbox 1522 1430 1600 1468; x_wconf 83' lang='lat' dir='ltr'>scio</span> 
     </span>
    </p>
   </div>
   <div class='ocr_carea' id='block_1_16' title="bbox 1044 1481 1602 2099">
    <p class='ocr_par' dir='ltr' id='par_1_17' title="bbox 1044 1481 1602 2099">
     <span class='ocr_line' id='line_1_66' title="bbox 1053 1481 1465 1530; baseline 0.01 -13"><span class='ocrx_word' id='word_1_208' title='bbox 1053 1481 1240 1518; x_wconf 87' lang='lat' dir='ltr'>Dissimili</span> <span class='ocrx_word' id='word_1_209' title='bbox 1272 1483 1465 1530; x_wconf 87' lang='lat' dir='ltr'>stipendio</span> 
     </span>
     <span class='ocr_line' id='line_1_67' title="bbox 1110 1539 1523 1587; baseline 0.007 -11"><span class='ocrx_word' id='word_1_210' title='bbox 1110 1539 1182 1576; x_wconf 86' lang='lat' dir='ltr'>Illa</span> <span class='ocrx_word' id='word_1_211' title='bbox 1213 1539 1274 1575; x_wconf 92' lang='lat' dir='ltr'>die</span> <span class='ocrx_word' id='word_1_212' title='bbox 1305 1542 1523 1587; x_wconf 76' lang='lat' dir='ltr'>praemiari,</span> 
     </span>
     <span class='ocr_line' id='line_1_68' title="bbox 1054 1596 1602 1646; baseline 0.013 -15"><span class='ocrx_word' id='word_1_213' title='bbox 1054 1596 1244 1641; x_wconf 84' lang='lat' dir='ltr'>Quosdam</span> <span class='ocrx_word' id='word_1_214' title='bbox 1276 1602 1432 1634; x_wconf 85' lang='lat' dir='ltr'>aeterno</span> <span class='ocrx_word' id='word_1_215' title='bbox 1463 1600 1602 1646; x_wconf 84' lang='lat' dir='ltr'>gaudio</span> 
     </span>
     <span class='ocr_line' id='line_1_69' title="bbox 1050 1653 1441 1699; baseline 0.008 -11"><span class='ocrx_word' id='word_1_216' title='bbox 1050 1653 1234 1699; x_wconf 86' lang='lat' dir='ltr'>Aliosque</span> <span class='ocrx_word' id='word_1_217' title='bbox 1264 1653 1441 1691; x_wconf 82' lang='lat' dir='ltr'>incendio</span> 
     </span>
     <span class='ocr_line' id='line_1_70' title="bbox 1108 1709 1535 1762; baseline 0.009 -16"><span class='ocrx_word' id='word_1_218' title='bbox 1108 1709 1292 1746; x_wconf 83' lang='lat' dir='ltr'>Infernali</span> <span class='ocrx_word' id='word_1_219' title='bbox 1323 1713 1535 1762; x_wconf 87' lang='lat' dir='ltr'>munerari;</span> 
     </span>
     <span class='ocr_line' id='line_1_71' title="bbox 1048 1766 1550 1812; baseline 0.008 -10"><span class='ocrx_word' id='word_1_220' title='bbox 1048 1766 1164 1803; x_wconf 87' lang='lat' dir='ltr'>Vivos</span> <span class='ocrx_word' id='word_1_221' title='bbox 1194 1776 1234 1802; x_wconf 89' lang='lat' dir='ltr'>se</span> <span class='ocrx_word' id='word_1_222' title='bbox 1265 1772 1444 1812; x_wconf 87' lang='lat' dir='ltr'>poterunt</span> <span class='ocrx_word' id='word_1_223' title='bbox 1477 1768 1550 1806; x_wconf 87' lang='lat' dir='ltr'>fari</span> 
     </span>
     <span class='ocr_line' id='line_1_72' title="bbox 1046 1822 1483 1872; baseline 0.009 -14"><span class='ocrx_word' id='word_1_224' title='bbox 1046 1822 1097 1859; x_wconf 91' lang='lat' dir='ltr'>Et</span> <span class='ocrx_word' id='word_1_225' title='bbox 1129 1823 1175 1859; x_wconf 90' lang='lat' dir='ltr'>de</span> <span class='ocrx_word' id='word_1_226' title='bbox 1208 1823 1284 1860; x_wconf 77' lang='lat' dir='ltr'>vita</span> <span class='ocrx_word' id='word_1_227' title='bbox 1315 1825 1483 1872; x_wconf 83' lang='lat' dir='ltr'>gloriari,</span> 
     </span>
     <span class='ocr_line' id='line_1_73' title="bbox 1102 1880 1560 1932; baseline 0.011 -17"><span class='ocrx_word' id='word_1_228' title='bbox 1102 1880 1265 1926; x_wconf 84' lang='lat' dir='ltr'>Quorum</span> <span class='ocrx_word' id='word_1_229' title='bbox 1297 1882 1369 1917; x_wconf 80' lang='lat' dir='ltr'>erit</span> <span class='ocrx_word' id='word_1_230' title='bbox 1402 1884 1560 1932; x_wconf 88' lang='lat' dir='ltr'>vocatio,</span> 
     </span>
     <span class='ocr_line' id='line_1_74' title="bbox 1044 1935 1479 1983; baseline 0.007 -11"><span class='ocrx_word' id='word_1_231' title='bbox 1044 1935 1261 1983; x_wconf 90' lang='lat' dir='ltr'>Mortuique</span> <span class='ocrx_word' id='word_1_232' title='bbox 1293 1938 1479 1975; x_wconf 85' lang='lat' dir='ltr'>nominari</span> 
     </span>
     <span class='ocr_line' id='line_1_75' title="bbox 1047 1992 1527 2042; baseline 0.008 -13"><span class='ocrx_word' id='word_1_233' title='bbox 1047 1992 1227 2030; x_wconf 89' lang='lat' dir='ltr'>Poterunt</span> <span class='ocrx_word' id='word_1_234' title='bbox 1259 1998 1297 2032; x_wconf 89' lang='lat' dir='ltr'>et</span> <span class='ocrx_word' id='word_1_235' title='bbox 1329 1996 1527 2042; x_wconf 68' lang='lat' dir='ltr'>appellari‚‘</span> 
     </span>
     <span class='ocr_line' id='line_1_76' title="bbox 1099 2051 1581 2099; baseline 0.012 -14"><span class='ocrx_word' id='word_1_236' title='bbox 1099 2051 1264 2095; x_wconf 81' lang='lat' dir='ltr'>Quorum</span> <span class='ocrx_word' id='word_1_237' title='bbox 1295 2052 1367 2088; x_wconf 91' lang='lat' dir='ltr'>erit</span> <span class='ocrx_word' id='word_1_238' title='bbox 1399 2054 1581 2099; x_wconf 88' lang='lat' dir='ltr'>expulsio.</span> 
     </span>
    </p>
   </div>
   <div class='ocr_carea' id='block_1_17' title="bbox 940 2197 1644 2251">
    <p class='ocr_par' dir='ltr' id='par_1_18' title="bbox 940 2197 1644 2251">
     <span class='ocr_line' id='line_1_77' title="bbox 940 2197 1644 2251; baseline 0.007 -11"><span class='ocrx_word' id='word_1_239' title='bbox 940 2201 1006 2240; x_wconf 84' lang='lat'>33.</span> <span class='ocrx_word' id='word_1_240' title='bbox 1040 2197 1179 2243; x_wconf 79' lang='lat' dir='ltr'>Credo</span> <span class='ocrx_word' id='word_1_241' title='bbox 1213 2214 1294 2240; x_wconf 89' lang='lat' dir='ltr'>cum</span> <span class='ocrx_word' id='word_1_242' title='bbox 1327 2205 1644 2251; x_wconf 81' lang='lat' dir='ltr'>praecedentibus</span> 
     </span>
    </p>
   </div>
   <div class='ocr_carea' id='block_1_18' title="bbox 1030 2259 1671 2925">
    <p class='ocr_par' dir='ltr' id='par_1_19' title="bbox 1037 2259 1671 2370">
     <span class='ocr_line' id='line_1_78' title="bbox 1037 2259 1643 2306; baseline 0.008 -11"><span class='ocrx_word' id='word_1_243' title='bbox 1037 2259 1089 2296; x_wconf 91' lang='lat' dir='ltr'>Et</span> <span class='ocrx_word' id='word_1_244' title='bbox 1120 2270 1203 2296; x_wconf 90' lang='lat' dir='ltr'>cum</span> <span class='ocrx_word' id='word_1_245' title='bbox 1234 2262 1440 2306; x_wconf 84' lang='lat' dir='ltr'>praedictis</span> <span class='ocrx_word' id='word_1_246' title='bbox 1471 2263 1643 2301; x_wconf 89' lang='lat' dir='ltr'>omnibus</span> 
     </span>
     <span class='ocr_line' id='line_1_79' title="bbox 1095 2317 1671 2370; baseline 0.01 -18"><span class='ocrx_word' id='word_1_247' title='bbox 1095 2317 1287 2362; x_wconf 84' lang='lat' dir='ltr'>Quosdam</span> <span class='ocrx_word' id='word_1_248' title='bbox 1323 2318 1448 2354; x_wconf 89' lang='lat' dir='ltr'>adhuc</span> <span class='ocrx_word' id='word_1_249' title='bbox 1477 2321 1671 2370; x_wconf 84' lang='lat' dir='ltr'>articulos,</span> 
     </span>
    </p>

    <p class='ocr_par' dir='ltr' id='par_1_20' title="bbox 1038 2373 1666 2422">
     <span class='ocr_line' id='line_1_80' title="bbox 1038 2373 1666 2422; baseline 0.011 -14"><span class='ocrx_word' id='word_1_250' title='bbox 1038 2374 1137 2420; x_wconf 80' lang='lat' dir='ltr'>Quos</span> <span class='ocrx_word' id='word_1_251' title='bbox 1168 2373 1206 2409; x_wconf 92' lang='lat' dir='ltr'>in</span> <span class='ocrx_word' id='word_1_252' title='bbox 1238 2375 1367 2411; x_wconf 81' lang='lat' dir='ltr'>mundi</span> <span class='ocrx_word' id='word_1_253' title='bbox 1390 2377 1666 2422; x_wconf 85' lang='lat' dir='ltr'>campestribus</span> 
     </span>
    </p>

    <p class='ocr_par' dir='ltr' id='par_1_21' title="bbox 1035 2430 1576 2538">
     <span class='ocr_line' id='line_1_81' title="bbox 1035 2430 1494 2468; baseline 0.002 -1"><span class='ocrx_word' id='word_1_254' title='bbox 1035 2430 1142 2467; x_wconf 89' lang='lat' dir='ltr'>Totis</span> <span class='ocrx_word' id='word_1_255' title='bbox 1172 2430 1319 2468; x_wconf 85' lang='lat' dir='ltr'>animae</span> <span class='ocrx_word' id='word_1_256' title='bbox 1351 2432 1494 2468; x_wconf 75' lang='lat' dir='ltr'>viribus</span> 
     </span>
     <span class='ocr_line' id='line_1_82' title="bbox 1092 2487 1576 2538; baseline 0.002 -13"><span class='ocrx_word' id='word_1_257' title='bbox 1092 2487 1238 2533; x_wconf 86' lang='lat' dir='ltr'>Colligo</span> <span class='ocrx_word' id='word_1_258' title='bbox 1270 2492 1309 2524; x_wconf 88' lang='lat' dir='ltr'>ut</span> <span class='ocrx_word' id='word_1_259' title='bbox 1341 2488 1576 2538; x_wconf 81' lang='lat' dir='ltr'>manipulos3</span> 
     </span>
    </p>

    <p class='ocr_par' dir='ltr' id='par_1_22' title="bbox 1032 2541 1540 2590">
     <span class='ocr_line' id='line_1_83' title="bbox 1032 2541 1540 2590; baseline 0.006 -11"><span class='ocrx_word' id='word_1_260' title='bbox 1032 2541 1145 2580; x_wconf 90' lang='lat' dir='ltr'>Fidei</span> <span class='ocrx_word' id='word_1_261' title='bbox 1176 2555 1335 2590; x_wconf 87' lang='lat' dir='ltr'>namque</span> <span class='ocrx_word' id='word_1_262' title='bbox 1366 2543 1540 2582; x_wconf 85' lang='lat' dir='ltr'>flosculos</span> 
     </span>
    </p>

    <p class='ocr_par' dir='ltr' id='par_1_23' title="bbox 1033 2599 1607 2709">
     <span class='ocr_line' id='line_1_84' title="bbox 1033 2599 1607 2647; baseline 0.009 -12"><span class='ocrx_word' id='word_1_263' title='bbox 1033 2599 1113 2636; x_wconf 88' lang='lat' dir='ltr'>Hos</span> <span class='ocrx_word' id='word_1_264' title='bbox 1144 2600 1242 2636; x_wconf 86' lang='lat' dir='ltr'>sicut</span> <span class='ocrx_word' id='word_1_265' title='bbox 1273 2606 1308 2636; x_wconf 89' lang='lat' dir='ltr'>et</span> <span class='ocrx_word' id='word_1_266' title='bbox 1340 2603 1607 2647; x_wconf 87' lang='lat' dir='ltr'>praeambulos</span> 
     </span>
     <span class='ocr_line' id='line_1_85' title="bbox 1090 2655 1592 2709; baseline 0.008 -17"><span class='ocrx_word' id='word_1_267' title='bbox 1090 2655 1281 2702; x_wconf 85' lang='lat' dir='ltr'>Cognosco</span> <span class='ocrx_word' id='word_1_268' title='bbox 1313 2667 1359 2694; x_wconf 78' lang='lat' dir='ltr'>ex</span> <span class='ocrx_word' id='word_1_269' title='bbox 1391 2658 1592 2709; x_wconf 87' lang='lat' dir='ltr'>coloribus,</span> 
     </span>
    </p>

    <p class='ocr_par' dir='ltr' id='par_1_24' title="bbox 1030 2712 1574 2763">
     <span class='ocr_line' id='line_1_86' title="bbox 1030 2712 1574 2763; baseline 0.002 -12"><span class='ocrx_word' id='word_1_270' title='bbox 1030 2712 1093 2751; x_wconf 91' lang='lat' dir='ltr'>Ad</span> <span class='ocrx_word' id='word_1_271' title='bbox 1125 2713 1226 2759; x_wconf 88' lang='lat' dir='ltr'>ipsos</span> <span class='ocrx_word' id='word_1_272' title='bbox 1257 2713 1401 2750; x_wconf 87' lang='lat' dir='ltr'>habeus</span> <span class='ocrx_word' id='word_1_273' title='bbox 1432 2715 1574 2763; x_wconf 85' lang='lat' dir='ltr'>oculos,</span> 
     </span>
    </p>

    <p class='ocr_par' dir='ltr' id='par_1_25' title="bbox 1031 2768 1625 2875">
     <span class='ocr_line' id='line_1_87' title="bbox 1031 2768 1625 2819; baseline 0.008 -14"><span class='ocrx_word' id='word_1_274' title='bbox 1031 2768 1084 2808; x_wconf 83' lang='lat' dir='ltr'>Ut</span> <span class='ocrx_word' id='word_1_275' title='bbox 1115 2769 1327 2806; x_wconf 83' lang='lat' dir='ltr'>discurram</span> <span class='ocrx_word' id='word_1_276' title='bbox 1358 2781 1427 2817; x_wconf 90' lang='lat' dir='ltr'>per</span> <span class='ocrx_word' id='word_1_277' title='bbox 1457 2771 1625 2819; x_wconf 85' lang='lat' dir='ltr'>singulos</span> 
     </span>
     <span class='ocr_line' id='line_1_88' title="bbox 1088 2825 1605 2875; baseline 0.01 -13"><span class='ocrx_word' id='word_1_278' title='bbox 1088 2825 1173 2863; x_wconf 88' lang='lat' dir='ltr'>Non</span> <span class='ocrx_word' id='word_1_279' title='bbox 1205 2827 1375 2874; x_wconf 86' lang='lat' dir='ltr'>exceptis</span> <span class='ocrx_word' id='word_1_280' title='bbox 1406 2827 1605 2875; x_wconf 84' lang='lat' dir='ltr'>aliquibus,</span> 
     </span>
    </p>

    <p class='ocr_par' dir='ltr' id='par_1_26' title="bbox 1416 2891 1461 2925">
     <span class='ocr_line' id='line_1_89' title="bbox 1416 2891 1461 2925; baseline 0.022 -1"><span class='ocrx_word' id='word_1_281' title='bbox 1416 2891 1461 2925; x_wconf 80' lang='lat'>22</span> 
     </span>
    </p>
   </div>
  </div>
 </body>
</html>
