1914 3223
125 300 186 342 13.

126 1074 190 1111 14.

127 1846 191 1884 15.

130 2628 190 2664 16.

738 208 787 213 —
846 185 927 225 :525

220 296 268 341 Ill
300 296 418 341 caelo
450 311 565 347 supra
595 300 832 347 sphaericam

220 358 395 395 Bet-antis
426 357 554 394 mundi
587 355 770 394 fabricam

276 414 483 452 Immobilis
517 414 736 457 dominaris,

219 470 354 508 Sedem
388 476 517 508 tenens
548 470 785 514 theatricam,

220 529 350 564 Aciem
384 532 484 564 tuam
516 525 691 564 bellicam

278 585 334 621 De
365 584 514 621 excelso
546 584 826 633 contemplaris,

221 635 299 678 Nos
331 641 487 689 excitas,
522 652 588 677 nos
620 640 798 689 hortaris,

221 698 274 736 Ut
306 698 355 734 sit
386 702 472 743 toga
504 697 680 734 militaris

277 754 388 791 Prius
419 755 537 790 tincta
561 764 628 800 per
651 753 851 799 rubricam,

220 812 338 858 Quam
371 810 489 847 hostis
520 809 719 847 familiaris

224 867 342 905 Nobis
375 867 484 903 tollat
515 868 589 903 tuis
621 868 719 904 caris

278 924 522 963 Innocenti-ae
555 924 730 963 tunicam.

223 1068 275 1111 Et
305 1071 393 1118 quia
422 1071 503 1107 sinc
534 1071 678 1109 viribus

222 1129 271 1165 Et
303 1128 417 1165 armis
449 1127 685 1173 spiritalibus

278 1184 516 1222 Accessimus
549 1185 595 1221 ad
631 1184 810 1232 duellum,

218 1242 313 1288 Quia
345 1241 458 1278 nullis
490 1241 710 1278 verberibus

223 1299 422 1335 Domatum
455 1298 514 1335 vel
546 1297 757 1335 calcaribus

281 1355 469 1392 Sentimus
502 1355 625 1392 carnis
657 1355 825 1402 asellum,

222 1412 314 1450 Ideo
346 1416 518 1449 sanctum
550 1411 768 1458 scabellum,

221 1470 301 1515 Quo
324 1473 401 1505 stas
423 1468 473 1506 ad
491 1468 696 1506 videndum
714 1468 850 1504 bellum

281 1525 496 1562 Adoramus
529 1536 610 1562 cum
642 1524 806 1570 fletibus,

226 1583 279 1621 Ut
309 1583 508 1629 ipsummet
544 1581 783 1619 domicellum

223 1640 296 1677 Per
326 1639 500 1676 idoneum
533 1638 721 1686 flagellum

280 1695 452 1733 Subicias
483 1696 730 1742 supplicibus.
777 1692 779 1694 ’

856 1499 865 1517 7

224 1840 272 1883 ΙΙΙ
304 1843 430 1884 terra
460 1855 528 1881 nos
560 1848 597 1880 te
629 1844 799 1881 colonum

222 1901 273 1938 Et
303 1901 341 1937 in
374 1901 478 1938 caelo
509 1905 546 1937 te
577 1904 776 1947 patronum

278 1958 498 1995 Animarum
530 1958 789 2005 cognoscimus

221 2015 272 2052 Et
303 2019 339 2051 te
370 2015 492 2052 Deum
522 2015 706 2051 ultionum

220 2072 316 2109 Esse
348 2076 384 2107 et
415 2071 651 2118 punitionum

278 2129 321 2165 In
352 2128 501 2165 inferno
534 2128 744 2176 metuimus,

220 2184 271 2221 Et
300 2184 388 2222 ideo
419 2185 644 2233 requirimus

219 2241 269 2278 Et
303 2241 439 2279 devote
470 2242 680 2279 assistimus

281 2301 490 2335 Antetuum
501 2303 669 2335 sanctum
682 2298 870 2335 thronum.

223 2354 275 2392 Ut
305 2355 426 2403 nobis,
459 2355 523 2402 qui
551 2356 791 2402 peccavimus

224 2410 296 2458 Sis,
328 2416 369 2448 ut
402 2413 448 2449 de
479 2416 515 2448 te
546 2412 834 2459 praesumimus,

278 2468 426 2506 Memor
438 2477 442 2480 ⁴
457 2469 754 2508 miserationum.

226 2624 382 2667 Panem
419 2624 616 2667 nostrum
648 2627 684 2664 in
717 2627 855 2663 sudore

225 2683 460 2721 Vescendum
493 2689 528 2719 et
561 2684 598 2719 in
630 2683 759 2720 labore

279 2740 430 2777 Dedisti
463 2751 484 2777 a
516 2740 704 2786 principio

224 2798 353 2843 Usque
383 2797 517 2837 modo:
551 2797 617 2833 tali
649 2807 752 2833 more

223 2854 310 2899 Ipso
343 2854 462 2890 mixto
493 2864 574 2890 cum
607 2863 777 2890 macrore

282 2909 422 2947 Nostra
454 2909 517 2947 fiat
544 2908 714 2958 refectiQ

940 731 1003 769 17.

946 1504 1010 1541 18.

946 2289 1008 2326 19.

1038 300 1112 338 Sed
1144 310 1189 337 ne
1221 303 1320 344 esset
1351 297 1518 345 fastidio,

1040 357 1244 394 Providisti
1279 357 1325 393 de
1355 357 1430 394 alio

1095 414 1221 460 Longo
1253 414 1344 450 satis
1377 413 1544 464 meliore,

1039 470 1120 507 Hoc
1151 478 1208 507 est
1240 471 1286 507 de
1318 475 1381 507 tuo
1413 470 1503 518 filio,

1038 528 1080 564 In
1113 538 1221 574 quem
1253 527 1361 574 panis
1395 527 1593 564 conversio

1095 584 1157 621 Fit
1189 585 1271 630 ipso
1303 584 1532 621 institutore.

1037 727 1310 770 Cotidianum
1346 730 1508 777 petimus

1038 787 1148 823 Hunc
1179 799 1311 834 panem
1345 794 1381 823 et
1416 787 1643 834 requirimus

1095 844 1244 881 Cotidie
1276 844 1504 891 infigentes,

1039 901 1205 939 Primum
1237 907 1391 938 exactor
1421 900 1622 948 pessimus,

1037 956 1250 994 Secundum
1282 958 1378 1004 petit
1408 958 1556 994 animus

1093 1014 1181 1052 Sine
1212 1014 1294 1061 ipso
1326 1016 1550 1063 morientes;

1040 1071 1165 1108 Primo
1208 1072 1337 1109 vivunt
1367 1081 1496 1108 omnes
1528 1075 1671 1121 gentes,

1037 1127 1110 1165 Sed
1144 1128 1309 1165 secundo
1340 1129 1588 1175 paenitentes,

1092 1186 1188 1231 Quia
1218 1185 1326 1231 panis
1358 1190 1414 1221 est
1447 1196 1624 1235 azymus3

1040 1242 1131 1278 Ideo
1161 1242 1391 1288 accipientes

1038 1298 1147 1335 Omni
1180 1297 1364 1336 fermento
1395 1303 1567 1335 carentes

1096 1355 1247 1392 Debent
1278 1366 1371 1403 esse,
1416 1362 1452 1391 ut
1489 1356 1671 1395 creditur.

1047 1500 1107 1543 Da
1139 1513 1273 1549 panem
1306 1503 1433 1547 istum,
1468 1502 1638 1549 Domine,

1043 1561 1266 1606 Utrumque,
1299 1559 1362 1605 qui
1395 1569 1464 1605 pro
1496 1559 1643 1596 immine

1100 1618 1268 1663 Utroque
1299 1614 1369 1652 fuit
1401 1619 1594 1662 pensatus,

1040 1675 1233 1711 Sustentet
1260 1671 1517 1710 moderamine

1039 1731 1145 1769 Unus
1175 1741 1303 1777 unum,
1335 1730 1401 1766 sed
1433 1729 1586 1766 minime

1096 1787 1185 1824 Fiat
1214 1787 1312 1824 alter
1341 1786 1514 1832 satiatus,

1040 1845 1079 1883 Si
1109 1845 1147 1881 in
1178 1844 1287 1881 nobis
1318 1843 1367 1894 sit
1399 1847 1535 1893 reatus,

1041 1902 1111 1938 l'er
1141 1911 1251 1948 quem
1282 1900 1390 1937 nobis
1422 1900 1474 1936 sis
1504 1901 1636 1945 iratus,

1094 1958 1178 1994 Non
1198 1962 1358 2004 propter
1381 1957 1450 1994 boc
1467 1957 1504 1993 in
1522 1956 1673 1994 turbine

1038 2015 1239 2053 Vindictae
1270 2015 1321 2051 sis
1353 2014 1588 2061 recordatuS,

1038 2072 1112 2109 Sed
1132 2083 1274 2108 memor
1285 2071 1350 2115 sis,
1368 2071 1468 2117 quod
1482 2082 1548 2107 nos
1562 2075 1670 2107 uatus

1095 2128 1197 2165 Tuus
1230 2128 1391 2165 redemit
1422 2127 1617 2174 sanguine.

1041 2283 1170 2326 Nobis
1202 2287 1275 2323 tuis
1307 2286 1538 2333 pauperibus

1044 2346 1083 2380 ln
1115 2345 1238 2381 lacum
1271 2343 1589 2381 descendentibus

1099 2402 1328 2439 Succurrere
1358 2411 1431 2437 non
1463 2400 1601 2447 renuit,

1039 2459 1258 2497 Maceratus
1289 2457 1512 2494 verberibus

1040 2516 1091 2553 Et
1121 2515 1316 2561 perfossus
1350 2513 1568 2550 vulneribus

1097 2572 1169 2608 Pro
1201 2571 1308 2608 nobis
1340 2570 1435 2607 mori
1467 2569 1598 2619 voluit,

1038 2628 1096 2665 Ex
1128 2629 1292 2675 propriis
1324 2638 1364 2664 se
1395 2627 1497 2664 exuit

1041 2686 1089 2722 Et
1123 2685 1248 2730 solvit,
1282 2685 1380 2731 quod
1414 2696 1486 2721 non
1518 2684 1657 2734 rapuit,

1097 2742 1215 2779 Obses
1247 2753 1314 2788 pro
1347 2741 1622 2787 peccatoribus,

1040 2798 1146 2835 Mors
1178 2809 1246 2835 sua
1277 2803 1444 2835 nostram
1477 2797 1600 2843 diluit,

1043 2855 1117 2893 Sed
1149 2855 1342 2901 paenitere
1374 2854 1505 2891 debuit

1099 2912 1174 2948 l’ro
1206 2921 1281 2949 tam
1314 2911 1411 2948 caris
1442 2910 1632 2958 operibuS.
