2031 3289
953 194 1007 199 —
1070 171 1148 211 162
1207 194 1257 199 —

449 285 500 321 55
534 283 664 320 Turba
695 283 887 320 Saturnini
918 284 1019 320 venit
1051 284 1108 320 his
1139 284 1283 321 sociata
1313 284 1427 334 beati,

589 341 705 386 Quam
739 350 831 376 crux
864 343 901 376 et
931 341 1026 377 rami
1058 341 1138 377 laus
1169 345 1206 376 et
1235 341 1394 377 adornat
1426 352 1556 379 ovans.

534 395 597 439 Et,
630 396 755 442 Petre,
788 395 883 432 cella
914 400 977 433 tuo
1009 397 1173 434 vocitata
1204 407 1223 432 e
1253 398 1403 433 nomine
1434 402 1578 446 sancto,

591 453 690 498 Quos
721 451 813 501 quit,
846 453 895 489 ad
926 453 998 490 hoc
1029 453 1182 490 laudum
1215 453 1365 490 mittere
1396 454 1512 500 gestis
1543 465 1651 500 opus.
1688 495 1693 500 ,

535 507 687 554 Sergius
719 512 757 543 et
785 509 961 555 proprios
992 515 1138 557 martyr
1168 511 1406 546 venerandus
1437 510 1606 547 alumnos

449 566 501 602 60
591 563 713 600 Mittit
744 563 794 601 ad
825 564 941 601 officii
973 569 1078 612 gesta
1109 565 1221 602 beata
1250 565 1317 612 pii.

533 620 603 657 His
634 624 712 666 tua,
744 620 911 670 Maurili,
947 622 1197 668 coniungitur,
1229 622 1339 667 alme,
1373 626 1524 659 caterva

587 677 638 713 Et
669 687 793 726 prece,
824 678 949 723 laude,
980 688 1072 715 sono
1103 679 1158 714 sic
1188 678 1252 724 pia
1282 684 1370 714 vota
1401 679 1515 714 canit.

532 732 697 770 Tardior
725 734 866 771 Aniani
897 746 970 771 non
1003 734 1119 771 currit
1153 734 1264 771 turba
1295 734 1409 779 beati,

588 789 687 826 Istas
718 797 759 825 ut
788 791 921 828 laudes
952 801 1019 828 rex
1050 791 1121 827 tibi
1153 791 1302 828 Christe
1334 795 1456 827 canat.

447 847 498 883 65
532 845 722 891 Plebsque
753 845 972 884 salutiferae
1003 847 1194 893 procurrit
1223 847 1270 883 ab
1302 847 1397 883 aede
1428 847 1586 893 Mariae,

587 902 673 938 Huc
704 913 813 948 quam
846 904 1056 940 transmisit
1087 914 1194 951 ponS‚
1227 903 1431 951 Meduana,
1464 907 1562 943 tuus.

532 958 645 995 Plebs
677 969 822 1006 quoque
852 959 1031 997 Germani
1063 960 1166 996 venit
1197 959 1268 996 huc
1302 961 1348 996 de
1378 959 1469 996 sede
1500 960 1612 1007 beati,

589 1015 780 1052 Praesulis
812 1016 940 1053 eximii
972 1015 1239 1062 pontificisque
1267 1016 1336 1053 sui.

535 1070 772 1119 scandimus,
806 1083 863 1115 en,
896 1077 1067 1109 sanctum
1099 1073 1299 1110 Michaelis
1330 1072 1379 1109 ad
1410 1072 1508 1108 atria
1540 1073 1690 1121 clivum,

450 1129 498 1165 70
590 1127 753 1176 Christe,
785 1134 871 1165 tuus
903 1129 1024 1166 dulcis
1055 1140 1123 1165 nos
1153 1129 1218 1165 ubi
1248 1129 1369 1176 iungit
1398 1139 1517 1169 amor.

532 1184 612 1229 Quo
643 1195 711 1220 sua
740 1184 911 1232 pontifici
942 1186 1118 1232 iungatur
1147 1186 1260 1222 turba
1290 1185 1465 1233 benigno,

587 1241 623 1278 A
655 1242 779 1289 capite
809 1247 847 1278 et
877 1242 1055 1278 membris
1086 1242 1167 1278 laus
1198 1246 1306 1278 sonet
1335 1242 1409 1278 ista
1440 1241 1533 1280 Deo.

534 1297 635 1334 Hinc
665 1298 728 1344 pia
759 1299 931 1335 Mauritii
963 1300 1155 1335 veniamus
1186 1299 1234 1335 ad
1268 1298 1364 1335 atria
1394 1300 1527 1347 sancti,

588 1354 668 1399 Quo
699 1355 810 1391 simul
842 1359 877 1391 et
908 1355 1062 1392 laudum
1094 1359 1129 1390 et
1163 1366 1233 1391 vox
1265 1359 1372 1391 sonet
1402 1355 1476 1392 ista
1504 1365 1674 1401 precum.

449 1411 498 1448 75
534 1411 618 1447 Illic
650 1415 685 1447 et
716 1412 837 1448 titulis
869 1422 936 1448 nos
966 1415 1088 1448 mater
1120 1411 1273 1458 colligat
1302 1423 1389 1459 una,

591 1468 695 1513 Quae
727 1472 838 1514 caput
869 1472 906 1504 et
935 1468 1126 1514 specimen
1158 1468 1267 1504 istius
1298 1468 1403 1504 urbis
1434 1467 1561 1506 habet.

532 1523 675 1560 Nostra
705 1524 768 1561 ubi
799 1535 867 1561 nos
900 1535 993 1571 prex
1025 1529 1062 1560 et
1093 1524 1307 1560 benedictio
1339 1524 1527 1570 praesulis
1557 1529 1667 1561 ornet

590 1580 682 1618 Cum
713 1581 826 1618 laude
856 1592 901 1618 ac
930 1581 1056 1618 mittat
1086 1581 1135 1617 ad
1167 1591 1234 1617 sua
1265 1591 1448 1627 quemque
1479 1581 1574 1618 loca.

422 1669 550 1700 Pontis.
577 1680 638 1700 ms.
664 1670 889 1702 Pictaviense
915 1680 1005 1702 saec.
1031 1668 1062 1702 8.
1104 1669 1186 1701 Cod.
1214 1670 1364 1700 Parisin.
1381 1671 1502 1701 Arsen.
1530 1667 1607 1702 227.
1627 1670 1665 1700 A.
1693 1686 1733 1691 —-
1753 1669 1895 1702 Collect.

331 1724 396 1745 ms.
431 1714 662 1756 Sangallense
695 1725 784 1746 saec.
818 1713 849 1746 9.
899 1716 981 1747 Cod.
1017 1715 1217 1757 Sangallen.
1250 1711 1326 1746 899.
1359 1716 1398 1746 Β.
1425 1733 1467 1737 -
1499 1716 1602 1757 Trop.
1635 1726 1695 1746 mS.
1722 1716 1894 1757 Aug-iense

332 1770 422 1791 saec.
451 1757 502 1791 10.
545 1760 628 1791 Cod.
654 1761 880 1802 Bainbergen.
910 1761 964 1792 Ed
990 1761 1020 1791 V
1044 1758 1075 1791 9.
1105 1761 1141 1792 C.
1170 1776 1211 1781 -
1235 1761 1338 1801 Trop.
1365 1771 1427 1792 ms.
1454 1761 1710 1801 Bambergense
1736 1771 1824 1793 saec.
1845 1759 1894 1793 10.

332 1805 416 1837 Cod.
452 1806 678 1847 Bambergen.
711 1805 776 1837 Ed.
802 1807 855 1838 III
888 1804 919 1837 7.
951 1807 994 1838 D.
1028 1824 1070 1828 -—
1101 1806 1206 1846 Trop.
1241 1816 1302 1836 ms.
1336 1806 1564 1838 Martialense
1597 1816 1685 1837 saec.
1715 1805 1766 1838 10.
1813 1805 1893 1838 Cod.

332 1851 484 1882 Parisin.
519 1848 615 1882 1240.
649 1851 690 1882 E.
725 1870 766 1873 —
800 1852 869 1883 Rit.
901 1855 937 1883 et
970 1852 1124 1883 Sacram.
1156 1861 1218 1881 ms.
1254 1853 1288 1882 S.
1321 1851 1455 1883 Albani
1487 1851 1686 1893 Maguntini
1719 1861 1807 1883 saec.
1844 1849 1893 1883 10.

331 1895 413 1928 Cod.
441 1896 686 1927 Vindobonen.
714 1893 810 1928 1888.
836 1897 874 1928 F.
903 1914 942 1918 -
967 1897 1070 1937 Trop.
1096 1907 1159 1927 ms.
1185 1896 1220 1927 S.
1245 1895 1439 1937 Martini(‘?j
1471 1897 1692 1929 Lemovicen.
1728 1907 1815 1929 saec.
1843 1894 1893 1928 11.

330 1942 379 1972 in.
428 1941 511 1973 Cod.
544 1941 695 1972 Parisin.
734 1939 831 1973 1120.
864 1942 903 1974 G.
938 1960 981 1964 —
1014 1942 1117 1982 Trop.
1152 1951 1213 1972 ωε.
1250 1942 1479 1981 Sangallense
1511 1952 1599 1973 saec.
1637 1940 1686 1973 11.
1717 1943 1764 1974 in.
1811 1941 1893 1974 Cod.

330 1986 530 2028 Sangallen.
557 1984 632 2018 376.
660 1988 704 2018 H.
730 2004 775 2008 —-
798 1988 902 2029 Trop.
927 1998 991 2018 ms.
1009 1987 1260 2018 Lemovicense
1286 1997 1375 2019 saec.
1396 1985 1447 2018 11.
1490 1987 1573 2019 Cod.
1599 1988 1749 2018 I'arisin.
1767 1984 1841 2019 903.
1866 1987 1892 2019 Ι.

329 2049 372 2054 -
396 2032 501 2064 Grad.
534 2042 596 2062 mS.
623 2033 872 2065 Cameracense
910 2043 999 2064 saec.
1030 2031 1080 2063 11.
1130 2030 1212 2064 Cod.
1239 2032 1460 2064 Cameracen.
1488 2031 1530 2063 79
1553 2030 1631 2072 (78).
1657 2033 1699 2064 K.
1723 2049 1767 2054 —
1790 2032 1893 2065 Grad.

331 2088 393 2108 ms.
426 2077 656 2108 Vedastinum
690 2088 780 2109 saec.
816 2076 868 2109 11.
918 2078 1001 2110 Cod.
1035 2078 1257 2109 Cameracen.
1293 2075 1334 2109 76
1367 2076 1446 2118 (75).
1478 2078 1519 2108 L.
1551 2096 1596 2100 —
1629 2077 1711 2109 Cod.
1743 2078 1892 2110 Parisin.

329 2120 429 2154 8319.
455 2132 544 2153 saec.
579 2121 631 2153 11.
657 2124 703 2154 Μ.
729 2139 771 2144 -
804 2124 906 2165 Trop.
940 2134 1002 2155 ms.
1028 2122 1310 2154 Emmeramense
1344 2133 1433 2154 saec.
1470 2121 1553 2153 ¹¹52.
1603 2123 1689 2155 Clm.
1714 2123 1892 2155 Monacen.

332 2166 374 2198 14
385 2164 462 2199 083.
488 2168 530 2199 N.
557 2185 597 2190 —-
632 2168 736 2209 Trop.
769 2179 832 2200 ms.
856 2169 1085 2200 Martialense
1120 2178 1210 2199 saec.
1245 2166 1330 2199 ¹¹l12.
1380 2168 1463 2200 eod.
1489 2169 1636 2199 Pal-isin.
1665 2165 1761 2200 1136.
1786 2167 1826 2200 O.
1849 2185 1894 2191 —

329 2213 434 2245 Grad.
468 2223 531 2244 ms.
558 2217 591 2245 δ.
619 2213 712 2244 Petri
738 2214 977 2255 Salisburgen.
1010 2223 1100 2246 saec.
1135 2211 1186 2244 12.
1221 2214 1267 2244 in.
1318 2213 1400 2245 Cod.
1424 2214 1555 2246 Petrin.
1588 2223 1608 2245 a
1633 2214 1702 2245 XII
1733 2211 1763 2245 7.
1787 2213 1824 2244 P.
1849 2229 1892 2234 —

330 2258 435 2299 Trop.
468 2269 531 2289 ms.
558 2258 592 2290 S.
619 2259 791 2300 Arnulphi
817 2260 945 2290 Meten.
981 2268 1070 2291 saec.
1108 2256 1158 2290 12.
1185 2259 1233 2289 in.
1253 2271 1261 2283 ·
1284 2258 1365 2290 Cod.
1391 2259 1518 2291 Meten.
1544 2256 1622 2290 452.
1649 2259 1688 2298 Q.
1715 2277 1757 2281 —
1788 2258 1891 2299 Trop.

332 2314 393 2334 ms,
413 2303 671 2344 Epternacense
697 2314 787 2335 saec.
815 2302 866 2336 12.
901 2304 984 2337 Cod.
1003 2305 1153 2336 Pal-isin.
1175 2301 1298 2336 10510.
1316 2305 1358 2336 R.
1375 2322 1419 2325 —
1436 2304 1540 2337 Grad.
1567 2314 1627 2335 ms.
1646 2304 1892 2337 Cameracense

329 2359 419 2380 saec.
449 2346 497 2380 12.
547 2350 630 2381 Cod.
656 2350 878 2382 Cameracen.
907 2348 947 2381 61
974 2347 1053 2389 (60).
1080 2349 1115 2381 S.
1140 2366 1183 2370 ——
1217 2349 1371 2381 Process.
1398 2360 1459 2381 ms.
1486 2349 1699 2381 Bcnedictin.
1724 2358 1813 2381 saec.
1841 2345 1891 2380 13.

329 2394 412 2426 Cod.
450 2395 609 2425 Vatican.
643 2392 743 2426 4750.
777 2395 816 2426 T.
850 2412 894 2416 —-
930 2395 1032 2427 Grad.
1071 2404 1133 2425 ms.
1171 2394 1418 2436 Aquilegiense
1456 2405 1544 2426 saecu
1581 2393 1631 2426 13.
1688 2394 1770 2426 Cod.
1803 2392 1891 2426 Bibl.

329 2439 490 2480 Archiep.
528 2440 669 2471 Utinen.
707 2441 781 2472 Oet.
820 2439 850 2471 2.
888 2441 932 2473 U.
969 2458 1013 2462 —
1054 2439 1157 2471 Grad.
1194 2450 1256 2471 ms.
1294 2438 1498 2472 Mellicense
1535 2449 1624 2471 saec.
1663 2436 1749 2471 1ΒΖΗ.
1808 2437 1891 2471 Cod.

329 2485 502 2516 Mellicen.
532 2483 624 2517 1056.
654 2486 694 2516 V.

421 2530 471 2561 Es
496 2529 673 2562 enthalten
699 2530 754 2562 die
780 2531 902 2562 Verse:
932 2528 947 2561 1
976 2530 1030 2561 bis
1055 2527 1113 2568 40,
1137 2527 1180 2561 53
1204 2541 1236 2562 u.
1264 2532 1295 2566 f.‚
1323 2529 1365 2562 75
1392 2531 1445 2561 bis
1472 2528 1514 2561 78
1531 2530 1580 2568 (ἒς
1608 2528 1622 2560 1
1645 2529 1696 2561 bis
1712 2526 1756 2560 36
1773 2527 1890 2567 AEM;

332 2573 347 2606 1
374 2577 428 2607 bis
458 2574 506 2613 14,
533 2573 573 2606 21
602 2587 634 2607 ιι.
660 2576 680 2607 f.
708 2577 741 2615 13
770 2574 784 2607 1
813 2577 866 2607 bis
893 2574 935 2607 14
952 2575 1031 2615 οφ
1061 2574 1075 2606 1
1103 2576 1157 2608 bis
1188 2574 1230 2607 12
1248 2575 1614 2614 130D1²1⁷1NPRTUV;
1644 2572 1659 2604 1
1687 2574 1740 2605 bis
1759 2570 1800 2604 10
1818 2572 1888 2612 KS3

332 2619 345 2651 1
376 2622 428 2651 bis
453 2618 473 2652 8
498 2621 537 2652 L.
575 2621 648 2652 Das
673 2631 782 2662 ganzo
801 2621 958 2659 Gedieht,
984 2622 1049 2652 wie
1074 2631 1110 2652 es
1135 2621 1294 2663 vorliegt,
1322 2621 1459 2653 konnen
1484 2622 1547 2651 wir
1568 2630 1633 2651 nur
1650 2629 1711 2651 aus
1728 2618 1788 2650 der
1804 2618 1889 2648 Aus-

353 2667 416 2697 abe
438 2665 618 2697 Sirmonds
634 2667 748 2703 (Paris
779 2665 887 2707 1646),
913 2676 976 2698 aus
1001 2666 1061 2698 der
1087 2677 1123 2698 es
1149 2667 1205 2698 bei
1223 2667 1414 2702 Di'unniler.
1442 2666 1569 2697 Poetae
1586 2665 1671 2697 Aevi
1690 2663 1843 2696 Carolini
1861 2661 1888 2701 1,

329 2677 396 2742 {58
422 2711 623 2742 wiederholt
650 2713 703 2743 ist.

419 2754 439 2786 :3
465 2766 523 2787 rex
550 2757 633 2787 fehlt
660 2758 713 2796 M3
741 2757 848 2799 prolis
873 2757 912 2788 T.
939 2774 983 2778 —
1015 2755 1036 2787 4
1062 2757 1213 2788 Domine
1238 2758 1299 2799 qui
1324 2758 1360 2788 in
1387 2757 1436 2794 U3
1464 2757 1498 2787 in
1524 2754 1609 2787 fehlt
1632 2754 1678 2793 A;
1704 2763 1762 2786 rex
1787 2753 1887 2784 bene-

329 2801 442 2832 dictus
468 2802 494 2833 1.
521 2819 564 2822 —
597 2801 616 2832 5
648 2803 795 2834 caelitus
821 2802 1085 2834 EGNORSTU.
1111 2819 1155 2823 —
1188 2801 1208 2833 5
1234 2813 1284 2844 sq.
1317 2801 1386 2833 und
1412 2800 1430 2832 7
1457 2811 1507 2842 sq.
1541 2799 1738 2842 nmgestellt
1760 2798 1821 2830 IN.
1844 2813 1887 2818 —

330 2844 351 2877 6
385 2850 418 2877 ot
451 2846 535 2877 fehlt
562 2847 634 2884 AQ.
663 2865 702 2867 —
738 2846 757 2878 7
783 2848 921 2879 obviam
948 2848 990 2879 U.
1021 2865 1058 2868 —
1093 2845 1114 2879 8
1148 2848 1266 2889 hymni
1300 2848 1333 2880 1:
1361 2858 1444 2878 voce
1470 2846 1607 2887 hymnis
1634 2845 1674 2878 U.
1701 2861 1744 2866 —
1776 2841 1796 2875 9
1820 2842 1888 2874 Hie

332 2892 396 2922 tibi
424 2892 502 2931 KR3
535 2893 570 2923 Si
601 2893 663 2923 tibi
691 2893 738 2934 G3
764 2892 924 2924 solvebat
949 2894 996 2931 R;
1022 2902 1165 2924 munera
1191 2892 1304 2924 laudis
1327 2893 1372 2923 M.
1391 2909 1435 2914 —
1459 2890 1479 2923 9
1505 2902 1554 2932 sq.
1581 2889 1649 2921 und
1678 2887 1718 2922 10
1741 2899 1790 2930 sq.
1816 2897 1886 2918 um-

1995 1674 2022 1848 ἒ

1993 1850 2019 2134 ξ

1995 2252 2011 2340 l

1999 2347 2010 2433 ξ

2001 2436 2008 2465 δ

1922 2442 2007 2644 -lf

1960 2625 1964 2686 s

1956 2691 1963 2798 ἔ

1949 2808 1959 3051 ‚³

1942 3070 1999 3289 ll
