<?xml version="1.0" encoding="UTF-8"?>
<!DOCTYPE html PUBLIC "-//W3C//DTD XHTML 1.0 Transitional//EN"
    "http://www.w3.org/TR/xhtml1/DTD/xhtml1-transitional.dtd">
<html xmlns="http://www.w3.org/1999/xhtml" xml:lang="en" lang="en">
 <head>
  <title>
</title>
<meta http-equiv="Content-Type" content="text/html;charset=utf-8" />
  <meta name='ocr-system' content='tesseract 3.04.00' />
  <meta name='ocr-capabilities' content='ocr_page ocr_carea ocr_par ocr_line ocrx_word'/>
</head>
<body>
  <div class='ocr_page' id='page_1' title='image "./hymnographilatin01drevuoft_0105.png"; bbox 0 0 1914 3223; ppageno 0'>
   <div class='ocr_carea' id='block_1_1' title="bbox 753 142 1038 181">
    <p class='ocr_par' dir='ltr' id='par_1_1' title="bbox 753 142 1038 181">
     <span class='ocr_line' id='line_1_1' title="bbox 753 142 1038 181; baseline 0 -11"><span class='ocrx_word' id='word_1_1' title='bbox 753 142 1038 181; x_wconf 71' lang='lat'>—99—</span> 
     </span>
    </p>
   </div>
   <div class='ocr_carea' id='block_1_2' title="bbox 115 252 1677 669">
    <p class='ocr_par' dir='ltr' id='par_1_2' title="bbox 115 252 1677 469">
     <span class='ocr_line' id='line_1_2' title="bbox 118 252 1673 296; baseline -0.005 -8"><span class='ocrx_word' id='word_1_2' title='bbox 118 256 184 289; x_wconf 82' lang='lat' dir='ltr'><strong>Str.</strong></span> <span class='ocrx_word' id='word_1_3' title='bbox 215 252 348 287; x_wconf 82' lang='lat'>27--33</span> <span class='ocrx_word' id='word_1_4' title='bbox 384 254 462 286; x_wconf 83' lang='lat' dir='ltr'><strong>incl.</strong></span> <span class='ocrx_word' id='word_1_5' title='bbox 496 254 609 286; x_wconf 88' lang='lat' dir='ltr'><strong>fehlen</strong></span> <span class='ocrx_word' id='word_1_6' title='bbox 634 256 671 287; x_wconf 89' lang='lat' dir='ltr'><strong>C.</strong></span> <span class='ocrx_word' id='word_1_7' title='bbox 711 273 745 278; x_wconf 60' lang='lat'><strong>&gt;--</strong></span> <span class='ocrx_word' id='word_1_8' title='bbox 778 252 840 292; x_wconf 69' lang='lat'><strong>32,</strong></span> <span class='ocrx_word' id='word_1_9' title='bbox 880 253 892 286; x_wconf 96' lang='lat' dir='ltr'><strong>l</strong></span> <span class='ocrx_word' id='word_1_10' title='bbox 930 266 979 296; x_wconf 78' lang='lat' dir='ltr'><strong>sq.</strong></span> <span class='ocrx_word' id='word_1_11' title='bbox 1013 255 1064 286; x_wconf 75' lang='lat' dir='ltr'><strong>&#39;l&#39;u</strong></span> <span class='ocrx_word' id='word_1_12' title='bbox 1098 254 1274 286; x_wconf 78' lang='lat' dir='ltr'><strong>confessor</strong></span> <span class='ocrx_word' id='word_1_13' title='bbox 1307 253 1506 291; x_wconf 75' lang='lat' dir='ltr'><strong>mitissime,</strong></span> <span class='ocrx_word' id='word_1_14' title='bbox 1544 252 1673 289; x_wconf 82' lang='lat' dir='ltr'>Victor,</span> 
     </span>
     <span class='ocr_line' id='line_1_3' title="bbox 121 295 1671 344; baseline -0.004 -11"><span class='ocrx_word' id='word_1_15' title='bbox 121 301 316 344; x_wconf 76' lang='lat' dir='ltr'><strong>praeclarus</strong></span> <span class='ocrx_word' id='word_1_16' title='bbox 350 301 488 331; x_wconf 80' lang='lat' dir='ltr'><strong>nominc</strong></span> <span class='ocrx_word' id='word_1_17' title='bbox 515 300 556 331; x_wconf 88' lang='lat' dir='ltr'><strong>l).</strong></span> <span class='ocrx_word' id='word_1_18' title='bbox 590 317 632 321; x_wconf 70' lang='lat'>—</span> <span class='ocrx_word' id='word_1_19' title='bbox 667 300 733 330; x_wconf 82' lang='lat' dir='ltr'><strong>Str.</strong></span> <span class='ocrx_word' id='word_1_20' title='bbox 764 298 816 331; x_wconf 80' lang='grc'><strong>39.</strong></span> <span class='ocrx_word' id='word_1_21' title='bbox 853 300 935 331; x_wconf 63' lang='lat' dir='ltr'><strong>fehlt</strong></span> <span class='ocrx_word' id='word_1_22' title='bbox 963 301 1002 331; x_wconf 91' lang='grc'><strong>1).</strong></span> <span class='ocrx_word' id='word_1_23' title='bbox 1036 318 1076 320; x_wconf 42' lang='grc' dir='ltr'><strong>ν-</strong></span> <span class='ocrx_word' id='word_1_24' title='bbox 1109 299 1169 334; x_wconf 73' lang='lat'><strong>35.</strong></span> <span class='ocrx_word' id='word_1_25' title='bbox 1202 296 1222 330; x_wconf 82' lang='lat'><strong>&#39;2</strong></span> <span class='ocrx_word' id='word_1_26' title='bbox 1247 298 1404 330; x_wconf 68' lang='lat' dir='ltr'><strong>carbon«-</strong></span> <span class='ocrx_word' id='word_1_27' title='bbox 1430 299 1466 329; x_wconf 57' lang='grc' dir='ltr'><strong>Ε.</strong></span> <span class='ocrx_word' id='word_1_28' title='bbox 1495 315 1530 317; x_wconf 34' lang='grc' dir='ltr'><strong>ἢν</strong></span> <span class='ocrx_word' id='word_1_29' title='bbox 1561 295 1620 334; x_wconf 68' lang='lat'><strong>53⁴3,</strong></span> <span class='ocrx_word' id='word_1_30' title='bbox 1659 295 1671 327; x_wconf 90' lang='lat' dir='ltr'><strong>l</strong></span> 
     </span>
     <span class='ocr_line' id='line_1_4' title="bbox 115 341 1672 391; baseline -0.004 -13"><span class='ocrx_word' id='word_1_31' title='bbox 115 350 278 391; x_wconf 82' lang='lat' dir='ltr'><strong>protinax</strong></span> <span class='ocrx_word' id='word_1_32' title='bbox 303 348 340 378; x_wconf 77' lang='lat' dir='ltr'><strong>C.</strong></span> <span class='ocrx_word' id='word_1_33' title='bbox 363 363 406 366; x_wconf 75' lang='lat'><strong>—-</strong></span> <span class='ocrx_word' id='word_1_34' title='bbox 430 342 493 384; x_wconf 73' lang='grc'>38,</span> <span class='ocrx_word' id='word_1_35' title='bbox 527 343 547 376; x_wconf 82' lang='lat'><strong>3</strong></span> <span class='ocrx_word' id='word_1_36' title='bbox 573 347 620 376; x_wconf 73' lang='lat' dir='ltr'><strong>Ca</strong></span> <span class='ocrx_word' id='word_1_37' title='bbox 639 349 685 376; x_wconf 79' lang='lat' dir='ltr'><strong>»ut</strong></span> <span class='ocrx_word' id='word_1_38' title='bbox 711 355 814 386; x_wconf 82' lang='lat' dir='ltr'><strong>super</strong></span> <span class='ocrx_word' id='word_1_39' title='bbox 839 345 1003 377; x_wconf 70' lang='lat' dir='ltr'><strong>ecclesian</strong></span> <span class='ocrx_word' id='word_1_40' title='bbox 1030 348 1066 377; x_wconf 62' lang='grc' dir='ltr'><strong>(ἶ.</strong></span> <span class='ocrx_word' id='word_1_41' title='bbox 1095 361 1136 366; x_wconf 97' lang='grc'>-</span> <span class='ocrx_word' id='word_1_42' title='bbox 1160 342 1223 381; x_wconf 66' lang='grc'>38,</span> <span class='ocrx_word' id='word_1_43' title='bbox 1251 342 1273 375; x_wconf 89' lang='grc'>4</span> <span class='ocrx_word' id='word_1_44' title='bbox 1299 344 1411 384; x_wconf 77' lang='lat' dir='ltr'><strong>recipe</strong></span> <span class='ocrx_word' id='word_1_45' title='bbox 1437 344 1474 374; x_wconf 74' lang='lat' dir='ltr'><strong>C.</strong></span> <span class='ocrx_word' id='word_1_46' title='bbox 1502 361 1508 363; x_wconf 97' lang='lat'><strong>--</strong></span> <span class='ocrx_word' id='word_1_47' title='bbox 1529 361 1541 363; x_wconf 72' lang='lat'><strong>—-</strong></span> <span class='ocrx_word' id='word_1_48' title='bbox 1567 341 1630 379; x_wconf 71' lang='lat'><strong>239,</strong></span> <span class='ocrx_word' id='word_1_49' title='bbox 1660 341 1672 372; x_wconf 93' lang='lat' dir='ltr'><strong>l</strong></span> 
     </span>
     <span class='ocr_line' id='line_1_5' title="bbox 120 386 1677 431; baseline -0.004 -7"><span class='ocrx_word' id='word_1_50' title='bbox 120 393 159 424; x_wconf 90' lang='lat' dir='ltr'><strong>Iu</strong></span> <span class='ocrx_word' id='word_1_51' title='bbox 185 392 260 423; x_wconf 84' lang='lat' dir='ltr'><strong>loco</strong></span> <span class='ocrx_word' id='word_1_52' title='bbox 287 391 378 423; x_wconf 83' lang='lat' dir='ltr'><strong>Petri</strong></span> <span class='ocrx_word' id='word_1_53' title='bbox 405 392 442 422; x_wconf 83' lang='lat' dir='ltr'><strong>C.</strong></span> <span class='ocrx_word' id='word_1_54' title='bbox 468 407 510 412; x_wconf 94' lang='lat'>—</span> <span class='ocrx_word' id='word_1_55' title='bbox 535 387 597 428; x_wconf 86' lang='lat'><strong>42,</strong></span> <span class='ocrx_word' id='word_1_56' title='bbox 623 391 630 403; x_wconf 81' lang='lat'><strong>¹</strong></span> <span class='ocrx_word' id='word_1_57' title='bbox 670 391 805 422; x_wconf 84' lang='lat' dir='ltr'>Virtute</span> <span class='ocrx_word' id='word_1_58' title='bbox 831 392 867 422; x_wconf 76' lang='lat' dir='ltr'><strong>C.</strong></span> <span class='ocrx_word' id='word_1_59' title='bbox 896 409 936 413; x_wconf 86' lang='lat'><em>-</em></span> <span class='ocrx_word' id='word_1_60' title='bbox 962 389 1020 428; x_wconf 74' lang='grc'>42,</span> <span class='ocrx_word' id='word_1_61' title='bbox 1047 389 1068 421; x_wconf 71' lang='grc'><strong><em>3</em></strong></span> <span class='ocrx_word' id='word_1_62' title='bbox 1094 391 1160 431; x_wconf 81' lang='lat' dir='ltr'><strong>Qui</strong></span> <span class='ocrx_word' id='word_1_63' title='bbox 1186 390 1294 422; x_wconf 82' lang='lat' dir='ltr'><strong>vestis</strong></span> <span class='ocrx_word' id='word_1_64' title='bbox 1319 391 1356 421; x_wconf 82' lang='lat' dir='ltr'><strong>C.</strong></span> <span class='ocrx_word' id='word_1_65' title='bbox 1381 406 1425 410; x_wconf 84' lang='lat'><strong>——-</strong></span> <span class='ocrx_word' id='word_1_66' title='bbox 1448 386 1512 427; x_wconf 79' lang='lat'><strong>43,</strong></span> <span class='ocrx_word' id='word_1_67' title='bbox 1536 387 1557 419; x_wconf 89' lang='lat'>4</span> <span class='ocrx_word' id='word_1_68' title='bbox 1583 388 1677 419; x_wconf 75' lang='lat' dir='ltr'><strong>Utl&#39;er</strong></span> 
     </span>
     <span class='ocr_line' id='line_1_6' title="bbox 121 433 589 469; baseline -0.002 -1"><span class='ocrx_word' id='word_1_69' title='bbox 121 440 157 469; x_wconf 85' lang='lat' dir='ltr'><strong>tu</strong></span> <span class='ocrx_word' id='word_1_70' title='bbox 182 439 218 469; x_wconf 79' lang='lat' dir='ltr'><strong>C.</strong></span> <span class='ocrx_word' id='word_1_71' title='bbox 245 456 284 460; x_wconf 88' lang='lat'><strong>--</strong></span> <span class='ocrx_word' id='word_1_72' title='bbox 312 435 408 469; x_wconf 79' lang='lat' dir='ltr'><strong>Nach</strong></span> <span class='ocrx_word' id='word_1_73' title='bbox 435 438 503 468; x_wconf 69' lang='lat' dir='ltr'><strong>Str.</strong></span> <span class='ocrx_word' id='word_1_74' title='bbox 527 433 589 467; x_wconf 77' lang='lat'><strong>43:</strong></span> 
     </span>
    </p>

    <p class='ocr_par' dir='ltr' id='par_1_3' title="bbox 635 492 1003 533">
     <span class='ocr_line' id='line_1_7' title="bbox 635 492 1003 533; baseline 0 -10"><span class='ocrx_word' id='word_1_75' title='bbox 635 492 847 533; x_wconf 72' lang='lat' dir='ltr'><strong>Martyrialis</strong></span> <span class='ocrx_word' id='word_1_76' title='bbox 874 492 1003 530; x_wconf 82' lang='lat' dir='ltr'><strong>laurea,</strong></span> 
     </span>
    </p>

    <p class='ocr_par' dir='ltr' id='par_1_4' title="bbox 638 538 1065 579">
     <span class='ocr_line' id='line_1_8' title="bbox 638 538 1065 579; baseline 0 -11"><span class='ocrx_word' id='word_1_77' title='bbox 638 538 744 568; x_wconf 81' lang='lat' dir='ltr'><strong>Cocta</strong></span> <span class='ocrx_word' id='word_1_78' title='bbox 769 538 857 569; x_wconf 79' lang='lat' dir='ltr'><strong>rosis</strong></span> <span class='ocrx_word' id='word_1_79' title='bbox 883 547 1065 579; x_wconf 82' lang='lat' dir='ltr'><strong>purpurea,</strong></span> 
     </span>
    </p>

    <p class='ocr_par' dir='ltr' id='par_1_5' title="bbox 638 583 1087 624">
     <span class='ocr_line' id='line_1_9' title="bbox 638 583 1087 624; baseline -0.004 -10"><span class='ocrx_word' id='word_1_80' title='bbox 638 583 665 614; x_wconf 81' lang='lat' dir='ltr'><strong>A</strong></span> <span class='ocrx_word' id='word_1_81' title='bbox 693 584 823 624; x_wconf 84' lang='lat' dir='ltr'><strong>pcccati</strong></span> <span class='ocrx_word' id='word_1_82' title='bbox 851 593 903 614; x_wconf 91' lang='grc'>1110</span> <span class='ocrx_word' id='word_1_83' title='bbox 930 583 1087 614; x_wconf 71' lang='lat' dir='ltr'><strong>sordibus</strong></span> 
     </span>
    </p>

    <p class='ocr_par' dir='ltr' id='par_1_6' title="bbox 638 628 1185 669">
     <span class='ocr_line' id='line_1_10' title="bbox 638 628 1185 669; baseline -0.002 -10"><span class='ocrx_word' id='word_1_84' title='bbox 638 628 775 659; x_wconf 78' lang='lat' dir='ltr'><strong>Sanctis</strong></span> <span class='ocrx_word' id='word_1_85' title='bbox 801 628 990 667; x_wconf 82' lang='lat' dir='ltr'><strong>emunda(r)</strong></span> <span class='ocrx_word' id='word_1_86' title='bbox 1016 628 1185 669; x_wconf 77' lang='lat' dir='ltr'><strong>precibus,</strong></span> 
     </span>
    </p>
   </div>
   <div class='ocr_carea' id='block_1_3' title="bbox 121 716 1679 979">
    <p class='ocr_par' dir='ltr' id='par_1_7' title="bbox 121 716 1679 979">
     <span class='ocr_line' id='line_1_11' title="bbox 121 716 1672 758; baseline -0.003 -7"><span class='ocrx_word' id='word_1_87' title='bbox 121 718 183 758; x_wconf 82' lang='grc'>44,</span> <span class='ocrx_word' id='word_1_88' title='bbox 217 717 238 751; x_wconf 84' lang='grc'><strong>3</strong></span> <span class='ocrx_word' id='word_1_89' title='bbox 272 721 347 751; x_wconf 81' lang='lat' dir='ltr'><strong>lloc</strong></span> <span class='ocrx_word' id='word_1_90' title='bbox 380 720 535 751; x_wconf 80' lang='lat' dir='ltr'><strong>caritatis</strong></span> <span class='ocrx_word' id='word_1_91' title='bbox 569 718 618 750; x_wconf 65' lang='lat' dir='ltr'><strong>c:</strong></span> <span class='ocrx_word' id='word_1_92' title='bbox 640 736 682 742; x_wconf 90' lang='lat'><strong>——</strong></span> <span class='ocrx_word' id='word_1_93' title='bbox 714 717 774 756; x_wconf 80' lang='lat'><strong>45,</strong></span> <span class='ocrx_word' id='word_1_94' title='bbox 809 718 822 751; x_wconf 94' lang='lat' dir='ltr'><strong>l</strong></span> <span class='ocrx_word' id='word_1_95' title='bbox 851 720 936 751; x_wconf 83' lang='lat' dir='ltr'><strong>Cum</strong></span> <span class='ocrx_word' id='word_1_96' title='bbox 963 719 998 750; x_wconf 82' lang='lat' dir='ltr'><strong>C.</strong></span> <span class='ocrx_word' id='word_1_97' title='bbox 1026 737 1065 740; x_wconf 97' lang='lat'><strong>—</strong></span> <span class='ocrx_word' id='word_1_98' title='bbox 1094 717 1155 757; x_wconf 82' lang='lat'><strong>47,</strong></span> <span class='ocrx_word' id='word_1_99' title='bbox 1193 716 1207 749; x_wconf 96' lang='lat' dir='ltr'><strong>l</strong></span> <span class='ocrx_word' id='word_1_100' title='bbox 1235 717 1371 757; x_wconf 78' lang='lat' dir='ltr'><strong>Agatha</strong></span> <span class='ocrx_word' id='word_1_101' title='bbox 1397 717 1542 758; x_wconf 77' lang='lat' dir='ltr'><strong>simplex</strong></span> <span class='ocrx_word' id='word_1_102' title='bbox 1569 717 1609 747; x_wconf 93' lang='lat' dir='ltr'><strong>D.</strong></span> <span class='ocrx_word' id='word_1_103' title='bbox 1637 733 1672 737; x_wconf 74' lang='lat'><strong>——</strong></span> 
     </span>
     <span class='ocr_line' id='line_1_12' title="bbox 121 758 1677 807; baseline -0.003 -11"><span class='ocrx_word' id='word_1_104' title='bbox 121 764 183 799; x_wconf 78' lang='lat'><strong>49,</strong></span> <span class='ocrx_word' id='word_1_105' title='bbox 214 763 234 795; x_wconf 72' lang='lat'><strong>3</strong></span> <span class='ocrx_word' id='word_1_106' title='bbox 258 765 344 796; x_wconf 82' lang='lat' dir='ltr'>Mihi</span> <span class='ocrx_word' id='word_1_107' title='bbox 373 776 491 807; x_wconf 76' lang='lat' dir='ltr'><strong>precor</strong></span> <span class='ocrx_word' id='word_1_108' title='bbox 517 766 560 804; x_wconf 60' lang='lat' dir='ltr'><strong>lig</strong></span> <span class='ocrx_word' id='word_1_109' title='bbox 589 763 675 796; x_wconf 85' lang='lat' dir='ltr'><strong>Mihi</strong></span> <span class='ocrx_word' id='word_1_110' title='bbox 702 764 804 796; x_wconf 83' lang='lat' dir='ltr'><strong>simul</strong></span> <span class='ocrx_word' id='word_1_111' title='bbox 831 764 857 796; x_wconf 86' lang='lat' dir='ltr'>C</span> <span class='ocrx_word' id='word_1_112' title='bbox 883 766 923 796; x_wconf 84' lang='lat' dir='ltr'><strong>D.</strong></span> <span class='ocrx_word' id='word_1_113' title='bbox 950 781 991 786; x_wconf 86' lang='lat'><em>—</em></span> <span class='ocrx_word' id='word_1_114' title='bbox 1019 762 1080 799; x_wconf 88' lang='grc'><strong>49,</strong></span> <span class='ocrx_word' id='word_1_115' title='bbox 1112 763 1133 795; x_wconf 92' lang='grc'>4</span> <span class='ocrx_word' id='word_1_116' title='bbox 1159 764 1209 795; x_wconf 76' lang='lat' dir='ltr'><strong>Ad</strong></span> <span class='ocrx_word' id='word_1_117' title='bbox 1237 764 1410 795; x_wconf 80' lang='lat' dir='ltr'><strong>Christum</strong></span> <span class='ocrx_word' id='word_1_118' title='bbox 1437 763 1475 795; x_wconf 77' lang='lat' dir='ltr'><strong>B.</strong></span> <span class='ocrx_word' id='word_1_119' title='bbox 1502 780 1544 783; x_wconf 88' lang='lat'><strong>--</strong></span> <span class='ocrx_word' id='word_1_120' title='bbox 1570 759 1630 799; x_wconf 82' lang='grc'><strong>50,</strong></span> <span class='ocrx_word' id='word_1_121' title='bbox 1657 758 1677 791; x_wconf 82' lang='grc'><strong>2</strong></span> 
     </span>
     <span class='ocr_line' id='line_1_13' title="bbox 125 806 1676 848; baseline -0.003 -7"><span class='ocrx_word' id='word_1_122' title='bbox 125 810 240 842; x_wconf 74' lang='lat' dir='ltr'><strong>videre</strong></span> <span class='ocrx_word' id='word_1_123' title='bbox 266 811 301 842; x_wconf 79' lang='lat' dir='ltr'><strong>C.</strong></span> <span class='ocrx_word' id='word_1_124' title='bbox 330 827 371 832; x_wconf 89' lang='lat'><strong>——</strong></span> <span class='ocrx_word' id='word_1_125' title='bbox 397 809 457 848; x_wconf 86' lang='lat'><strong>51,</strong></span> <span class='ocrx_word' id='word_1_126' title='bbox 486 808 500 842; x_wconf 93' lang='grc'><strong>1</strong></span> <span class='ocrx_word' id='word_1_127' title='bbox 528 811 627 847; x_wconf 86' lang='lat' dir='ltr'><strong>mori,</strong></span> <span class='ocrx_word' id='word_1_128' title='bbox 652 811 748 841; x_wconf 77' lang='lat' dir='ltr'><strong>nasei</strong></span> <span class='ocrx_word' id='word_1_129' title='bbox 775 810 811 841; x_wconf 82' lang='lat' dir='ltr'><strong>C.</strong></span> <span class='ocrx_word' id='word_1_130' title='bbox 837 826 878 830; x_wconf 89' lang='lat'>—</span> <span class='ocrx_word' id='word_1_131' title='bbox 905 808 965 847; x_wconf 80' lang='grc'><strong>51,</strong></span> <span class='ocrx_word' id='word_1_132' title='bbox 992 808 1013 841; x_wconf 86' lang='grc'>2</span> <span class='ocrx_word' id='word_1_133' title='bbox 1039 810 1083 841; x_wconf 78' lang='lat' dir='ltr'><strong>Et</strong></span> <span class='ocrx_word' id='word_1_134' title='bbox 1108 809 1240 840; x_wconf 67' lang='grc'>0110111111</span> <span class='ocrx_word' id='word_1_135' title='bbox 1267 810 1321 840; x_wconf 73' lang='lat' dir='ltr'><strong>vis</strong></span> <span class='ocrx_word' id='word_1_136' title='bbox 1347 809 1383 839; x_wconf 82' lang='lat' dir='ltr'><strong>C.</strong></span> <span class='ocrx_word' id='word_1_137' title='bbox 1411 827 1450 831; x_wconf 90' lang='lat'>—</span> <span class='ocrx_word' id='word_1_138' title='bbox 1477 806 1537 842; x_wconf 86' lang='grc'>55,</span> <span class='ocrx_word' id='word_1_139' title='bbox 1567 806 1582 838; x_wconf 94' lang='grc'><strong>1</strong></span> <span class='ocrx_word' id='word_1_140' title='bbox 1611 807 1676 837; x_wconf 80' lang='lat' dir='ltr'><strong>loci</strong></span> 
     </span>
     <span class='ocr_line' id='line_1_14' title="bbox 122 850 1679 897; baseline -0.003 -10"><span class='ocrx_word' id='word_1_141' title='bbox 122 856 282 888; x_wconf 77' lang='lat' dir='ltr'>abbatem</span> <span class='ocrx_word' id='word_1_142' title='bbox 320 857 426 887; x_wconf 88' lang='lat'><strong>1).—</strong></span> <span class='ocrx_word' id='word_1_143' title='bbox 452 854 511 895; x_wconf 71' lang='lat'><strong>57,</strong></span> <span class='ocrx_word' id='word_1_144' title='bbox 545 854 565 887; x_wconf 78' lang='lat'><strong>3</strong></span> <span class='ocrx_word' id='word_1_145' title='bbox 600 866 700 897; x_wconf 75' lang='lat' dir='ltr'><strong>parce</strong></span> <span class='ocrx_word' id='word_1_146' title='bbox 732 859 765 886; x_wconf 89' lang='lat' dir='ltr'><strong>ct</strong></span> <span class='ocrx_word' id='word_1_147' title='bbox 799 855 927 887; x_wconf 88' lang='lat' dir='ltr'><strong>adiuva</strong></span> <span class='ocrx_word' id='word_1_148' title='bbox 958 856 995 886; x_wconf 75' lang='grc' dir='ltr'><strong>Β.</strong></span> <span class='ocrx_word' id='word_1_149' title='bbox 1022 872 1061 875; x_wconf 84' lang='lat'>—</span> <span class='ocrx_word' id='word_1_150' title='bbox 1089 852 1149 891; x_wconf 66' lang='lat'><strong>58,</strong></span> <span class='ocrx_word' id='word_1_151' title='bbox 1189 853 1201 885; x_wconf 97' lang='lat' dir='ltr'><strong>l</strong></span> <span class='ocrx_word' id='word_1_152' title='bbox 1237 855 1317 896; x_wconf 74' lang='lat' dir='ltr'><strong>Ipsa</strong></span> <span class='ocrx_word' id='word_1_153' title='bbox 1352 854 1409 885; x_wconf 82' lang='lat' dir='ltr'><strong>lux</strong></span> <span class='ocrx_word' id='word_1_154' title='bbox 1434 856 1470 885; x_wconf 77' lang='lat' dir='ltr'><strong>C.</strong></span> <span class='ocrx_word' id='word_1_155' title='bbox 1497 870 1539 873; x_wconf 61' lang='grc'><strong>»-</strong></span> <span class='ocrx_word' id='word_1_156' title='bbox 1565 852 1625 889; x_wconf 68' lang='grc'>58,</span> <span class='ocrx_word' id='word_1_157' title='bbox 1658 850 1679 882; x_wconf 92' lang='grc'>4</span> 
     </span>
     <span class='ocr_line' id='line_1_15' title="bbox 123 896 1678 943; baseline -0.004 -11"><span class='ocrx_word' id='word_1_158' title='bbox 123 901 236 943; x_wconf 72' lang='lat' dir='ltr'><strong>Alpina</strong></span> <span class='ocrx_word' id='word_1_159' title='bbox 260 905 294 932; x_wconf 85' lang='lat' dir='ltr'><strong>et</strong></span> <span class='ocrx_word' id='word_1_160' title='bbox 317 904 346 932; x_wconf 77' lang='lat'>0</span> <span class='ocrx_word' id='word_1_161' title='bbox 372 912 430 932; x_wconf 80' lang='lat' dir='ltr'><strong>rex</strong></span> <span class='ocrx_word' id='word_1_162' title='bbox 455 901 587 933; x_wconf 65' lang='lat' dir='ltr'><strong>cleison</strong></span> <span class='ocrx_word' id='word_1_163' title='bbox 606 903 641 934; x_wconf 77' lang='lat' dir='ltr'><strong>C.</strong></span> <span class='ocrx_word' id='word_1_164' title='bbox 662 918 702 922; x_wconf 92' lang='lat'><strong>—-</strong></span> <span class='ocrx_word' id='word_1_165' title='bbox 721 901 817 932; x_wconf 80' lang='lat' dir='ltr'><strong>Auch</strong></span> <span class='ocrx_word' id='word_1_166' title='bbox 844 901 896 931; x_wconf 86' lang='lat' dir='ltr'><strong>in:</strong></span> <span class='ocrx_word' id='word_1_167' title='bbox 923 901 1005 932; x_wconf 75' lang='lat' dir='ltr'><strong>cod.</strong></span> <span class='ocrx_word' id='word_1_168' title='bbox 1025 901 1255 932; x_wconf 70' lang='lat' dir='ltr'><strong>Vindoboncn</strong></span> <span class='ocrx_word' id='word_1_169' title='bbox 1281 898 1356 931; x_wconf 58' lang='lat'><strong>855.</strong></span> <span class='ocrx_word' id='word_1_170' title='bbox 1383 910 1461 930; x_wconf 80' lang='lat' dir='ltr'><strong>saec</strong></span> <span class='ocrx_word' id='word_1_171' title='bbox 1490 896 1530 930; x_wconf 84' lang='lat'><strong>14</strong></span> <span class='ocrx_word' id='word_1_172' title='bbox 1556 902 1589 929; x_wconf 86' lang='grc'><strong>01</strong></span> <span class='ocrx_word' id='word_1_173' title='bbox 1619 896 1678 935; x_wconf 71' lang='grc' dir='ltr'><strong>15ς</strong></span> 
     </span>
     <span class='ocr_line' id='line_1_16' title="bbox 123 944 808 979; baseline -0.001 -1"><span class='ocrx_word' id='word_1_174' title='bbox 123 946 208 979; x_wconf 71' lang='lat' dir='ltr'><strong>eod.</strong></span> <span class='ocrx_word' id='word_1_175' title='bbox 234 946 486 979; x_wconf 73' lang='lat' dir='ltr'><strong>Darmstadien.</strong></span> <span class='ocrx_word' id='word_1_176' title='bbox 512 944 575 978; x_wconf 79' lang='lat'><strong>521</strong></span> <span class='ocrx_word' id='word_1_177' title='bbox 603 947 684 978; x_wconf 81' lang='lat' dir='ltr'><strong>anni</strong></span> <span class='ocrx_word' id='word_1_178' title='bbox 713 944 808 978; x_wconf 79' lang='lat'>1462.</span> 
     </span>
    </p>
   </div>
   <div class='ocr_carea' id='block_1_4' title="bbox 544 1145 1262 1190">
    <p class='ocr_par' dir='ltr' id='par_1_8' title="bbox 544 1145 1262 1190">
     <span class='ocr_line' id='line_1_17' title="bbox 544 1145 1262 1190; baseline -0.001 -7"><span class='ocrx_word' id='word_1_179' title='bbox 544 1147 622 1183; x_wconf 88' lang='lat'><strong>100.</strong></span> <span class='ocrx_word' id='word_1_180' title='bbox 657 1147 716 1190; x_wconf 83' lang='lat'><strong>(2.)</strong></span> <span class='ocrx_word' id='word_1_181' title='bbox 753 1145 881 1183; x_wconf 81' lang='lat' dir='ltr'><strong>Oratio</strong></span> <span class='ocrx_word' id='word_1_182' title='bbox 907 1146 952 1182; x_wconf 77' lang='lat' dir='ltr'><strong>ad</strong></span> <span class='ocrx_word' id='word_1_183' title='bbox 978 1146 1015 1182; x_wconf 85' lang='lat' dir='ltr'><strong>B.</strong></span> <span class='ocrx_word' id='word_1_184' title='bbox 1041 1145 1194 1183; x_wconf 80' lang='lat' dir='ltr'><strong>Mariam</strong></span> <span class='ocrx_word' id='word_1_185' title='bbox 1221 1146 1262 1183; x_wconf 91' lang='lat' dir='ltr'><strong>V.</strong></span> 
     </span>
    </p>
   </div>
   <div class='ocr_carea' id='block_1_5' title="bbox 0 1909 27 3223">
    <p class='ocr_par' dir='ltr' id='par_1_9' title="bbox 0 1909 27 3223">
     <span class='ocr_line' id='line_1_18' title="bbox 0 1909 27 3223; baseline 0 0"><span class='ocrx_word' id='word_1_186' title='bbox 0 1909 27 3223; x_wconf 95' lang='lat' dir='ltr'><strong> </strong></span> 
     </span>
    </p>
   </div>
   <div class='ocr_carea' id='block_1_6' title="bbox 199 1274 840 1483">
    <p class='ocr_par' dir='ltr' id='par_1_10' title="bbox 199 1274 840 1483">
     <span class='ocr_line' id='line_1_19' title="bbox 199 1274 786 1323; baseline -0.002 -8"><span class='ocrx_word' id='word_1_187' title='bbox 199 1306 208 1315; x_wconf 90' lang='lat'><strong>.</strong></span> <span class='ocrx_word' id='word_1_188' title='bbox 241 1275 378 1323; x_wconf 81' lang='lat' dir='ltr'><strong>Maria,</strong></span> <span class='ocrx_word' id='word_1_189' title='bbox 411 1275 590 1322; x_wconf 89' lang='lat' dir='ltr'><strong>templum</strong></span> <span class='ocrx_word' id='word_1_190' title='bbox 622 1274 786 1315; x_wconf 88' lang='lat' dir='ltr'><strong>Domini.</strong></span> 
     </span>
     <span class='ocr_line' id='line_1_20' title="bbox 239 1331 673 1380; baseline -0.005 -11"><span class='ocrx_word' id='word_1_191' title='bbox 239 1331 454 1374; x_wconf 84' lang='lat' dir='ltr'><strong>Sacrarium</strong></span> <span class='ocrx_word' id='word_1_192' title='bbox 485 1331 673 1380; x_wconf 83' lang='lat' dir='ltr'><strong>paracliti,</strong></span> 
     </span>
     <span class='ocr_line' id='line_1_21' title="bbox 242 1388 840 1435; baseline -0.002 -10"><span class='ocrx_word' id='word_1_193' title='bbox 242 1388 464 1425; x_wconf 87' lang='lat' dir='ltr'><strong>Sanctarum</strong></span> <span class='ocrx_word' id='word_1_194' title='bbox 497 1389 611 1426; x_wconf 87' lang='lat' dir='ltr'><strong>decus</strong></span> <span class='ocrx_word' id='word_1_195' title='bbox 643 1388 840 1435; x_wconf 72' lang='lat' dir='ltr'><strong>virginum,</strong></span> 
     </span>
     <span class='ocr_line' id='line_1_22' title="bbox 239 1444 715 1483; baseline 0.002 -1"><span class='ocrx_word' id='word_1_196' title='bbox 239 1444 489 1482; x_wconf 87' lang='lat' dir='ltr'><strong>Maerentium</strong></span> <span class='ocrx_word' id='word_1_197' title='bbox 522 1444 715 1483; x_wconf 89' lang='lat' dir='ltr'><strong>solacium.</strong></span> 
     </span>
    </p>
   </div>
   <div class='ocr_carea' id='block_1_7' title="bbox 198 1558 757 1775">
    <p class='ocr_par' dir='ltr' id='par_1_11' title="bbox 198 1558 757 1718">
     <span class='ocr_line' id='line_1_23' title="bbox 198 1558 757 1609; baseline -0.002 -12"><span class='ocrx_word' id='word_1_198' title='bbox 198 1588 207 1597; x_wconf 94' lang='lat'><strong>.</strong></span> <span class='ocrx_word' id='word_1_199' title='bbox 238 1558 302 1595; x_wconf 90' lang='lat' dir='ltr'><strong>Ad</strong></span> <span class='ocrx_word' id='word_1_200' title='bbox 333 1562 370 1594; x_wconf 85' lang='lat' dir='ltr'><strong>te</strong></span> <span class='ocrx_word' id='word_1_201' title='bbox 401 1558 560 1605; x_wconf 87' lang='lat' dir='ltr'><strong>suspiro,</strong></span> <span class='ocrx_word' id='word_1_202' title='bbox 595 1558 757 1609; x_wconf 83' lang='lat' dir='ltr'><strong>domina,</strong></span> 
     </span>
     <span class='ocr_line' id='line_1_24' title="bbox 240 1614 753 1663; baseline 0.002 -12"><span class='ocrx_word' id='word_1_203' title='bbox 240 1614 348 1651; x_wconf 83' lang='lat' dir='ltr'><strong>Meas</strong></span> <span class='ocrx_word' id='word_1_204' title='bbox 379 1619 537 1661; x_wconf 85' lang='lat' dir='ltr'><strong>accepta</strong></span> <span class='ocrx_word' id='word_1_205' title='bbox 566 1615 753 1663; x_wconf 81' lang='lat' dir='ltr'><strong>lacrimas,</strong></span> 
     </span>
     <span class='ocr_line' id='line_1_25' title="bbox 239 1669 709 1718; baseline 0.004 -11"><span class='ocrx_word' id='word_1_206' title='bbox 239 1669 393 1718; x_wconf 86' lang='lat' dir='ltr'><strong>Signum</strong></span> <span class='ocrx_word' id='word_1_207' title='bbox 425 1671 709 1709; x_wconf 81' lang='lat' dir='ltr'><strong>misericordiae</strong></span> 
     </span>
    </p>

    <p class='ocr_par' dir='ltr' id='par_1_12' title="bbox 240 1726 749 1775">
     <span class='ocr_line' id='line_1_26' title="bbox 240 1726 749 1775; baseline 0.006 -11"><span class='ocrx_word' id='word_1_208' title='bbox 240 1726 417 1774; x_wconf 87' lang='lat' dir='ltr'><strong>Digneris</strong></span> <span class='ocrx_word' id='word_1_209' title='bbox 447 1728 539 1765; x_wconf 91' lang='lat' dir='ltr'><strong>mibi</strong></span> <span class='ocrx_word' id='word_1_210' title='bbox 569 1729 749 1775; x_wconf 83' lang='lat' dir='ltr'><strong>pandere.</strong></span> 
     </span>
    </p>
   </div>
   <div class='ocr_carea' id='block_1_8' title="bbox 198 1840 760 2058">
    <p class='ocr_par' dir='ltr' id='par_1_13' title="bbox 198 1840 760 2058">
     <span class='ocr_line' id='line_1_27' title="bbox 198 1840 685 1890; baseline 0.002 -12"><span class='ocrx_word' id='word_1_211' title='bbox 198 1870 205 1878; x_wconf 95' lang='lat'><strong>.</strong></span> <span class='ocrx_word' id='word_1_212' title='bbox 240 1840 385 1888; x_wconf 86' lang='lat' dir='ltr'><strong>Regina</strong></span> <span class='ocrx_word' id='word_1_213' title='bbox 417 1841 510 1878; x_wconf 89' lang='lat' dir='ltr'><strong>caeli</strong></span> <span class='ocrx_word' id='word_1_214' title='bbox 542 1842 685 1890; x_wconf 88' lang='lat' dir='ltr'><strong>inclita,</strong></span> 
     </span>
     <span class='ocr_line' id='line_1_28' title="bbox 239 1897 722 1947; baseline 0.004 -13"><span class='ocrx_word' id='word_1_215' title='bbox 239 1897 352 1935; x_wconf 81' lang='lat' dir='ltr'><strong>Orbis</strong></span> <span class='ocrx_word' id='word_1_216' title='bbox 383 1898 528 1945; x_wconf 81' lang='lat' dir='ltr'><strong>lampas</strong></span> <span class='ocrx_word' id='word_1_217' title='bbox 560 1899 722 1947; x_wconf 85' lang='lat' dir='ltr'><strong>siderea,</strong></span> 
     </span>
     <span class='ocr_line' id='line_1_29' title="bbox 238 1954 760 2003; baseline 0.006 -13"><span class='ocrx_word' id='word_1_218' title='bbox 238 1954 345 1991; x_wconf 88' lang='lat' dir='ltr'><strong>Meas</strong></span> <span class='ocrx_word' id='word_1_219' title='bbox 376 1954 553 2003; x_wconf 84' lang='lat' dir='ltr'><strong>absterge</strong></span> <span class='ocrx_word' id='word_1_220' title='bbox 583 1956 760 1993; x_wconf 85' lang='lat' dir='ltr'><strong>lacrimas</strong></span> 
     </span>
     <span class='ocr_line' id='line_1_30' title="bbox 238 2010 758 2058; baseline 0.006 -11"><span class='ocrx_word' id='word_1_221' title='bbox 238 2010 287 2047; x_wconf 86' lang='lat' dir='ltr'><strong>Et</strong></span> <span class='ocrx_word' id='word_1_222' title='bbox 318 2016 557 2058; x_wconf 89' lang='lat' dir='ltr'><strong>peccatorum</strong></span> <span class='ocrx_word' id='word_1_223' title='bbox 588 2012 758 2050; x_wconf 81' lang='lat' dir='ltr'><strong>nebulas.</strong></span> 
     </span>
    </p>
   </div>
   <div class='ocr_carea' id='block_1_9' title="bbox 199 2124 807 2343">
    <p class='ocr_par' dir='ltr' id='par_1_14' title="bbox 199 2124 742 2231">
     <span class='ocr_line' id='line_1_31' title="bbox 199 2124 742 2173; baseline 0.002 -12"><span class='ocrx_word' id='word_1_224' title='bbox 199 2152 208 2161; x_wconf 91' lang='lat'><strong>.</strong></span> <span class='ocrx_word' id='word_1_225' title='bbox 240 2124 347 2169; x_wconf 85' lang='lat' dir='ltr'><strong>Quod</strong></span> <span class='ocrx_word' id='word_1_226' title='bbox 379 2125 496 2173; x_wconf 81' lang='lat' dir='ltr'><strong>voles,</strong></span> <span class='ocrx_word' id='word_1_227' title='bbox 528 2126 742 2172; x_wconf 83' lang='lat' dir='ltr'><strong>unigenitus</strong></span> 
     </span>
     <span class='ocr_line' id='line_1_32' title="bbox 240 2180 649 2231; baseline 0.005 -14"><span class='ocrx_word' id='word_1_228' title='bbox 240 2180 405 2218; x_wconf 84' lang='lat' dir='ltr'><strong>Donabit</strong></span> <span class='ocrx_word' id='word_1_229' title='bbox 437 2181 507 2218; x_wconf 87' lang='lat' dir='ltr'><strong>tibi</strong></span> <span class='ocrx_word' id='word_1_230' title='bbox 538 2181 649 2231; x_wconf 89' lang='lat' dir='ltr'><strong>filius,</strong></span> 
     </span>
    </p>

    <p class='ocr_par' dir='ltr' id='par_1_15' title="bbox 240 2237 807 2343">
     <span class='ocr_line' id='line_1_33' title="bbox 241 2237 807 2287; baseline 0.002 -13"><span class='ocrx_word' id='word_1_231' title='bbox 241 2237 313 2274; x_wconf 91' lang='lat' dir='ltr'><strong>Pro</strong></span> <span class='ocrx_word' id='word_1_232' title='bbox 344 2238 478 2285; x_wconf 88' lang='lat' dir='ltr'><strong>quibus</strong></span> <span class='ocrx_word' id='word_1_233' title='bbox 511 2239 626 2287; x_wconf 79' lang='lat' dir='ltr'><strong>voles,</strong></span> <span class='ocrx_word' id='word_1_234' title='bbox 659 2239 807 2276; x_wconf 90' lang='lat' dir='ltr'><strong>veniam</strong></span> 
     </span>
     <span class='ocr_line' id='line_1_34' title="bbox 240 2294 738 2343; baseline 0.006 -13"><span class='ocrx_word' id='word_1_235' title='bbox 240 2294 469 2342; x_wconf 89' lang='lat' dir='ltr'><strong>Impetrabis</strong></span> <span class='ocrx_word' id='word_1_236' title='bbox 501 2301 536 2332; x_wconf 89' lang='lat' dir='ltr'><strong>et</strong></span> <span class='ocrx_word' id='word_1_237' title='bbox 567 2296 738 2343; x_wconf 87' lang='lat' dir='ltr'><strong>gloriam.</strong></span> 
     </span>
    </p>
   </div>
   <div class='ocr_carea' id='block_1_10' title="bbox 202 2407 835 2625">
    <p class='ocr_par' dir='ltr' id='par_1_16' title="bbox 202 2407 835 2625">
     <span class='ocr_line' id='line_1_35' title="bbox 202 2407 835 2456; baseline 0.003 -10"><span class='ocrx_word' id='word_1_238' title='bbox 202 2438 210 2446; x_wconf 90' lang='lat'><strong>.</strong></span> <span class='ocrx_word' id='word_1_239' title='bbox 242 2407 318 2445; x_wconf 89' lang='lat' dir='ltr'><strong>Sed</strong></span> <span class='ocrx_word' id='word_1_240' title='bbox 348 2419 417 2446; x_wconf 90' lang='lat' dir='ltr'><strong>vae</strong></span> <span class='ocrx_word' id='word_1_241' title='bbox 448 2410 614 2456; x_wconf 85' lang='lat' dir='ltr'><strong>peccatis</strong></span> <span class='ocrx_word' id='word_1_242' title='bbox 646 2410 835 2448; x_wconf 90' lang='lat' dir='ltr'><strong>hominum</strong></span> 
     </span>
     <span class='ocr_line' id='line_1_36' title="bbox 242 2465 748 2514; baseline 0.004 -12"><span class='ocrx_word' id='word_1_243' title='bbox 242 2465 283 2502; x_wconf 93' lang='lat' dir='ltr'><strong>In</strong></span> <span class='ocrx_word' id='word_1_244' title='bbox 315 2465 483 2503; x_wconf 84' lang='lat' dir='ltr'><strong>tenebris</strong></span> <span class='ocrx_word' id='word_1_245' title='bbox 515 2466 748 2514; x_wconf 80' lang='lat' dir='ltr'><strong>degentium!</strong></span> 
     </span>
     <span class='ocr_line' id='line_1_37' title="bbox 240 2521 727 2574; baseline 0.006 -16"><span class='ocrx_word' id='word_1_246' title='bbox 240 2521 305 2558; x_wconf 92' lang='lat' dir='ltr'><strong>Me</strong></span> <span class='ocrx_word' id='word_1_247' title='bbox 335 2527 455 2559; x_wconf 84' lang='lat' dir='ltr'><strong>terret</strong></span> <span class='ocrx_word' id='word_1_248' title='bbox 486 2524 727 2574; x_wconf 88' lang='lat' dir='ltr'><strong>conscientia,</strong></span> 
     </span>
     <span class='ocr_line' id='line_1_38' title="bbox 241 2579 690 2625; baseline 0.007 -10"><span class='ocrx_word' id='word_1_249' title='bbox 241 2579 336 2625; x_wconf 82' lang='lat' dir='ltr'><strong>Quia</strong></span> <span class='ocrx_word' id='word_1_250' title='bbox 368 2579 498 2616; x_wconf 81' lang='lat' dir='ltr'><strong>delicti</strong></span> <span class='ocrx_word' id='word_1_251' title='bbox 530 2581 690 2619; x_wconf 85' lang='lat' dir='ltr'><strong>conseia.</strong></span> 
     </span>
    </p>
   </div>
   <div class='ocr_carea' id='block_1_11' title="bbox 203 2692 776 2911">
    <p class='ocr_par' dir='ltr' id='par_1_17' title="bbox 203 2692 776 2911">
     <span class='ocr_line' id='line_1_39' title="bbox 203 2692 707 2731; baseline 0.002 -1"><span class='ocrx_word' id='word_1_252' title='bbox 203 2721 212 2730; x_wconf 88' lang='lat'><strong>.</strong></span> <span class='ocrx_word' id='word_1_253' title='bbox 245 2692 296 2730; x_wconf 89' lang='lat' dir='ltr'><strong>Ut</strong></span> <span class='ocrx_word' id='word_1_254' title='bbox 326 2693 449 2730; x_wconf 86' lang='lat' dir='ltr'><strong>Adam</strong></span> <span class='ocrx_word' id='word_1_255' title='bbox 483 2693 707 2731; x_wconf 82' lang='lat' dir='ltr'><strong>delitescere</strong></span> 
     </span>
     <span class='ocr_line' id='line_1_40' title="bbox 241 2749 730 2798; baseline 0.004 -13"><span class='ocrx_word' id='word_1_256' title='bbox 241 2749 309 2785; x_wconf 89' lang='lat' dir='ltr'><strong>Vel</strong></span> <span class='ocrx_word' id='word_1_257' title='bbox 343 2749 439 2786; x_wconf 85' lang='lat' dir='ltr'><strong>sicut</strong></span> <span class='ocrx_word' id='word_1_258' title='bbox 467 2750 567 2788; x_wconf 84' lang='lat' dir='ltr'><strong>Kain</strong></span> <span class='ocrx_word' id='word_1_259' title='bbox 601 2750 730 2798; x_wconf 85' lang='lat' dir='ltr'><strong>fugere</strong></span> 
     </span>
     <span class='ocr_line' id='line_1_41' title="bbox 241 2805 776 2855; baseline 0.004 -13"><span class='ocrx_word' id='word_1_260' title='bbox 241 2805 328 2843; x_wconf 82' lang='lat' dir='ltr'><strong>Mea</strong></span> <span class='ocrx_word' id='word_1_261' title='bbox 359 2817 416 2843; x_wconf 90' lang='lat' dir='ltr'><strong>me</strong></span> <span class='ocrx_word' id='word_1_262' title='bbox 448 2811 585 2854; x_wconf 88' lang='lat' dir='ltr'><strong>cogunt</strong></span> <span class='ocrx_word' id='word_1_263' title='bbox 618 2808 776 2855; x_wconf 83' lang='lat' dir='ltr'><strong>scelera,</strong></span> 
     </span>
     <span class='ocr_line' id='line_1_42' title="bbox 240 2862 725 2911; baseline 0.008 -13"><span class='ocrx_word' id='word_1_264' title='bbox 240 2862 336 2907; x_wconf 83' lang='lat' dir='ltr'><strong>Quia</strong></span> <span class='ocrx_word' id='word_1_265' title='bbox 367 2863 484 2901; x_wconf 86' lang='lat' dir='ltr'><strong>multa</strong></span> <span class='ocrx_word' id='word_1_266' title='bbox 515 2868 552 2900; x_wconf 91' lang='lat' dir='ltr'><strong>et</strong></span> <span class='ocrx_word' id='word_1_267' title='bbox 582 2865 725 2911; x_wconf 85' lang='lat' dir='ltr'><strong>gravia.</strong></span> 
     </span>
    </p>
   </div>
   <div class='ocr_carea' id='block_1_12' title="bbox 984 1276 1019 1314">
    <p class='ocr_par' dir='ltr' id='par_1_18' title="bbox 984 1276 1019 1314">
     <span class='ocr_line' id='line_1_43' title="bbox 984 1276 1019 1314; baseline 0 0"><span class='ocrx_word' id='word_1_268' title='bbox 984 1276 1019 1314; x_wconf 85' lang='lat'><strong>7.</strong></span> 
     </span>
    </p>
   </div>
   <div class='ocr_carea' id='block_1_13' title="bbox 960 2127 1023 2164">
    <p class='ocr_par' dir='ltr' id='par_1_19' title="bbox 960 2127 1023 2164">
     <span class='ocr_line' id='line_1_44' title="bbox 960 2127 1023 2164; baseline -0.016 0"><span class='ocrx_word' id='word_1_269' title='bbox 960 2127 1023 2164; x_wconf 90' lang='lat'><strong>10.</strong></span> 
     </span>
    </p>
   </div>
   <div class='ocr_carea' id='block_1_14' title="bbox 960 2411 1024 2450">
    <p class='ocr_par' dir='ltr' id='par_1_20' title="bbox 960 2411 1024 2450">
     <span class='ocr_line' id='line_1_45' title="bbox 960 2411 1024 2450; baseline 0.016 -1"><span class='ocrx_word' id='word_1_270' title='bbox 960 2411 1024 2450; x_wconf 92' lang='lat'><strong>11.</strong></span> 
     </span>
    </p>
   </div>
   <div class='ocr_carea' id='block_1_15' title="bbox 961 2695 1024 2734">
    <p class='ocr_par' dir='ltr' id='par_1_21' title="bbox 961 2695 1024 2734">
     <span class='ocr_line' id='line_1_46' title="bbox 961 2695 1024 2734; baseline 0.032 -2"><span class='ocrx_word' id='word_1_271' title='bbox 961 2695 1024 2734; x_wconf 88' lang='grc'>12.</span> 
     </span>
    </p>
   </div>
   <div class='ocr_carea' id='block_1_16' title="bbox 1053 1273 1653 1490">
    <p class='ocr_par' dir='ltr' id='par_1_22' title="bbox 1053 1273 1653 1490">
     <span class='ocr_line' id='line_1_47' title="bbox 1053 1273 1551 1312; baseline -0.004 0"><span class='ocrx_word' id='word_1_272' title='bbox 1053 1274 1127 1312; x_wconf 88' lang='lat' dir='ltr'><strong>Sed</strong></span> <span class='ocrx_word' id='word_1_273' title='bbox 1158 1275 1258 1311; x_wconf 89' lang='lat' dir='ltr'><strong>inter</strong></span> <span class='ocrx_word' id='word_1_274' title='bbox 1287 1278 1392 1311; x_wconf 85' lang='lat' dir='ltr'><strong>tanta</strong></span> <span class='ocrx_word' id='word_1_275' title='bbox 1422 1273 1551 1311; x_wconf 85' lang='lat' dir='ltr'><strong>nubila</strong></span> 
     </span>
     <span class='ocr_line' id='line_1_48' title="bbox 1053 1331 1578 1378; baseline -0.002 -10"><span class='ocrx_word' id='word_1_276' title='bbox 1053 1331 1103 1368; x_wconf 89' lang='lat' dir='ltr'><strong>Et</strong></span> <span class='ocrx_word' id='word_1_277' title='bbox 1135 1335 1376 1378; x_wconf 85' lang='lat' dir='ltr'><strong>peccatorum</strong></span> <span class='ocrx_word' id='word_1_278' title='bbox 1407 1331 1578 1377; x_wconf 87' lang='lat' dir='ltr'><strong>pondera</strong></span> 
     </span>
     <span class='ocr_line' id='line_1_49' title="bbox 1054 1387 1653 1425; baseline -0.002 -1"><span class='ocrx_word' id='word_1_279' title='bbox 1054 1388 1204 1425; x_wconf 87' lang='lat' dir='ltr'><strong>Patrem</strong></span> <span class='ocrx_word' id='word_1_280' title='bbox 1238 1387 1442 1425; x_wconf 87' lang='lat' dir='ltr'><strong>recordans</strong></span> <span class='ocrx_word' id='word_1_281' title='bbox 1474 1387 1653 1424; x_wconf 88' lang='lat' dir='ltr'><strong>luminum</strong></span> 
     </span>
     <span class='ocr_line' id='line_1_50' title="bbox 1053 1443 1558 1490; baseline -0.002 -9"><span class='ocrx_word' id='word_1_282' title='bbox 1053 1444 1139 1481; x_wconf 91' lang='lat' dir='ltr'><strong>Non</strong></span> <span class='ocrx_word' id='word_1_283' title='bbox 1172 1444 1332 1490; x_wconf 89' lang='lat' dir='ltr'><strong>despero</strong></span> <span class='ocrx_word' id='word_1_284' title='bbox 1363 1443 1558 1489; x_wconf 81' lang='lat' dir='ltr'><strong>auxilium,</strong></span> 
     </span>
    </p>
   </div>
   <div class='ocr_carea' id='block_1_17' title="bbox 1052 1557 1638 1775">
    <p class='ocr_par' dir='ltr' id='par_1_23' title="bbox 1052 1557 1502 1605">
     <span class='ocr_line' id='line_1_51' title="bbox 1052 1557 1502 1605; baseline 0 -11"><span class='ocrx_word' id='word_1_285' title='bbox 1052 1557 1117 1595; x_wconf 89' lang='lat' dir='ltr'><strong>Nil</strong></span> <span class='ocrx_word' id='word_1_286' title='bbox 1149 1557 1353 1605; x_wconf 88' lang='lat' dir='ltr'><strong>desperare</strong></span> <span class='ocrx_word' id='word_1_287' title='bbox 1383 1558 1502 1604; x_wconf 89' lang='lat' dir='ltr'><strong>peius,</strong></span> 
     </span>
    </p>

    <p class='ocr_par' dir='ltr' id='par_1_24' title="bbox 1052 1615 1638 1775">
     <span class='ocr_line' id='line_1_52' title="bbox 1054 1615 1540 1662; baseline -0.002 -10"><span class='ocrx_word' id='word_1_288' title='bbox 1054 1615 1118 1652; x_wconf 93' lang='lat' dir='ltr'><strong>Nil</strong></span> <span class='ocrx_word' id='word_1_289' title='bbox 1149 1615 1280 1661; x_wconf 86' lang='lat' dir='ltr'><strong>putavi</strong></span> <span class='ocrx_word' id='word_1_290' title='bbox 1311 1615 1540 1662; x_wconf 82' lang='lat' dir='ltr'><strong>perversius,</strong></span> 
     </span>
     <span class='ocr_line' id='line_1_53' title="bbox 1052 1671 1638 1721; baseline 0 -12"><span class='ocrx_word' id='word_1_291' title='bbox 1052 1672 1294 1721; x_wconf 86' lang='lat' dir='ltr'><strong>Praesertim,</strong></span> <span class='ocrx_word' id='word_1_292' title='bbox 1327 1672 1359 1708; x_wconf 91' lang='lat' dir='ltr'><strong>si</strong></span> <span class='ocrx_word' id='word_1_293' title='bbox 1390 1675 1443 1717; x_wconf 90' lang='grc'>111,</span> <span class='ocrx_word' id='word_1_294' title='bbox 1475 1671 1638 1715; x_wconf 84' lang='lat' dir='ltr'><strong>domina,</strong></span> 
     </span>
     <span class='ocr_line' id='line_1_54' title="bbox 1052 1727 1583 1775; baseline 0.002 -9"><span class='ocrx_word' id='word_1_295' title='bbox 1052 1729 1142 1766; x_wconf 87' lang='lat' dir='ltr'><strong>Mea</strong></span> <span class='ocrx_word' id='word_1_296' title='bbox 1172 1727 1320 1775; x_wconf 88' lang='lat' dir='ltr'><strong>perfers</strong></span> <span class='ocrx_word' id='word_1_297' title='bbox 1352 1729 1583 1775; x_wconf 85' lang='lat' dir='ltr'><strong>precamina.</strong></span> 
     </span>
    </p>
   </div>
   <div class='ocr_carea' id='block_1_18' title="bbox 1013 1841 1650 1892">
    <p class='ocr_par' dir='ltr' id='par_1_25' title="bbox 1013 1841 1650 1892">
     <span class='ocr_line' id='line_1_55' title="bbox 1013 1841 1650 1892; baseline -0.003 -11"><span class='ocrx_word' id='word_1_298' title='bbox 1013 1873 1021 1881; x_wconf 91' lang='lat'><strong>.</strong></span> <span class='ocrx_word' id='word_1_299' title='bbox 1055 1841 1146 1880; x_wconf 87' lang='lat' dir='ltr'><strong>Cum</strong></span> <span class='ocrx_word' id='word_1_300' title='bbox 1177 1845 1301 1879; x_wconf 84' lang='lat' dir='ltr'><strong>mente</strong></span> <span class='ocrx_word' id='word_1_301' title='bbox 1332 1846 1453 1879; x_wconf 83' lang='lat' dir='ltr'><strong>tracto</strong></span> <span class='ocrx_word' id='word_1_302' title='bbox 1486 1842 1650 1892; x_wconf 84' lang='lat' dir='ltr'><strong>angelos,</strong></span> 
     </span>
    </p>
   </div>
   <div class='ocr_carea' id='block_1_19' title="bbox 1054 1899 1598 2060">
    <p class='ocr_par' dir='ltr' id='par_1_26' title="bbox 1054 1899 1598 2060">
     <span class='ocr_line' id='line_1_56' title="bbox 1055 1899 1568 1949; baseline 0 -13"><span class='ocrx_word' id='word_1_303' title='bbox 1055 1899 1266 1947; x_wconf 86' lang='lat' dir='ltr'><strong>Prophetas</strong></span> <span class='ocrx_word' id='word_1_304' title='bbox 1298 1902 1335 1936; x_wconf 77' lang='lat' dir='ltr'><strong>et.</strong></span> <span class='ocrx_word' id='word_1_305' title='bbox 1365 1900 1568 1949; x_wconf 87' lang='lat' dir='ltr'><strong>apostolos,</strong></span> 
     </span>
     <span class='ocr_line' id='line_1_57' title="bbox 1054 1956 1502 2004; baseline 0.002 -12"><span class='ocrx_word' id='word_1_306' title='bbox 1054 1956 1284 1993; x_wconf 88' lang='lat' dir='ltr'><strong>Victoriosos</strong></span> <span class='ocrx_word' id='word_1_307' title='bbox 1314 1960 1502 2004; x_wconf 82' lang='lat' dir='ltr'><strong>martyres</strong></span> 
     </span>
     <span class='ocr_line' id='line_1_58' title="bbox 1054 2012 1598 2060; baseline 0 -10"><span class='ocrx_word' id='word_1_308' title='bbox 1054 2012 1105 2050; x_wconf 83' lang='lat' dir='ltr'><strong>Et</strong></span> <span class='ocrx_word' id='word_1_309' title='bbox 1135 2012 1389 2060; x_wconf 87' lang='lat' dir='ltr'><strong>praepudicos</strong></span> <span class='ocrx_word' id='word_1_310' title='bbox 1421 2013 1598 2060; x_wconf 83' lang='lat' dir='ltr'><strong>virgines.</strong></span> 
     </span>
    </p>
   </div>
   <div class='ocr_carea' id='block_1_20' title="bbox 1054 2125 1562 2335">
    <p class='ocr_par' dir='ltr' id='par_1_27' title="bbox 1055 2125 1549 2230">
     <span class='ocr_line' id='line_1_59' title="bbox 1056 2125 1549 2173; baseline 0.002 -11"><span class='ocrx_word' id='word_1_311' title='bbox 1056 2125 1192 2163; x_wconf 86' lang='lat' dir='ltr'><strong>Nullus</strong></span> <span class='ocrx_word' id='word_1_312' title='bbox 1223 2126 1316 2163; x_wconf 93' lang='lat' dir='ltr'><strong>mihi</strong></span> <span class='ocrx_word' id='word_1_313' title='bbox 1346 2126 1549 2173; x_wconf 85' lang='lat' dir='ltr'><strong>potentior,</strong></span> 
     </span>
     <span class='ocr_line' id='line_1_60' title="bbox 1055 2182 1519 2230; baseline 0.002 -11"><span class='ocrx_word' id='word_1_314' title='bbox 1055 2182 1191 2219; x_wconf 88' lang='lat' dir='ltr'><strong>Nullus</strong></span> <span class='ocrx_word' id='word_1_315' title='bbox 1222 2183 1519 2230; x_wconf 79' lang='lat' dir='ltr'><strong>misericordior,</strong></span> 
     </span>
    </p>

    <p class='ocr_par' dir='ltr' id='par_1_28' title="bbox 1054 2239 1562 2335">
     <span class='ocr_line' id='line_1_61' title="bbox 1054 2239 1538 2289; baseline 0.002 -13"><span class='ocrx_word' id='word_1_316' title='bbox 1054 2239 1209 2276; x_wconf 89' lang='lat' dir='ltr'><strong>Illorum</strong></span> <span class='ocrx_word' id='word_1_317' title='bbox 1240 2250 1335 2288; x_wconf 88' lang='lat' dir='ltr'><strong>pace</strong></span> <span class='ocrx_word' id='word_1_318' title='bbox 1367 2240 1538 2289; x_wconf 85' lang='lat' dir='ltr'><strong>dixerim,</strong></span> 
     </span>
     <span class='ocr_line' id='line_1_62' title="bbox 1055 2296 1562 2335; baseline 0.004 -3"><span class='ocrx_word' id='word_1_319' title='bbox 1055 2296 1215 2333; x_wconf 89' lang='lat' dir='ltr'><strong>Videtur</strong></span> <span class='ocrx_word' id='word_1_320' title='bbox 1245 2301 1365 2334; x_wconf 85' lang='lat' dir='ltr'><strong>matre</strong></span> <span class='ocrx_word' id='word_1_321' title='bbox 1397 2297 1562 2335; x_wconf 92' lang='lat' dir='ltr'><strong>Domini.</strong></span> 
     </span>
    </p>
   </div>
   <div class='ocr_carea' id='block_1_21' title="bbox 1057 2410 1662 2628">
    <p class='ocr_par' dir='ltr' id='par_1_29' title="bbox 1057 2410 1662 2571">
     <span class='ocr_line' id='line_1_63' title="bbox 1057 2410 1662 2459; baseline -0.002 -12"><span class='ocrx_word' id='word_1_322' title='bbox 1057 2412 1298 2459; x_wconf 80' lang='lat' dir='ltr'><strong>Quapropter</strong></span> <span class='ocrx_word' id='word_1_323' title='bbox 1328 2411 1425 2448; x_wconf 86' lang='lat' dir='ltr'><strong>hanc</strong></span> <span class='ocrx_word' id='word_1_324' title='bbox 1457 2410 1662 2458; x_wconf 79' lang='lat' dir='ltr'><strong>praecipue</strong></span> 
     </span>
     <span class='ocr_line' id='line_1_64' title="bbox 1057 2466 1571 2506; baseline -0.004 0"><span class='ocrx_word' id='word_1_325' title='bbox 1057 2469 1260 2506; x_wconf 82' lang='lat' dir='ltr'><strong>Patronam</strong></span> <span class='ocrx_word' id='word_1_326' title='bbox 1292 2479 1412 2505; x_wconf 88' lang='lat' dir='ltr'><strong>meam</strong></span> <span class='ocrx_word' id='word_1_327' title='bbox 1445 2466 1571 2505; x_wconf 85' lang='lat' dir='ltr'><strong>facere</strong></span> 
     </span>
     <span class='ocr_line' id='line_1_65' title="bbox 1057 2524 1421 2571; baseline 0 -11"><span class='ocrx_word' id='word_1_328' title='bbox 1057 2524 1163 2561; x_wconf 83' lang='lat' dir='ltr'><strong>Nihil</strong></span> <span class='ocrx_word' id='word_1_329' title='bbox 1195 2525 1421 2571; x_wconf 85' lang='lat' dir='ltr'><strong>religiosius,</strong></span> 
     </span>
    </p>

    <p class='ocr_par' dir='ltr' id='par_1_30' title="bbox 1057 2580 1518 2628">
     <span class='ocr_line' id='line_1_66' title="bbox 1057 2580 1518 2628; baseline 0.004 -11"><span class='ocrx_word' id='word_1_330' title='bbox 1057 2580 1162 2618; x_wconf 90' lang='lat' dir='ltr'><strong>Nihil</strong></span> <span class='ocrx_word' id='word_1_331' title='bbox 1195 2586 1285 2628; x_wconf 88' lang='lat' dir='ltr'><strong>puto</strong></span> <span class='ocrx_word' id='word_1_332' title='bbox 1316 2580 1518 2619; x_wconf 88' lang='lat' dir='ltr'><strong>salubrius.</strong></span> 
     </span>
    </p>
   </div>
   <div class='ocr_carea' id='block_1_22' title="bbox 1055 2693 1683 2912">
    <p class='ocr_par' dir='ltr' id='par_1_31' title="bbox 1055 2693 1683 2912">
     <span class='ocr_line' id='line_1_67' title="bbox 1056 2693 1532 2741; baseline 0 -10"><span class='ocrx_word' id='word_1_333' title='bbox 1056 2695 1171 2741; x_wconf 81' lang='lat' dir='ltr'><strong>Ergo,</strong></span> <span class='ocrx_word' id='word_1_334' title='bbox 1204 2698 1325 2732; x_wconf 85' lang='lat' dir='ltr'><strong>mater</strong></span> <span class='ocrx_word' id='word_1_335' title='bbox 1353 2693 1532 2731; x_wconf 85' lang='lat' dir='ltr'><strong>melliflua</strong></span> 
     </span>
     <span class='ocr_line' id='line_1_68' title="bbox 1055 2751 1533 2798; baseline 0 -10"><span class='ocrx_word' id='word_1_336' title='bbox 1055 2752 1105 2789; x_wconf 82' lang='lat' dir='ltr'><strong>Et</strong></span> <span class='ocrx_word' id='word_1_337' title='bbox 1140 2751 1245 2798; x_wconf 78' lang='lat' dir='ltr'><strong>virgo</strong></span> <span class='ocrx_word' id='word_1_338' title='bbox 1277 2752 1533 2798; x_wconf 84' lang='lat' dir='ltr'><strong>pudicissima,</strong></span> 
     </span>
     <span class='ocr_line' id='line_1_69' title="bbox 1057 2808 1662 2855; baseline 0.002 -11"><span class='ocrx_word' id='word_1_339' title='bbox 1057 2809 1167 2845; x_wconf 84' lang='lat' dir='ltr'><strong>Nunc</strong></span> <span class='ocrx_word' id='word_1_340' title='bbox 1198 2809 1235 2844; x_wconf 90' lang='lat' dir='ltr'><strong>in</strong></span> <span class='ocrx_word' id='word_1_341' title='bbox 1268 2808 1459 2855; x_wconf 85' lang='lat' dir='ltr'><strong>praesenti</strong></span> <span class='ocrx_word' id='word_1_342' title='bbox 1490 2809 1662 2846; x_wconf 74' lang='lat' dir='ltr'><strong>sentiam.</strong></span> 
     </span>
     <span class='ocr_line' id='line_1_70' title="bbox 1055 2865 1683 2912; baseline 0 -11"><span class='ocrx_word' id='word_1_343' title='bbox 1055 2868 1172 2912; x_wconf 71' lang='lat' dir='ltr'><strong>Quam</strong></span> <span class='ocrx_word' id='word_1_344' title='bbox 1205 2865 1252 2901; x_wconf 80' lang='lat' dir='ltr'><strong>(le</strong></span> <span class='ocrx_word' id='word_1_345' title='bbox 1283 2870 1320 2901; x_wconf 84' lang='lat' dir='ltr'><strong>te</strong></span> <span class='ocrx_word' id='word_1_346' title='bbox 1351 2865 1411 2910; x_wconf 89' lang='lat' dir='ltr'><strong>do,</strong></span> <span class='ocrx_word' id='word_1_347' title='bbox 1445 2866 1683 2902; x_wconf 77' lang='lat' dir='ltr'><strong>sententiam.</strong></span> 
     </span>
    </p>
   </div>
   <div class='ocr_carea' id='block_1_23' title="bbox 1437 2930 1483 2962">
    <p class='ocr_par' dir='ltr' id='par_1_32' title="bbox 1437 2930 1483 2962">
     <span class='ocr_line' id='line_1_71' title="bbox 1437 2930 1483 2962; baseline 0 -17"><span class='ocrx_word' id='word_1_348' title='bbox 1437 2930 1483 2962; x_wconf 75' lang='lat'><strong>7.</strong></span> 
     </span>
    </p>
   </div>
  </div>
 </body>
</html>
