1914 3223
770 160 1077 201 —479—

87 309 92 312 Ι
132 269 191 304 53.
227 270 258 302 Α
283 269 458 302 mundana
482 270 674 303 christiana
956 271 1010 304 56.
1049 273 1331 312 Benedicterex,
1360 277 1477 307 emitte

272 315 383 356 Plaga
408 325 494 348 sana
520 320 660 358 pectora
1092 320 1226 351 Lumen
1251 321 1345 352 vitae
1371 321 1555 358 mentibus

228 360 275 393 Et
300 365 472 393 sustentes
498 365 532 393 te
556 361 748 399 credentes,
1048 365 1203 406 Regnum
1232 367 1340 406 pati-is
1367 366 1457 398 dona
1483 368 1603 398 matris

272 406 406 447 Aegras
431 411 564 438 mentes
590 407 727 439 robora.
1092 410 1220 441 Sacrae
1246 413 1354 442 sacris
1381 412 1553 453 precibus.

136 472 191 507 54.
228 474 302 506 Rex
327 473 513 512 tremende,
540 486 601 506 nos
627 475 781 513 defende,
957 474 1011 508 57.
1049 477 1122 509 Rex
1147 479 1326 511 virtutum.
1351 479 1452 510 nobis
1479 483 1590 511 tutum

273 519 382 550 Nobis
409 519 510 552 tende
535 519 724 558 dexteram,
1094 522 1228 554 Praebe
1252 529 1386 555 scutum
1415 524 1504 561 fidei,

227 565 409 596 Inimicam
436 568 470 597 et
494 567 674 607 antiquam
1048 568 1089 598 In
1115 578 1301 609 supernum
1329 574 1362 601 et
1388 575 1568 611 paternum

273 609 395 642 Sterue
419 611 549 642 victam
574 613 740 653 viperam.
1095 613 1162 644 Fac
1188 624 1250 644 nos
1277 624 1420 656 regnum
1448 615 1602 657 provehi.

133 677 189 711 55.
229 676 259 708 A
285 677 386 710 leone
411 682 445 709 et
471 678 630 716 dracone,
956 677 1010 711 58.
1049 680 1102 712 Sit
1127 680 1291 719 messiae,
1317 683 1361 713 sit
1388 683 1520 715 Mariae

272 723 352 754 Iesu
377 724 479 761 bone,
504 723 626 759 libera.
1093 726 1194 757 Omni
1221 726 1276 757 die
1302 729 1426 768 gratia,

227 769 322 808 Quos
347 767 390 800 de
415 770 525 810 portis
551 771 657 801 traxit
684 771 804 801 mortis
1049 770 1156 809 Patri,
1183 772 1272 812 proli
1301 777 1330 803 et
1357 775 1464 804 amori

270 813 347 845 Tua
372 814 474 846 fortis
499 814 651 847 dextera.
1093 817 1167 848 Deo
1195 817 1260 848 soli
1286 818 1410 859 gloria.

224 882 338 914 Pars
370 883 457 914 XIII
483 897 525 907 Ξ
552 883 716 924 Rhythm.
743 883 787 921 X,
814 881 940 924 1-30;
967 884 1043 922 XV,
1069 882 1199 924 2-2ος
1224 884 1335 916 daun:

612 948 666 982 50.
706 951 905 983 Benedictis
931 961 951 983 a
976 951 1114 983 delictis

753 997 825 1028 Nos
851 996 1001 1029 emunda
1026 998 1199 1038 precibus,

707 1042 755 1074 Ut
780 1043 918 1085 purgati
944 1043 1052 1074 simus
1078 1044 1151 1084 apti

753 1088 855 1130 Iungi
881 1087 971 1120 caeli
996 1088 1145 1119 civibus.

131 1154 236 1194 Quod
264 1157 435 1196 optamus,
461 1155 553 1197 quod
580 1165 742 1197 rogamus
767 1166 849 1187 nsw.
868 1173 912 1178 —
929 1155 1034 1188 Pater
1060 1157 1166 1195 Deus,
1192 1155 1242 1188 fili
1268 1157 1363 1189 Deus
1390 1168 1473 1189 usw.
1493 1176 1533 1180 —
1554 1158 1703 1190 Endlich

132 1201 176 1238 X,
202 1197 353 1232 37—43.

788 1248 908 1285 l'ars
949 1248 1052 1286 XIV.

158 1321 188 1356 1.
225 1324 255 1356 O
279 1324 404 1362 Maria,
431 1335 450 1356 o
475 1328 513 1355 tu
538 1326 606 1366 pia,
980 1323 1011 1358 9.
1048 1326 1210 1357 Puriores
1236 1330 1375 1367 praesta
1400 1337 1523 1361 mores,

268 1369 421 1411 Fulgens
447 1369 680 1406 diademate,
1094 1372 1152 1410 Ut,
1179 1371 1270 1412 quod
1296 1371 1427 1405 horres.
1453 1372 1622 1411 horream,

225 1414 349 1446 Cordis
375 1425 500 1455 penum
526 1415 580 1447 fac
606 1426 776 1449 serenum.
1046 1417 1145 1448 Meos
1171 1427 1270 1448 renes
1297 1418 1347 1448 sic
1372 1418 1522 1449 refrenes

270 1460 368 1492 Sacri
394 1460 534 1502 plenum
560 1465 756 1503 pneumate.
1094 1462 1153 1500 Ut,
1178 1462 1269 1504 qnod
1295 1466 1402 1500 tenes,
1428 1467 1576 1495 teneam.

152 1525 186 1560 2.
223 1528 316 1560 Fons
342 1528 508 1567 medelae,
535 1529 752 1571 corruptelae
958 1527 1008 1562 10.
1045 1531 1131 1562 Post
1155 1531 1337 1568 tumultus,
1362 1534 1441 1572 post
1465 1531 1639 1573 singultus

270 1573 382 1612 Meae,
408 1573 485 1606 dele
509 1575 655 1613 facinus,
1092 1577 1157 1607 Dei
1183 1576 1318 1607 vultum
1343 1575 1494 1613 videam,

224 1618 298 1661 Ope
324 1629 464 1659 precum
488 1620 540 1652 fer
563 1619 655 1652 hunc
679 1624 804 1657 tecum,
1048 1620 1302 1662 Sempiternam
1329 1625 1362 1653 et
1387 1626 1562 1653 aeternam

270 1664 317 1697 Ut
344 1665 391 1696 sit
414 1675 547 1697 mecum
574 1666 757 1697 Dominus.
1093 1667 1219 1698 Pacem
1244 1671 1374 1699 certam
1400 1667 1557 1698 habeam.

152 1730 186 1765 3.
223 1732 331 1774 Opem
359 1743 456 1764 suam
483 1737 586 1775 atque
613 1738 720 1772 tuam,
954 1732 1004 1766 ll.
1043 1735 1121 1766 Non
1146 1745 1300 1771 casuros
1327 1745 1396 1766 non
1424 1735 1584 1776 lapsui-os

271 1779 317 1811 Ut
343 1789 412 1810 non
438 1789 547 1816 ruam,
576 1780 709 1820 flagito,
1088 1780 1235 1812 Cernam
1261 1791 1376 1825 muros
1401 1780 1536 1822 gloriae

223 1823 322 1856 Caeli
349 1824 444 1856 scala
470 1825 603 1866 pellens
629 1825 721 1856 mala
1042 1825 1089 1857 Et
1113 1835 1276 1857 sonorum
1303 1826 1402 1857 illum
1427 1826 1569 1857 chorum

266 1869 324 1900 Me
349 1870 413 1901 sub
439 1869 496 1901 ala
521 1871 641 1911 tegito.
1087 1871 1258 1902 Filiorum
1284 1871 1429 1913 gloriae.

149 1934 184 1968 4.
220 1936 302 1968 Flos
317 1936 617 1980 fraglascens,flos
630 1949 700 1969 non
713 1948 882 1977 marcens,
955 1935 1007 1970 12.
1043 1939 1214 1971 Praesens
1241 1939 1307 1970 Dei
1332 1939 1435 1971 faciei

265 1981 413 2014 Fructus
437 1993 585 2025 pascens
610 1984 766 2026 angelos,
1089 1984 1227 2016 Laudes
1253 1986 1284 2015 ei
1308 1995 1478 2021 resonem,

221 2027 303 2059 Flos
328 2032 502 2070 provecte,
527 2029 590 2061 flos
616 2029 724 2061 electe
1044 2030 1230 2061 Iubilando
1257 2034 1291 2061 et
1314 2030 1488 2062 cantando

266 2073 321 2104 Ad
347 2084 400 2105 me
426 2074 523 2106 flecte
549 2075 681 2106 oculos.
1091 2076 1159 2108 Ore
1186 2075 1313 2107 blando
1340 2076 1506 2106 intonem.

151 2138 185 2172 5.
222 2141 264 2172 In
289 2141 356 2173 hoc
381 2141 468 2174 freto
495 2143 652 2183 inquieto
956 2140 1006 2176 13.
1044 2143 1161 2175 David
1186 2143 1312 2185 proles,
1339 2144 1428 2174 sicut
1454 2143 1556 2180 soles,

268 2186 415 2218 Cursum
441 2191 521 2229 peto
548 2189 707 2227 liberum,
1091 2188 1196 2221 Solve
1221 2189 1329 2220 moles
1355 2188 1534 2221 scelernm.

221 2232 296 2264 Deo
322 2242 404 2264 cara
429 2237 463 2265 et
486 2233 678 2274 praeclara,
1045 2234 1097 2266 Ad
1125 2235 1328 2277 magistrum
1354 2234 1469 2265 Iesum
1495 2232 1670 2265 Christum

266 2277 410 2310 Portum
435 2288 521 2320 para
546 2289 760 2321 prosperum.
1092 2280 1210 2312 Reduc
1235 2281 1338 2311 istum
1366 2280 1540 2310 miserum.

153 2342 187 2377 6.
222 2345 301 2376 Lux
326 2349 495 2383 exortum,
521 2346 587 2378 duc
611 2346 655 2378 ad
680 2351 817 2389 portum
952 2345 1002 2378 14.
1039 2347 1126 2379 Post
1149 2357 1299 2379 errorem
1327 2346 1369 2378 ad
1395 2350 1570 2386 pastorem

266 2391 338 2422 Nos
365 2393 426 2433 per
449 2391 566 2423 lumen
591 2393 736 2435 gratiae,
1087 2393 1205 2425 Reduc
1230 2402 1330 2424 ovem
1356 2391 1541 2432 perditam,

219 2436 261 2467 In
286 2435 351 2468 hoc
377 2436 452 2468 salo
480 2447 543 2468 nos
569 2447 589 2468 a
615 2438 706 2469 malo
1042 2437 1261 2478 Aspirandae
1287 2442 1319 2469 et
1345 2436 1539 2478 sperandae

266 2480 384 2520 Salva,
410 2483 510 2525 virgo
537 2483 683 2524 gloriae.
1087 2484 1188 2515 Vitae
1214 2482 1326 2524 pande
1353 2483 1525 2513 semitam.

153 2546 184 2579 7.
222 2549 336 2580 Mater
361 2549 469 2587 ducis,
496 2559 584 2590 quae
611 2550 772 2591 producis
954 2548 1006 2583 15.
1043 2551 1114 2582 Ora
1140 2552 1262 2583 Deum.
1290 2560 1434 2591 poscens
1462 2559 1550 2585 eum,

267 2593 415 2626 Germen
440 2595 528 2626 lucis
554 2595 743 2633 hominum,
1088 2596 1136 2628 Ut
1161 2595 1250 2627 hunc
1277 2605 1370 2627 reum
1398 2595 1522 2626 liberet

220 2639 278 2670 Me
303 2640 340 2670 in
363 2649 468 2682 grege
494 2639 622 2671 Christi
649 2651 728 2683 rege
1042 2643 1094 2673 Ne
1119 2641 1286 2672 molestus
1313 2644 1346 2672 et
1371 2640 1516 2671 infestus

266 2684 312 2716 Et
338 2685 374 2715 in
398 2684 475 2726 lege
501 2686 653 2717 Domini.
1085 2687 1208 2718 Carnis
1234 2689 1351 2717 aestus
1376 2689 1525 2727 superet.

147 2749 182 2784 8.
219 2752 287 2790 Da,
311 2753 471 2784 timorem
497 2757 531 2784 et
555 2753 712 2786 ardorem
952 2751 1003 2786 16.
1042 2754 1189 2785 Carnem
1215 2752 1322 2792 frena,
1343 2762 1402 2784 eor
1427 2762 1561 2790 serena,

268 2797 393 2830 Carnis
418 2797 549 2840 plorem
576 2799 705 2841 iugiter
1086 2799 1193 2839 Virgo
1218 2798 1321 2842 plena
1345 2799 1469 2839 gratia,

222 2840 269 2874 Et
293 2847 332 2874 ut
355 2853 448 2875 ream
474 2845 582 2875 vitam
608 2854 719 2876 meam
1041 2844 1195 2875 Lumbos
1221 2844 1362 2885 stringe,
1389 2853 1448 2874 cor
1472 2844 1615 2885 accinge

266 2888 430 2920 Gaudens
455 2889 554 2921 fleam
580 2889 735 2922 dulciter.
1085 2889 1214 2920 Mentis
1239 2893 1334 2930 terge
1359 2889 1458 2920 vitia.
