1914 3223
155 559 226 595 4a.

156 922 225 958 5a.

157 1279 227 1316 6a.

158 2103 232 2143 8a.

162 2575 232 2612 9a.

153 309 222 347 33.
263 308 363 346 Huic
394 307 432 345 in
464 308 709 345 Laudunensi
740 319 836 355 pago

264 364 373 401 Felix
404 368 509 401 ortus
541 369 577 400 et
609 375 777 411 propago

323 420 435 458 Clara
466 425 664 468 parentum
695 421 814 470 serie3

268 557 456 603 Princeps
487 556 549 593 hic
577 556 793 604 praesulum

266 612 501 651 Francorum
532 613 714 660 populum

268 670 380 708 Prius
410 670 660 719 incredulum,

271 727 394 774 Super
422 737 532 773 quem
563 726 736 764 zabulum

324 784 500 830 Regnare
530 783 713 831 repperit,

266 919 329 957 Ad
361 923 511 966 portum
543 918 700 966 gratiae,

269 976 390 1013 Datos
420 973 606 1022 perfidiae

268 1031 448 1070 Reddens
477 1031 646 1070 iustitiae

269 1089 387 1126 Navis
420 1088 603 1125 ecclesiae

325 1145 467 1183 Rector
498 1145 682 1192 egregius

269 1275 394 1314 Claret
427 1275 475 1313 ab
508 1275 665 1313 exordio

267 1332 406 1370 Sancta
438 1332 689 1377 conversatio,

324 1389 489 1427 Deitatis
520 1399 675 1426 munere

325 1445 441 1493 Signa
472 1446 597 1493 coepit
627 1455 752 1493 agere,

267 1503 366 1540 Dum
397 1502 522 1540 adhuc
553 1503 718 1539 nutricio

325 1559 514 1597 Penderet
545 1558 593 1597 ab
624 1558 753 1599 ubere.

221 1720 229 1728 .
271 1689 444 1727 Necdum
475 1689 695 1728 adoleverat

268 1746 374 1794 Cum,
406 1747 504 1784 sicut
536 1746 738 1796 didicerat,

325 1803 373 1840 Se
404 1803 594 1840 subtraxit
624 1804 780 1854 populo,

322 1860 496 1897 Retraxit
528 1871 550 1897 a
580 1860 732 1898 saeculo

270 1916 422 1963 Pedem,
456 1927 529 1964 quo
559 1916 624 1954 vix
654 1921 811 1955 steterat

329 1974 373 2010 In
406 1973 486 2010 eius
517 1973 716 2011 vestibulo.

277 2103 439 2151 Captum
471 2108 609 2154 mente,

328 2160 572 2198 constrictum
605 2161 764 2199 vinculis

272 2217 441 2266 Inopiae,

332 2279 524 2311 carentem
555 2274 688 2321 oculis7

273 2330 400 2368 Verbo
430 2331 556 2380 solvit,

330 2392 478 2425 recreat
511 2388 644 2435 epulis⁷

385 2444 551 2482 Decorat
581 2444 736 2483 lumine.

276 2572 553 2622 Conflagrantis

327 2630 433 2668 urbis
465 2631 706 2670 Remensium

273 2688 323 2727 Se
355 2687 449 2725 dans
479 2687 601 2735 globis

332 2742 582 2791 flammarum,
616 2744 741 2781 ovium

277 2800 395 2839 sedat
425 2800 543 2848 ignes⁷

333 2857 400 2894 sed
432 2862 469 2894 et
502 2857 741 2895 daemonium

390 2914 546 2952 Puellae
578 2913 716 2950 nobilis

873 197 926 235 ὀμ

964 294 992 347 '3
1011 308 1047 347 b.
1081 305 1325 346 Lauduuensi
1361 318 1458 355 pago
1488 314 1596 345 natus

1083 365 1184 411 Fuit,
1217 365 1284 402 sed
1319 364 1627 412 praedestinatus

1141 423 1254 460 Pater
1285 421 1460 459 Remcnsi
1493 421 1651 468 patriae.

975 556 1052 595 4b.
1086 557 1154 603 Eo,
1188 557 1288 604 quod
1320 558 1435 604 impio

1088 613 1146 650 De
1176 613 1245 650 sub
1279 613 1442 651 dominio

1088 670 1252 716 Raptum
1287 670 1442 718 remigio

1091 726 1374 764 Praedicatorio

1118 783 1334 821 Prudenter
1365 784 1525 821 traxerit

975 918 1053 958 5b.
1087 918 1177 956 Fuit
1210 918 1391 956 divinitus

1088 977 1303 1023 Antequam
1335 975 1483 1023 genitus

1089 1031 1250 1069 Nomine
1283 1033 1453 1079 cognitus

1091 1088 1142 1126 Et
1172 1099 1282 1126 sacra
1312 1088 1487 1136 proditus

1150 1146 1251 1182 Voce
1282 1145 1486 1193 Remigius

977 1277 1000 1314 6
1020 1275 1057 1316 b.
1091 1276 1171 1322 Quo
1202 1276 1367 1313 nutritus
1400 1274 1537 1322 fuerat,

1089 1332 1207 1370 Lacte
1235 1333 1368 1370 matris
1400 1337 1543 1370 reserat

1147 1389 1335 1426 Liniendo
1365 1389 1510 1426 loculos

1148 1446 1348 1484 Oculorum
1380 1446 1508 1483 oculos

1090 1503 1196 1547 Eius,
1229 1503 1292 1550 qui
1323 1503 1569 1550 praedixerat

1147 1560 1262 1597 Ortus
1291 1559 1349 1596 sui
1380 1559 1524 1599 titulos

980 1691 1000 1728 7
1022 1689 1056 1730 b.
1090 1690 1320 1727 Declaratur
1350 1688 1525 1736 pontifex

1092 1746 1140 1784 Et
1171 1746 1305 1783 salutis
1337 1745 1467 1793 opifex

1148 1803 1322 1850 Spiritali
1353 1803 1493 1840 lumine

1147 1858 1330 1897 Perfusus
1365 1864 1401 1896 et
1434 1859 1608 1908 unguine,

1091 1916 1230 1963 Fitque
1261 1926 1370 1953 sacer
1399 1915 1565 1954 sacrifex

1149 1973 1286 2012 Coram
1318 1983 1428 2010 sacra
1460 1973 1618 2020 virgine.

981 2105 1004 2143 8
1024 2103 1061 2142 b.
1094 2103 1157 2142 Sic
1187 2103 1313 2141 unitas

1153 2171 1298 2197 summa
1328 2170 1398 2207 per
1429 2158 1624 2206 famulum,

1095 2217 1294 2254 Trinitatis

1152 2274 1334 2310 cultorem
1367 2272 1552 2319 sedulum,

1092 2330 1282 2377 Operatur

1150 2397 1224 2424 nno
1254 2386 1478 2424 miraculum

1209 2443 1367 2481 Trinum
1399 2443 1438 2480 in
1472 2443 1634 2480 homine.

982 2571 1062 2612 9b.
1094 2574 1219 2622 Fugat
1250 2572 1343 2611 fusis

1152 2631 1203 2669 ad
1235 2631 1356 2668 Deum
1387 2630 1564 2677 precibus

1097 2688 1149 2726 Et
1179 2698 1266 2724 mox
1297 2686 1430 2724 mortis

1153 2744 1347 2781 addictum
1379 2743 1527 2791 legibus

1099 2801 1324 2839 Redivivam

1154 2857 1282 2895 reddit
1314 2860 1450 2903 parent
1467 2856 1550 2897 bus,

1213 2913 1269 2951 Ob
1301 2913 1371 2950 hoc
1402 2913 1488 2960 plus
1524 2913 1688 2950 humilis.
