2031 3289
861 206 1168 247 —436—

816 310 1096 366 Rhythmus
1137 320 1220 357 VII.

281 422 301 459 1
311 449 319 459 .
352 421 434 459 Lux
443 425 545 457 sanct
553 430 670 465 orum,
682 430 768 466 spes
776 421 980 466 lapsorum,

412 476 526 524 Virgo
558 481 678 514 mater
710 476 875 524 Domini,

352 533 423 570 Per
453 543 563 579 quam
595 533 674 570 vita
705 532 880 570 restituta

406 589 477 626 Est
506 588 684 635 perennis
715 588 867 638 homini,

281 697 317 733 2.
351 694 598 732 Gemebundo
630 694 746 731 corde
775 693 893 733 fundo

409 751 472 788 Ad
503 754 540 787 te
570 760 718 798 preces,
752 751 915 796 domina,

349 807 522 854 Namque
550 807 670 853 gravi,
704 817 814 854 quam
836 806 981 856 paravi,

411 864 568 901 Premor
599 863 716 900 valde
746 863 906 901 sarcina.

282 1028 319 1063 3.
353 1026 464 1065 Solve
495 1026 624 1074 moles,
657 1026 754 1063 sicut
785 1027 896 1075 soles,

407 1082 548 1128 Quibus
580 1093 733 1129 pressus
763 1083 882 1126 iaceo,

349 1139 399 1176 Et
430 1148 578 1189 excusa,
613 1138 713 1186 quod
744 1137 899 1176 confusa

407 1195 537 1232 Mente
570 1194 710 1232 factum
745 1195 867 1233 doleo.

279 1304 318 1342 4.
351 1302 470 1339 Dolor
491 1302 626 1349 ingens
649 1313 708 1339 me
727 1301 987 1350 constringens

410 1358 663 1396 Vehementer
695 1358 852 1405 cruciat,

351 1415 492 1461 Culpae
524 1415 642 1452 telum
675 1425 739 1451 cor
770 1414 949 1452 anhelum

413 1471 607 1518 Siquidem
643 1470 814 1508 dilaniat.

287 1582 324 1616 5.
357 1578 386 1616 O
417 1588 526 1624 quam
558 1578 667 1624 pravi
699 1581 735 1614 et
764 1578 890 1625 ignavi

413 1634 519 1682 Sunt,
538 1635 600 1680 qui
617 1634 796 1671 mundum
815 1634 989 1684 diligunt,

359 1690 443 1727 Non
475 1691 690 1738 attendunt,
724 1690 781 1727 cui
814 1691 979 1728 vendunt

416 1746 475 1793 Se,
508 1747 571 1793 qui
602 1747 724 1784 Deum
755 1746 960 1794 negligunt.

288 1857 324 1892 6.
358 1855 456 1891 Vere
488 1864 621 1892 caecus
654 1859 690 1891 et
717 1858 757 1891 ut
789 1865 916 1902 pecus,

414 1910 561 1957 Expers
593 1915 650 1947 est
680 1911 872 1955 scientiae,

357 1967 471 2013 Quem
487 1966 663 2004 deflectat
677 1967 758 2015 hoc,
771 1967 870 2014 quod
881 1977 986 2015 spec-

649 2028 706 2061 tat

419 2080 461 2116 In
494 2080 593 2116 valle
623 2079 810 2118 miseriae.

292 2187 326 2224 7.
360 2185 456 2222 Nam
465 2196 574 2233 quem
588 2185 752 2224 fructum
765 2187 837 2224 nisi
849 2187 988 2224 luctum

418 2243 616 2279 Praestant
646 2243 776 2280 mundi
807 2243 957 2290 gaudia,

359 2298 473 2337 Cuius
506 2309 595 2336 cura
626 2298 745 2346 gignit
777 2299 871 2337 dura

415 2354 569 2392 Miseris
599 2355 817 2402 supplicia?

291 2463 326 2500 8.
360 2461 479 2499 Parce
510 2460 614 2499 flenti
647 2467 683 2499 et
716 2463 870 2513 dolenti,

420 2517 569 2555 Summe
600 2529 724 2556 rerum
756 2519 911 2570 arbiter,

364 2573 461 2611 Nam
493 2575 674 2613 mandata
705 2587 773 2624 per
803 2580 840 2612 te
872 2576 961 2613 data

424 2630 511 2667 Sum
529 2636 788 2679 transgressus
805 2633 990 2678 nequiter.

295 2744 331 2779 9.
365 2742 560 2780 Erubesce
592 2746 625 2778 et
658 2741 811 2779 tabesco

423 2800 542 2837 Tuam
574 2799 710 2835 timens
741 2796 888 2844 faciem,

369 2855 463 2892 Dum
496 2865 662 2892 meorum
696 2853 917 2890 delictorum

423 2912 622 2957 Perpendo
654 2910 876 2957 congeriem.

1071 421 1135 458 10.
1170 420 1305 467 Ingens
1336 424 1456 456 metus
1487 425 1599 467 atque
1628 419 1737 457 fietus

1220 477 1346 514 Meam
1377 475 1505 513 turbat
1535 476 1709 522 animam,

1166 533 1286 570 Pavet
1308 543 1451 579 sensus,
1484 532 1570 569 dum
1592 543 1798 579 suspensus

1223 590 1367 627 Horam
1398 592 1533 635 pensat
1562 589 1748 626 ultimam.

1071 694 1138 733 11.
1169 694 1259 741 Quis
1291 692 1438 731 futurus
1469 699 1525 731 est
1552 705 1706 732 securus

1226 751 1267 787 In
1299 750 1364 788 illo
1396 751 1579 801 examine,

1169 806 1326 852 Quando
1356 810 1518 853 patent,
1561 817 1659 854 quae
1702 817 1801 844 nunc

1462 864 1593 911 latent,

1224 922 1420 966 Arguente
1449 918 1617 956 lumine‘.>

1072 1027 1134 1064 12.
1167 1026 1246 1072 Quo
1274 1026 1416 1077 dolore,
1449 1037 1520 1073 quo
1552 1036 1721 1063 maerore

1223 1082 1495 1129 Deprimentur
1525 1082 1665 1131 miseri,

1166 1139 1235 1185 Qui
1267 1138 1415 1186 abyssis
1447 1149 1517 1186 pro
1549 1138 1759 1176 commissis

1225 1195 1525 1243 Snbmergentur
1554 1193 1688 1232 inferi!
1732 1216 1743 1227 κ

1079 1302 1144 1340 13.
1176 1301 1354 1341 Ululatus
1385 1306 1421 1338 et
1453 1302 1622 1350 ploratus

1229 1359 1391 1395 Frustra
1423 1358 1567 1395 dabunt
1596 1358 1752 1405 perditi,

1175 1414 1265 1451 Cum
1297 1415 1451 1461 maligni
1482 1423 1593 1451 saevo
1623 1414 1700 1461 igni

1232 1468 1357 1509 Semel
1389 1475 1498 1507 erunt
1527 1470 1673 1510 traditi.

1077 1578 1139 1616 14.
1173 1578 1269 1624 Heu,
1302 1577 1391 1624 quid
1423 1577 1494 1625 egi,
1526 1587 1598 1623 quo
1627 1577 1781 1625 impegi,

1233 1635 1312 1679 Quo
1342 1632 1474 1670 infelix
1507 1633 1646 1671 cecidi!

1175 1691 1254 1736 Quo
1269 1690 1472 1736 deducunt,
1485 1700 1592 1737 quem
1606 1690 1805 1739 seducunt,

1233 1746 1406 1783 Fraudes
1438 1746 1556 1783 hostis
1587 1745 1745 1793 perfidi!

1079 1856 1142 1893 15.
1175 1855 1237 1892 Ad
1260 1863 1368 1900 quem
1389 1853 1553 1903 tendam,
1577 1857 1618 1890 ut
1639 1858 1804 1891 tremen-

1469 1910 1554 1947 dam

1231 1966 1403 2004 Evadam
1436 1965 1690 2005 sententiam?

1171 2024 1288 2070 Quem
1299 2023 1502 2070 requiram,
1516 2032 1699 2069 perquem
1709 2022 1805 2059 iram

1229 2079 1372 2117 Iudicis
1405 2078 1609 2126 effugiam?

1078 2187 1140 2225 16.
1174 2186 1203 2224 Ο
1235 2186 1371 2235 Maria,
1404 2196 1476 2232 qua
1506 2185 1638 2232 sophia

1230 2242 1377 2280 Prodiit
1408 2242 1594 2291 altissimi,

1172 2299 1224 2338 Ut
1255 2298 1446 2336 credendo
1477 2302 1515 2335 et
1544 2297 1739 2345 sequendo

1230 2355 1362 2393 Posset
1393 2354 1503 2392 homo
1534 2354 1681 2400 redimi,

1082 2464 1145 2501 lT‘.
1177 2462 1475 2501 Formidandum
1492 2461 1610 2498 redde
1623 2461 1805 2498 blandum

1234 2518 1402 2556 Iudicem
1434 2517 1681 2567 supplicibus,

1178 2575 1234 2612 Ne
1265 2575 1382 2612 iratus
1414 2574 1460 2611 ob
1493 2578 1619 2612 reatus

1233 2631 1363 2668 Saevis
1395 2631 1522 2668 tradat
1551 2630 1714 2677 ignibus.

1084 2740 1147 2777 18.
1181 2738 1284 2776 Caeli
1315 2738 1428 2786 scala,
1462 2735 1522 2774 fac
1552 2748 1610 2773 me
1640 2736 1751 2782 mala,

1233 2794 1336 2840 Quae
1365 2794 1598 2841 impugnant,
1630 2793 1780 2830 vincere

1180 2851 1227 2888 Et
1260 2851 1296 2887 in
1330 2850 1439 2894 bono,
1471 2850 1570 2896 quod
1601 2857 1784 2896 propono,

1236 2906 1459 2944 Constanter
1488 2906 1705 2952 persistere.

1998 2162 2002 2232 l

1996 2291 2000 2370 l

1996 2376 1999 2442 l
