2031 3289
868 215 1172 256 -524—

1054 331 1091 368 6.
1141 329 1216 365 Pro
1246 328 1357 366 beato
1383 328 1575 375 Stephano

1194 384 1264 421 tibi
1293 384 1565 430 benedicimus,

1140 441 1234 484 Rex,
1267 451 1405 478 corona
1435 444 1668 488 martyrum,

1195 497 1266 534 tibi
1296 501 1422 544 grates
1453 496 1612 543 agimus,

1142 553 1303 602 Imitari,
1335 553 1509 601 petimus,

243 337 279 374 5.
326 333 589 379 Protomartyr
620 331 823 379 Stephane,

381 389 444 435 qui
474 388 619 426 devotis
650 387 827 434 precibus

325 445 503 482 Exorasti
530 444 732 481 Dominum

380 512 450 547 pro
481 505 518 537 te
549 499 820 548 lapidantibus,

325 557 558 594 Assistentes
589 560 744 604 protege

380 614 454 650 tuis
483 613 672 660 laudibus,

436 670 610 719 Domine,

439 726 520 763 Tuo
550 726 743 773 sanguine.

1198 610 1260 655 da,
1292 609 1393 656 quod
1425 609 1595 654 colimus,

1253 666 1427 711 Domine,

1255 722 1330 760 Suo
1360 722 1554 769 sanguine.

330 814 395 855 Ep.
425 815 553 846 XXIV.
585 832 629 837 ——
660 814 702 847 G.
735 813 776 845 de
809 812 979 844 Basochis
1014 812 1046 844 b.
1081 810 1373 844 Cathalaunensis
1406 809 1575 842 ecelesiae
1609 808 1803 841 venerabili

241 861 474 891 concanonico
502 863 535 891 et
559 860 799 891 amantissimo
819 858 886 889 sibi
905 856 1148 898 philographo.
1169 878 1178 886 .
1197 880 1204 887 .
1225 880 1232 886 .
1250 873 1295 877 —-
1313 855 1471 888 Schluss:
1500 854 1587 896 „Sed
1606 858 1639 885 et
1657 864 1805 890 carmen,

241 906 305 937 etsi
329 905 415 936 forte
440 907 555 936 minus
580 904 769 942 laudabile⁷
793 903 1030 935 laudatorium
1057 906 1174 933 tamen
1199 901 1330 932 domini
1347 905 1381 933 et
1398 901 1535 942 patroni
1560 901 1671 931 nostri
1690 902 1804 940 proto-

241 952 404 992 martyris
438 951 482 983 ad
507 950 672 982 honorem
699 953 733 981 et
758 959 910 980 amorem
935 951 1031 979 tuum
1059 948 1142 979 flore
1167 947 1232 978 tibi
1257 946 1453 988 rhythmico
1479 945 1583 977 simul
1609 948 1644 976 et
1668 943 1804 975 rhetho-

240 997 313 1027 rico
352 995 467 1027 colore
500 995 661 1037 depinxi,
696 996 756 1036 qui
781 993 877 1025 color
902 995 993 1025 inter
1017 992 1229 1034 multiplices
1255 993 1387 1033 species
1412 991 1711 1023 annominationis
1736 999 1806 1021 non

241 1041 384 1072 ultimus
414 1041 609 1083 elegantiae
635 1039 874 1071 blandimento
901 1049 961 1080 per
988 1038 1293 1070 commutationem
1312 1047 1453 1069 casuum
1472 1035 1510 1068 fit
1526 1035 1592 1067 hoc
1610 1032 1744 1067 modo“.
1763 1053 1805 1057 -—

240 1087 345 1118 Mone
369 1087 435 1124 111,
461 1084 537 1118 510.

591 1191 673 1226 359.
712 1189 792 1233 (16.)
828 1190 886 1224 De
912 1199 946 1225 s.
973 1189 1123 1225 Thoma
1149 1187 1449 1225 cantuariensi.

243 1293 262 1331 1
285 1304 320 1331 a.
361 1289 1012 1338 Marterh1·isti‚quemlaudamus
1064 1290 1084 1328 1
1105 1288 1143 1328 b.
1174 1289 1302 1327 Donet
1330 1287 1452 1329 nobis,
1484 1290 1525 1323 ut
1556 1285 1702 1332 insigne

247 1498 318 1535 22.

247 1700 320 1738 32.

250 1905 323 1941 4a.

252 2223 322 2259 5a.

355 1348 520 1395 Martyr,
553 1348 657 1384 cuius
689 1346 923 1384 celebramus

412 1404 522 1442 Diem
554 1403 780 1449 natalitium,

358 1495 435 1532 Iste
468 1494 602 1541 dignus
634 1494 798 1532 Thomas
830 1493 906 1530 dici

357 1551 442 1589 Non
473 1551 593 1588 solum
624 1549 823 1597 apostolici

414 1607 588 1645 Nominis
619 1606 842 1654 promeruit,

363 1697 595 1736 Adversanti
627 1697 689 1744 qui
717 1707 898 1743 perverso

363 1756 527 1802 Propter
557 1754 679 1791 Deum
711 1764 756 1790 ex
787 1753 949 1790 adverso

417 1811 529 1849 Stans
560 1810 598 1847 in
630 1811 691 1847 die
721 1809 867 1858 proelii,

365 1903 495 1940 Virum
527 1901 738 1948 angelicum

417 1959 466 1996 Et
498 1962 644 2005 patrem
675 1958 823 2004 patriae

474 2016 638 2061 Propter
666 2014 851 2051 iustitiam

530 2071 695 2108 Damnat
726 2069 859 2107 exsilio

1062 1491 1143 1531 ab.

1066 1694 1146 1734 3b.

1064 1898 1144 1938 4b.

588 2128 789 2175 Tyrannus
799 2126 993 2176 AnglicuS.

364 2221 407 2258 In
439 2219 510 2256 hoe
541 2218 745 2255 certamine

421 2276 490 2312 Vir
520 2275 653 2322 plenus
685 2274 819 2321 gratia,

364 2334 438 2371 Pro
471 2331 612 2369 Christi
645 2330 794 2368 nomine

421 2389 556 2427 Pulsus
587 2387 633 2424 ab
665 2387 815 2436 Anglia,

366 2445 477 2482 Venit
508 2443 747 2491 magnificum

422 2502 484 2538 Ad
516 2511 640 2548 regem
674 2500 872 2548 Franciae,

366 2558 505 2605 Regem
537 2555 750 2604 pacificum,

422 2615 562 2661 Regem
595 2612 777 2651 ecclesiae

519 2690 572 2697 >fx
608 2690 620 2696 κ
654 2688 769 2696 -μγγγκ

481 2725 740 2764 Dcfonsorcm.

257 2820 327 2856 63.
369 2817 444 2855 Sub
478 2818 547 2854 hac
578 2816 739 2865 perfidia

425 2874 615 2911 Redditur
645 2873 815 2919 Anglicis

482 2932 596 2967 Pater
623 2929 796 2966 amabilis
810 2941 819 2973 ς

1069 2215 1147 2255 5b.

1175 1344 1400 1382 Recolamus
1431 1343 1488 1380 sui
1521 1343 1634 1389 digne

1230 1400 1430 1447 Triumphi
1461 1398 1716 1446 praeconium.

1174 1490 1252 1529 Sed
1284 1491 1464 1527 virtutum
1496 1493 1533 1526 et
1564 1493 1777 1526 sanctorum

1174 1547 1351 1594 Apostoli
1381 1546 1601 1583 meritorum

1232 1604 1399 1642 Consors
1432 1612 1514 1639 esse
1545 1601 1703 1640 studuit.

1179 1695 1313 1732 Pastor
1343 1693 1463 1730 bonus
1494 1691 1666 1740 exposuit

1178 1751 1229 1788 Et
1260 1761 1329 1797 pro
1360 1750 1437 1786 suis
1468 1748 1645 1796 opposuit

1237 1807 1285 1844 Se
1314 1817 1461 1843 murum
1494 1804 1643 1852 refugii.

1176 1898 1323 1937 Fremit
1352 1898 1389 1934 in
1421 1897 1607 1935 medicum

1233 1955 1464 1992 Frenantem
1496 1954 1611 2000 impie

1292 2011 1434 2048 Mentis
1465 2010 1651 2047 insaniam

1350 2067 1466 2104 Sacro
1497 2067 1652 2104 consilio

1407 2123 1522 2161 Suum
1555 2122 1809 2169 phreneticus.

1181 2215 1346 2253 Illustris
1378 2214 1548 2251 exsulum

1238 2272 1320 2308 Rex
1351 2270 1570 2308 reconciliat

1180 2328 1358 2375 Tyranno
1390 2326 1616 2374 praesulem,

1238 2385 1309 2431 Qui
1342 2383 1467 2420 dolum
1500 2383 1633 2430 palliat

1183 2441 1293 2478 Pacis
1323 2439 1543 2477 umbraculo

1239 2497 1372 2534 Fictae
1402 2497 1462 2533 vel
1493 2495 1634 2543 fictilis,

1185 2553 1355 2600 Namque
1388 2552 1575 2600 discipulo

1241 2609 1423 2646 Tradenti
1457 2608 1594 2645 similis

1185 2666 1331 2704 Occulit
1363 2666 1490 2703 osculo

1300 2723 1550 2759 Proditorem.

1073 2814 1150 2852 ob.
1185 2813 1298 2851 Redit
1331 2813 1486 2857 iustitia,

1244 2870 1375 2907 Comes
1407 2868 1596 2916 pontificis

1299 2925 1583 2972 Inseparabilis.
