2031 3289
942 238 991 241 —
1055 214 1135 253 168
1198 238 1244 242 —

760 335 832 371 144.
868 336 948 377 (134.)
983 335 1022 370 ln
1049 333 1259 381 Epiphania
1286 335 1439 371 DomIni.

952 407 989 437 111
1021 404 1045 436 1.
1075 407 1264 438 Nocturno.

341 498 374 535 1.
411 497 652 534 Nasciturum
684 497 763 534 sive
793 501 920 534 natum
1149 499 1187 538 4.
1220 497 1421 535 Interdicis
1451 509 1520 535 nec
1551 498 1738 545 permittis
2005 496 2008 551 ζ

462 554 563 591 Caeli
593 564 717 600 regem
748 557 784 590 et
814 557 940 590 terrae
1275 554 1328 591 Te
1360 554 1548 591 dominum
1583 555 1722 600 vocari,
2005 555 2008 611 1

405 610 516 646 Miris
548 610 664 657 signis
695 620 737 646 eo
770 609 894 657 dignis
1220 611 1275 650 Ut
1305 615 1462 648 vent-uro
1492 611 1613 658 possit
1644 610 1796 650 Christo

462 666 740 704 Praedicarunt
769 670 941 713 utraque.
1275 667 1400 704 Decus
1431 667 1504 704 hoo
1533 667 1734 705 reservari.

335 747 372 785 2.
405 745 514 792 Nam,
548 748 730 794 Auguste,
763 748 801 781 te
831 743 990 782 florente
1151 749 1188 785 5.
1218 745 1301 783 Iani
1330 749 1462 792 portas
1491 750 1594 782 tenet
1625 747 1773 783 clausas

462 801 586 839 Solem
618 801 735 838 cinxit
766 811 915 849 corona,
1275 803 1356 840 Pax
1386 814 1408 840 a
1439 802 1592 840 Christo
1622 803 1842 850 praemissa,

405 858 621 903 mundavit,
654 858 754 904 quod
785 858 952 896 manavit
1221 860 1322 905 Quae
1343 859 1553 905 prophetae
1575 859 1762 906 quondam
1786 870 1877 898 voce

460 915 591 952 Oleum
625 915 671 951 de
700 914 872 954 taberna.
1276 915 1421 952 Mundo
1452 913 1524 953 fuit
1551 916 1748 962 promissa.

341 996 377 1033 3.
411 994 594 1030 Veniente
627 994 867 1042 redemptore
1152 997 1190 1034 6.
1221 996 1300 1033 Pax
1331 995 1370 1031 in
1398 995 1524 1040 terris,
1553 995 1592 1031 in
1623 995 1783 1032 excelsis

464 1050 591 1088 Servis
624 1051 735 1088 datur
765 1050 937 1097 libertas,
1276 1051 1333 1089 Sit
1363 1051 1494 1100 gloria,
1524 1051 1573 1088 sit
1603 1062 1747 1089 summa

408 1107 609 1144 Servitutis
641 1108 765 1154 iugum
795 1108 897 1144 tollis
1221 1108 1315 1154 Regi
1345 1119 1501 1152 summo,
1533 1109 1646 1154 patri,
1678 1108 1806 1154 verbo,

461 1164 524 1210 Et,
548 1174 656 1210 quem
673 1164 808 1213 nescis,
832 1164 1064 1212 praesignas,
1279 1164 1439 1210 Spiritui
1469 1175 1538 1211 per
1565 1165 1702 1205 saecla.

408 1242 436 1273 B
468 1241 525 1272 fol.
559 1240 645 1274 8821.
678 1258 722 1263 —
754 1242 780 1273 C
809 1242 866 1273 fol.
899 1241 983 1274 342.
1016 1260 1057 1263 —
1095 1241 1128 1281 l,
1167 1242 1180 1274 1
1213 1244 1432 1275 Rasciturum
1458 1242 1494 1274 C.
1519 1261 1561 1266 —
1587 1240 1625 1282 2,
1656 1241 1678 1275 3
1702 1243 1880 1275 mandavit

314 1287 356 1318 B.
384 1304 422 1307 —
449 1285 481 1325 6,
506 1285 529 1318 4
553 1287 694 1319 saecula
718 1287 784 1319 BC.

834 1409 906 1445 145.
943 1410 1023 1453 (35.)
1057 1409 1096 1445 ln
1121 1410 1151 1445 2.
1178 1409 1369 1446 Nocturno.

335 1504 369 1540 1.
402 1503 633 1549 Angelorum
667 1508 821 1552 stupent
852 1509 1000 1541 cantum
1151 1507 1188 1542 3.
1220 1504 1283 1541 Illi
1314 1508 1485 1551 coeptam
1517 1507 1645 1540 tenent
1677 1503 1787 1552 viam,

459 1560 656 1597 Admoniti
680 1566 865 1607 pastores,
1276 1561 1507 1607 Reperfflnt,
1541 1571 1648 1607 quem
1680 1564 1877 1610 quaerunt,

404 1617 540 1663 Magos
572 1628 668 1654 nova
699 1617 803 1654 ducit
833 1618 956 1665 stella,
1220 1618 1269 1655 Et
1299 1618 1436 1655 oblatis
1468 1617 1589 1654 tribus
1620 1617 1728 1655 donis

460 1674 566 1710 Metu
595 1674 745 1721 languet
776 1674 963 1713 Herodes.
1274 1675 1347 1711 Per
1377 1675 1469 1711 haec
1499 1674 1620 1721 ipsum
1646 1674 1875 1715 describunt.

337 1754 374 1790 2.
410 1753 486 1790 Dat
516 1754 696 1790 mandata
726 1754 843 1800 magis
875 1754 990 1791 stulta
1149 1757 1187 1794 4.
1220 1754 1283 1791 Ad
1314 1754 1505 1791 Herodem
1536 1764 1583 1790 ne
1613 1753 1795 1801 redirent,

464 1810 642 1856 Loquens
673 1811 725 1846 eis
757 1811 795 1847 in
827 1811 926 1858 dolo,
1276 1811 1540 1848 Admonentur
1569 1810 1609 1847 in
1638 1811 1792 1859 somnis,

408 1866 469 1903 Sic
501 1867 633 1903 illusus
665 1865 736 1903 fuit
768 1867 876 1904 dolus
1218 1868 1267 1905 Et
1301 1867 1428 1904 divino
1461 1867 1684 1904 documento

462 1923 493 1959 F
497 1924 721 1961 raudulento
753 1922 943 1963 fraudato.
1276 1924 1380 1974 Sunt,
1414 1924 1503 1971 quid
1534 1928 1658 1974 agant,
1691 1924 1827 1963 edocti.

719 2006 756 2041 5.
790 2004 869 2040 Pax
899 2003 938 2040 in
969 2003 1095 2050 terris,
1127 2004 1165 2040 in
1197 2003 1357 2041 excelsis

846 2059 902 2097 Sit
932 2060 1065 2107 gloria,
1098 2061 1149 2097 sit
1179 2071 1323 2098 summa

788 2116 883 2163 Regi
912 2128 1067 2163 summo,
1100 2117 1216 2165 patri,
1249 2117 1377 2163 verbo,

848 2174 1007 2220 Spiritui
1040 2185 1109 2221 per
1139 2174 1277 2213 saecla.

406 2251 432 2280 B
459 2252 515 2282 fol.
541 2249 624 2283 ὅδε.
650 2269 694 2273 —
718 2253 744 2284 C
770 2252 828 2283 fol.
854 2250 939 2285 34b.
969 2272 1010 2275 —
1038 2251 1068 2292 l,
1097 2251 1112 2284 1
1140 2256 1280 2295 stupent
1304 2256 1472 2295 quantum
1497 2253 1533 2284 C.

818 2418 890 2455 146.
925 2420 1005 2463 (36.)
1041 2419 1081 2456 In
1107 2419 1139 2456 3.
1165 2419 1356 2456 Nocturno.

329 2514 364 2551 1.
399 2513 686 2551 (lonsccrandas
717 2514 835 2552 intrat
864 2526 982 2561 aquas
1145 2518 1181 2554 3.
1214 2515 1417 2552 Revelatus
1449 2519 1505 2551 est
1538 2515 1740 2551 descensus

453 2570 673 2616 Baptizatus
700 2582 722 2607 a
752 2581 873 2611 servo.
1271 2571 1435 2618 Spiritus
1465 2571 1504 2608 in
1535 2571 1718 2620 columba,

397 2626 467 2671 Qui
498 2631 655 2672 peccata
685 2627 785 2664 tollit
815 2631 957 2676 nostra,
1212 2629 1472 2674 Baptizandis,
1505 2628 1747 2665 renascendis

454 2684 523 2729 Qui
554 2695 627 2719 non
660 2688 742 2730 eget
774 2684 974 2733 baptismo,
1270 2685 1401 2722 Gratia
1435 2685 1703 2723 demonstrata.

326 2763 364 2799 2.
398 2762 615 2808 Baptizatos
647 2763 709 2809 qui
741 2763 929 2809 baptismo
1147 2768 1183 2804 4.
1215 2764 1286 2801 Est
1316 2765 1445 2801 audita
1477 2776 1546 2801 vox
1579 2768 1738 2810 paterna

453 2819 551 2855 Vere
580 2830 646 2856 suo
677 2819 866 2868 baptizat3
1267 2820 1406 2858 Filium
1438 2825 1647 2867 protestata

399 2875 533 2912 Statim
566 2876 659 2912 caeli
690 2880 777 2913 sunt
806 2877 940 2924 aperti,
1209 2878 1259 2916 Et
1289 2882 1442 2915 renatos
1473 2876 1568 2914 facit
1599 2888 1707 2915 veros

453 2933 552 2978 Quos
583 2937 776 2979 peccatum
809 2933 1019 2972 claudebat.
1268 2934 1386 2971 Filios
1417 2934 1486 2972 illa
1519 2935 1619 2975 data..
