2031 3289
985 205 1040 210 --
1099 182 1179 222 652
1238 204 1294 208 —

406 323 408 326 .
448 296 543 328 Orat.
567 306 630 327 ms.
647 295 845 328 Parisiense
871 305 959 327 saec.
986 292 1071 326 ¹5l1c.
1112 294 1195 326 Cod.
1213 294 1361 326 Parisin.
1386 281 1484 327 3639.
1511 312 1555 317 ——
1575 295 1769 337 „salutatio
1788 287 1928 331 Fratris·

358 340 528 372 Iohannis
553 341 733 373 Tisserant
756 340 798 373 de
823 344 953 382 septem
979 340 1076 372 festis
1103 336 1282 382 virginis.“

802 473 884 510 428.
919 473 978 516 (2.)
1013 472 1141 517 Super
1165 471 1283 508 Salve
1307 472 1476 516 Regina.

358 556 394 595 1.
442 556 616 603 Salve,
648 556 766 603 virg0‚
797 556 896 593 alma
927 565 1077 603 parens,

502 613 531 651 Ο
563 612 688 649 Maria
719 618 840 649 mater
870 612 961 660 cari,

1208 557 1244 596 6.
1290 556 1352 593 Et
1381 566 1441 593 res
1472 556 1589 593 multo
1622 556 1797 606 deterior,

1347 612 1459 650 Unde
1491 612 1622 649 dolore
1651 613 1823 660 langueo,

447 668 602 706 Gemma
634 669 810 718 candens,
843 667 930 705 labe
962 678 1107 715 carens,

504 724 709 761 Plasmatio
739 724 820 761 sine
851 725 946 771 pari,

504 781 574 819 Cui
604 781 706 818 valet
735 781 788 817 nil
819 781 986 830 aequari,

449 837 505 874 Tu
537 837 682 884 virgula
712 848 899 884 nunquam
932 847 1054 882 arens,

505 894 636 942 Recta,
668 893 849 940 nequiens
882 893 1043 943 curvari,

447 950 565 988 Stella
595 951 711 987 maris
741 960 891 996 semper
921 950 1082 991 clarens.

389 1070 397 1078 .
443 1040 633 1087 Regina
663 1041 701 1077 in
732 1041 874 1087 palatio

503 1097 585 1134 Alti
615 1097 692 1144 poli
724 1097 910 1146 gloriaris,

446 1153 662 1191 Insedentis
693 1153 859 1191 triclinio

504 1210 627 1256 Super
656 1220 784 1247 omnes
815 1214 855 1247 tu
886 1210 1011 1247 bearis

501 1267 665 1313 Postque
695 1267 819 1313 ipsum
851 1266 1069 1317 dominaris,

450 1324 479 1361 F
484 1333 595 1360 ruens
627 1334 771 1360 summo
801 1323 973 1371 imperio,

500 1381 764 1427 Quaecumque
795 1380 864 1426 vis,
897 1379 1068 1427 operaris

444 1436 531 1473 Tibi
562 1441 720 1484 parente
750 1435 841 1476 filio,

389 1556 394 1563 .
441 1526 849 1564 Misericordiae
879 1537 986 1572 vena,

501 1583 638 1620 Nullus
670 1583 773 1620 venit
803 1583 853 1620 ad
885 1583 1045 1632 veniam,

444 1639 589 1688 Dulcis,
621 1640 723 1677 mitis
754 1650 799 1676 ac
829 1650 975 1688 serena,

496 1696 566 1742 Qui
598 1708 670 1733 non
704 1696 818 1733 habet
849 1696 896 1732 tis
919 1696 1100 1744 gratiam,

499 1753 582 1789 Heu
613 1763 701 1800 ergo
733 1763 802 1800 me,
837 1752 928 1799 quid
952 1751 1100 1799 faciam,

440 1810 589 1856 Pauper
620 1820 687 1856 ego
719 1814 756 1845 et
786 1810 944 1856 advena,

496 1865 545 1902 Ni
577 1866 723 1904 releves
754 1865 934 1912 inopiam,

438 1924 471 1959 A
503 1923 634 1960 mortis
665 1922 797 1959 trahar
828 1922 986 1961 habena.

383 2043 390 2051 .
440 2012 554 2050 Vita
584 2023 653 2060 per
683 2024 791 2059 quam
824 2012 967 2050 abolita

497 2069 569 2106 Est
584 2080 684 2106 mors
701 2080 814 2107 saeva
829 2069 1104 2117 damnatorum,

441 2126 576 2175 Credo,
610 2125 707 2172 quod
741 2137 814 2163 non
847 2136 885 2162 es
917 2125 1035 2163 oblita

500 2182 671 2220 Gemitus
703 2182 1024 2230 compeditorum3

499 2239 556 2276 De
587 2249 743 2276 numero
774 2250 855 2276 sum
886 2239 1050 2286 illorum,

442 2295 695 2342 Erubescens,
726 2296 826 2342 quod
857 2296 907 2332 sit
937 2296 1002 2343 ita,

497 2352 614 2389 Totus
645 2352 778 2398 plenus
809 2357 1075 2400 peccatorum3

441 2409 501 2445 Ad
533 2409 669 2446 bonum
701 2419 758 2445 me
790 2408 959 2447 habilita.

383 2528 390 2535 .
438 2499 472 2536 D
484 2500 530 2536 ul
546 2510 564 2535 c
577 2510 596 2536 e
610 2499 633 2536 d
648 2510 668 2536 0
701 2499 811 2536 melle
844 2499 1003 2548 dulcior,

497 2555 657 2594 Salubre
687 2555 1014 2603 medicamentum,

442 2612 556 2649 Nulla
587 2613 648 2650 via
676 2616 713 2649 te
744 2613 871 2661 tutior,

496 2668 660 2706 Infirmis
672 2673 871 2716 praestans
884 2666 1100 2718 fomentum,

496 2725 596 2763 Sana
627 2725 784 2763 vulnera
814 2726 1078 2773 languentum3

441 2781 504 2818 Me
536 2782 696 2828 adiuva3
728 2793 786 2831 en,
819 2781 972 2832 morior,

496 2838 694 2875 Sauciatus
725 2843 766 2876 ut
796 2839 1001 2877 iumentum

437 2893 534 2930 Neci
570 2895 686 2933 durae
716 2895 894 2935 subicior.

1204 2014 1241 2052 9.

1178 2500 1240 2538 10.

1291 668 1398 706 Haec
1429 672 1483 705 est
1514 668 1607 705 mihi
1636 669 1698 706 lex
1727 669 1877 716 gravior

1349 725 1577 772 Repugnans
1607 725 1682 772 legi
1711 725 1793 762 Deo

1350 781 1509 827 Spiritui
1540 781 1651 818 datae
1682 791 1787 831 meo,

1293 837 1348 875 Ob
1380 837 1481 884 quod
1511 837 1620 874 malis
1651 837 1846 875 concutior

1348 894 1480 941 Neque
1525 894 1573 931 ad
1619 894 1756 931 bonum
1796 895 1923 944 vale03

1293 950 1343 987 Ni
1372 961 1431 987 me
1460 950 1578 998 iuves,
1609 950 1693 997 heu,
1726 951 1886 997 quatior.

1297 1040 1442 1089 Spes,
1475 1041 1592 1078 turris
1623 1039 1869 1087 fortitudinis,

1352 1097 1492 1143 Virtus,
1523 1097 1665 1134 sanitas
1696 1097 1877 1147 cordium,

1295 1153 1354 1191 Sis
1384 1154 1422 1190 in
1455 1154 1516 1191 die
1546 1153 1762 1191 formidinis

1349 1210 1446 1248 Mihi
1478 1214 1596 1247 tutum
1628 1208 1834 1259 refugium3

1349 1267 1599 1314 Flagitiosum
1631 1266 1777 1315 vitium,

1293 1323 1406 1360 Virus
1436 1323 1699 1360 amaritudinis

1349 1380 1384 1417 A
1415 1390 1474 1416 me
1504 1379 1667 1427 repellat
1697 1379 1851 1416 nimium

1293 1437 1368 1474 Per
1397 1440 1434 1473 te
1466 1436 1521 1474 vis
1553 1437 1674 1473 sancti
1703 1434 1878 1476 flaminis.

1296 1526 1486 1564 Nostra
1518 1526 1701 1565 directrix
1730 1526 1768 1563 in
1801 1525 1862 1563 via

1351 1583 1474 1630 Super
1511 1593 1638 1620 omnes
1667 1587 1709 1620 tu
1739 1581 1925 1632 probaris,

1293 1639 1523 1678 Oberrantes
1554 1650 1623 1685 per
1655 1638 1766 1677 devia

1347 1696 1405 1733 Tu
1435 1696 1596 1743 requiris
1627 1699 1666 1734 et
1695 1695 1852 1742 solaris3

1341 1752 1504 1791 Domina
1535 1762 1575 1790 es
1605 1751 1821 1799 singularis,

1287 1810 1405 1857 Bona,
1436 1808 1537 1845 mitis
1568 1812 1681 1855 atque
1711 1807 1788 1855 pia,

1341 1865 1404 1903 Ad
1433 1870 1471 1902 te
1501 1875 1633 1903 versos
1664 1863 1923 1913 praestolaris,

1286 1922 1337 1960 Ut
1369 1922 1437 1959 hos
1468 1922 1570 1959 loces
1602 1921 1641 1958 in
1673 1921 1813 1968 patria.
1849 1945 1851 1947 -

1292 2012 1441 2051 Salve
1472 2022 1574 2059 ergo,
1606 2009 1765 2058 pacifica

1345 2068 1431 2106 Non
1459 2068 1668 2106 abhorrens
1690 2071 1922 2119 peccatores,

1290 2126 1348 2164 Tu
1377 2126 1572 2162 metiatrix
1603 2124 1715 2162 unica

1347 2182 1452 2219 Inter
1482 2182 1612 2228 spinas
1643 2181 1771 2229 legens
1798 2179 1920 2233 flores,

1345 2238 1443 2275 Nam
1465 2243 1506 2275 ut
1525 2238 1638 2284 digna
1654 2237 1704 2275 ad
1721 2237 1792 2274 hoc
1810 2235 1920 2289 fores,

1289 2295 1397 2332 Fecit
1429 2299 1510 2332 arte
1541 2294 1714 2342 mirifica,

1344 2351 1397 2390 Ut
1437 2362 1509 2388 non
1550 2351 1710 2388 sentires
1758 2349 1922 2389 foetores

1288 2408 1443 2455 Culpae,
1475 2408 1595 2446 virtus
1628 2406 1775 2446 deifica.

1287 2499 1358 2536 Ad
1390 2498 1547 2546 gloriam
1579 2501 1665 2535 tuae
1695 2497 1818 2534 laudis

1346 2555 1490 2593 Gratiis
1522 2564 1590 2601 ego
1621 2558 1756 2591 exutus

1289 2613 1443 2650 Veneno
1473 2615 1616 2648 semoto
1649 2608 1808 2658 fraudis,

1344 2668 1453 2705 Licet
1483 2667 1594 2704 labiis
1622 2667 1800 2713 pollutus,

1343 2725 1536 2762 Recenseo
1566 2723 1672 2769 haec,
1705 2726 1744 2760 ut
1776 2725 1877 2760 tutus

1286 2782 1359 2819 Per
1389 2785 1426 2818 te
1456 2780 1555 2824 fiam,
1588 2790 1684 2826 quae
1705 2789 1764 2817 me
1785 2779 1917 2827 audis,

1341 2837 1467 2875 Aliter
1497 2847 1578 2874 sum
1611 2834 1828 2884 destitutus,

1285 2893 1325 2932 Si
1355 2904 1413 2931 me
1444 2903 1548 2930 reum
1578 2904 1652 2930 non
1683 2891 1852 2930 exaudis.
