1914 3223
99 249 136 287 3.
169 245 238 293 Qui
269 244 323 281 tui
360 246 468 281 tanta
499 243 665 280 doctoriS
919 248 954 282 5.
989 245 1085 282 Oves
1117 255 1206 292 ergo
1236 243 1306 280 tibi
1339 243 1488 292 dantur,

227 312 266 338 es
297 301 417 338 elatus
449 300 580 346 gloria,
1045 313 1136 348 quas
1168 311 1314 349 pascas,
1348 300 1570 347 dominicae,

111 390 115 394 .
168 360 234 405 Ut,
267 367 361 404 quae
395 356 490 402 ligas
522 360 557 392 et
589 366 684 402 quae
716 356 830 393 solvis
988 358 1021 394 E
1054 358 1188 404 quibus
1216 368 1298 394 sum
1332 368 1406 394 una
1437 357 1514 404 lupi

226 417 414 461 potestate
445 412 598 456 tradita,
1046 415 1212 452 lacerata
1242 414 1409 460 vulnere,

171 472 226 510 Sit
256 470 414 518 ligatum
445 472 482 506 et
512 469 674 506 solutum
989 472 1106 516 Quam
1145 481 1251 508 cures
1283 480 1465 516 sanesque
1495 480 1649 516 quaeso,

230 538 345 574 supra
376 526 470 564 caeli
502 526 641 574 sidera,
1047 532 1177 574 pastor
1208 526 1509 566 clementissime.

105 644 142 681 4.
174 640 231 678 De
261 649 389 677 amore
420 638 622 684 requisitus
921 642 958 678 (3.
991 639 1030 676 Si
1062 644 1098 675 te
1129 640 1243 676 miser
1273 643 1309 675 et
1340 645 1517 685 peccator

233 695 385 733 certiori
417 695 530 732 tertio
604 725 609 731 .
1045 695 1183 732 offendi
1215 695 1417 744 multoties,

175 753 328 791 Trinam
362 752 430 789 das
462 750 735 789 confessionem
990 753 1024 788 A
1055 756 1203 789 sacrato
1236 752 1350 788 discis
1381 762 1457 802 ore,

226 820 330 846 more
360 812 565 857 promptus
596 808 707 846 solito
1046 820 1119 845 non
1147 813 1289 845 tantum
1324 812 1362 845 ut
1394 809 1546 855 septies,

171 867 228 904 Eo
259 867 353 912 ipso,
387 876 499 912 quem
532 865 652 902 latere
994 865 1067 902 Sed
1101 869 1138 902 ut
1168 866 1308 912 septies
1340 866 1509 902 remittas

234 923 326 960 nihil
360 923 472 969 valet,
505 922 668 961 conscio.
1050 923 1179 968 culpas
1211 922 1440 968 septuagies.

495 1036 531 1075 7.
564 1035 706 1073 Exoret
739 1046 808 1083 pro
839 1035 946 1072 nobis
981 1032 1120 1086 [sacer]

623 1093 756 1130 chorus
787 1092 1031 1141 apostolicus,

566 1149 617 1188 Ut
647 1150 748 1186 illius
781 1150 1037 1196 complacatus

621 1206 836 1243 interventu
867 1206 1049 1243 Dominus

566 1264 707 1310 Culpas
738 1263 966 1300 remittendo
997 1262 1096 1299 veris

623 1320 754 1367 iungat
784 1319 1080 1367 paenitentibuS.

184 1432 373 1464 Collectan.
392 1442 452 1463 ms.
472 1432 506 1463 S.
522 1431 635 1473 Sergii
650 1426 918 1473 Andegavensis
936 1442 1026 1463 saec.
1050 1430 1097 1463 11.
1132 1431 1214 1463 Cod.
1229 1431 1450 1471 Amlegaven.
1468 1430 1533 1462 2523
1552 1428 1652 1471 (274).

456 1634 510 1670 79.
545 1635 603 1677 (6.)
638 1632 767 1670 Oratio
794 1633 839 1669 ad
865 1634 1034 1669 sanctum
1059 1633 1298 1679 Stephanum.

111 1756 149 1793 1.
181 1753 318 1791 Sancte
348 1753 419 1790 Dei
453 1754 630 1800 pretiose,
926 1754 964 1792 2.
996 1752 1196 1789 Dominum
1231 1763 1298 1800 pro
1328 1752 1478 1788 inimico

236 1814 494 1857 protomartyr
524 1810 728 1857 Stephane,
1053 1809 1217 1846 exorasti
1250 1808 1401 1855 populo,
1570 1851 1580 1857 η

181 1868 250 1912 (ρηί
284 1868 422 1904 virtute
455 1867 638 1903 claritatis
996 1866 1131 1904 Funde
1162 1876 1295 1912 procos
1326 1876 1395 1913 pro
1429 1865 1564 1901 devoto

238 1922 500 1960 circumfultus
530 1924 697 1970 undique
1051 1923 1263 1969 miseroque
1295 1920 1449 1967 famulo,

483 2040 519 2077 3.
566 2037 618 2075 Ut
644 2042 708 2074 tuo
738 2037 965 2084 propitiatus

625 2095 840 2131 interventu
870 2094 1053 2131 Dominus

568 2151 631 2188 Me
662 2154 861 2198 purgatum
892 2162 914 2187 a
945 2151 1112 2198 peccatis

625 2207 756 2256 iungat
787 2207 882 2245 caeli
914 2207 1070 2245 civibus.

188 2319 367 2351 collectan
415 2330 477 2351 ms.
505 2320 538 2351 S.
565 2319 677 2360 Sergii
704 2318 966 2362 Andegavensis
999 2328 1088 2350 saec.
1125 2315 1176 2349 11.
1225 2316 1308 2349 cod.
1334 2316 1555 2357 Andegaven.
1588 2314 1654 2348 283

92 2363 192 2406 (274).
215 2383 256 2386 —
275 2367 398 2397 Dieses
423 2365 510 2397 Lied
535 2365 596 2396 hat
620 2366 656 2396 in
682 2366 796 2407 wenig
820 2365 1041 2396 ver'anderter
1066 2364 1167 2395 Form
1198 2364 1274 2393 eino
1299 2364 1398 2393 weite
1424 2363 1655 2403 Verl·1·0itung

95 2411 146 2442 als
172 2412 333 2454 Hymnus
358 2411 547 2453 gefuuden:

302 2516 338 2554 1.
372 2515 508 2553 Sancte
539 2514 610 2551 Dei
641 2515 820 2564 pretiose7
854 2518 1111 2560 protomartyr
1143 2513 1347 2559 Stephane,

367 2571 437 2617 Qui
469 2572 609 2609 virtute
641 2571 812 2608 caritatis
845 2569 1104 2607 circumfultus
1136 2570 1301 2616 undique

367 2628 567 2665 Dominum
599 2639 668 2674 pro
699 2628 849 2665 inimico
881 2627 1045 2664 exorasti
1076 2627 1229 2674 populo,

301 2744 338 2780 2.
372 2741 505 2778 Funde
538 2751 667 2787 preces
700 2751 768 2787 pro
801 2741 937 2778 devoto
968 2740 1036 2777 tibi
1068 2750 1165 2776 nunc
1197 2739 1368 2786 collegio,

369 2798 419 2836 Ut
450 2802 513 2834 tuo
548 2797 776 2844 propitiatus
807 2797 1021 2833 interventu
1056 2796 1235 2833 Dominus

371 2855 448 2891 Nos
480 2858 659 2901 purgatos
691 2865 713 2890 a
743 2854 909 2900 peccatis
940 2854 1068 2899 iungat
1101 2852 1193 2889 caeli
1227 2852 1384 2889 civibus.
