1914 3223
690 192 963 232 ,17-

314 299 378 341 En,
406 304 480 340 tibi,
507 307 625 335 sancte
652 308 758 345 pater,
785 305 956 337 modicum
981 306 1199 337 cantavimus
1222 304 1398 346 hymnum,

384 349 493 388 Quem
518 350 806 386 commendantium.
835 361 887 387 en,
914 351 990 387 tibi,
1015 355 1133 382 sancte
1160 355 1269 393 pater,

315 390 461 427 Nomina
486 400 605 426 nostra
630 395 735 426 choro
761 396 829 426 sint
856 401 891 427 ut
917 397 1048 427 sociata
1074 406 1234 438 superno,

138 496 340 544 Aufsehrift:

46 543 228 585 hymnus:-

384 440 482 471 Stent
508 444 541 471 et
569 441 602 471 in
628 440 786 481 angelico
813 442 954 472 nomina
980 446 1099 473 nostra
1123 441 1240 473 choro·

387 496 595 538 „Elegiacus
639 502 671 528 et
717 499 950 539 parat-terium
992 499 1033 529 ‹le
1070 502 1190 530 sancto
1218 496 1399 529 s'withnuo
1439 499 1603 541 episcopo

529 618 562 653 4.
598 619 657 659 (4.)
694 619 741 654 De
766 621 894 654 sancto
920 618 1126 655 swithuno.

246 699 454 749 Auxilium,
487 702 660 751 Domine,
693 702 755 749 qui
787 707 824 738 te
856 703 1105 750 rogitantibus
1136 701 1282 750 adfers,

331 759 418 808 Fer⁷
451 759 626 807 petimus,
658 759 766 796 nobis
797 759 989 802 auxilium,
1023 759 1194 797 Domine.

246 813 418 856 Blandus
449 816 582 852 adesto
613 816 699 854 tuis.
732 816 795 862 qui
828 816 895 853 das
927 817 1068 854 solacia
1098 816 1256 863 cunctis,

329 873 399 920 Qui
431 872 500 910 tibi
531 872 756 920 subduntur,
792 873 952 910 blandus
983 872 1114 910 adesto
1147 873 1233 911 tuis,

162 932 200 970 5.
246 926 435 975 Carmina,
468 929 630 971 Christe,
662 929 730 965 tibi
762 929 932 976 cupimus
966 928 1116 966 deferre
1144 929 1308 979 benigni,

331 986 500 1034 Suscipe,
532 996 627 1032 quae
659 984 827 1027 ferimus,
861 986 1040 1030 carmina,
1069 986 1232 1033 Christe,
1264 985 1348 1024 tibi.

247 1040 306 1083 Da
336 1043 421 1090 pius
449 1043 659 1090 introitum,
691 1042 760 1078 tibi
791 1053 864 1089 quo
894 1043 1101 1091 psallamus
1132 1043 1169 1079 in
1201 1053 1327 1091 unum,

329 1099 582 1146 Immensique
615 1099 690 1146 poli
723 1099 770 1136 da
801 1099 884 1145 pius
915 1100 1123 1138 introitum.

244 1153 357 1205 Ecce,
392 1156 493 1193 Deus
526 1156 679 1192 veniens
709 1162 903 1203 aegrotum
933 1157 1097 1193 invisere
1127 1155 1322 1206 mundum,

135 1214 201 1253 10.
333 1213 488 1260 Virgine
520 1218 640 1250 matre
671 1218 787 1261 tonat,
822 1223 920 1263 ecce,
954 1213 1055 1250 Deus
1089 1213 1253 1251 veniens„

245 1267 407 1310 Fecerat
437 1274 523 1306 ante
556 1270 724 1306 homines
756 1269 816 1305 hic
847 1275 882 1306 et
913 1270 1039 1307 omnia
1070 1281 1153 1306 cum
1184 1273 1293 1316 patre
1324 1279 1481 1322 summo,

329 1325 500 1370 Liberat,
533 1336 591 1366 en,
620 1336 730 1374 nunc,
762 1337 854 1372 quos
886 1326 1030 1363 fecerat
1059 1331 1158 1373 ante,
1192 1326 1372 1364 homines.

245 1380 395 1423 Gaudia
425 1392 520 1429 quae
550 1383 703 1431 poterit,
736 1393 832 1430 quae
862 1383 989 1430 lingua
1019 1388 1192 1419 retexere
1222 1387 1344 1432 tanta,

329 1439 439 1476 Mens
471 1443 535 1476 aut
567 1439 660 1476 haec
691 1449 828 1486 capere
859 1439 996 1486 gaudia
1027 1449 1122 1486 quae
1152 1438 1323 1485 poterit?

133 1496 198 1535 15.
244 1492 366 1536 Huius
397 1506 553 1532 amoena
584 1495 657 1542 piis
689 1495 882 1532 miseratio
913 1501 1049 1533 cuncta
1078 1496 1281 1544 ministrat,

325 1552 458 1599 Regna
487 1558 620 1599 patent
653 1553 796 1590 cunctis
829 1553 937 1589 huius
969 1563 1127 1590 amoena
1157 1552 1243 1599 piis.

239 1605 330 1658 Ipse
360 1608 432 1646 Dei
462 1609 610 1655 genitus
641 1610 770 1646 nativo
800 1610 968 1656 germine
999 1609 1100 1646 solus

325 1666 449 1704 Carne
480 1666 714 1713 propinquus
745 1666 865 1715 adest,
899 1666 981 1714 ipse
1012 1666 1080 1703 Dei
1107 1665 1270 1714 genitus,

240 1719 347 1762 Kara
375 1722 447 1759 sibi
479 1724 599 1760 sociat
630 1723 798 1760 carnalia
832 1723 1002 1760 membra
1033 1723 1255 1769 redemptor

130 1780 197 1821 20.
330 1775 381 1818 Et
412 1779 599 1816 translata
630 1780 718 1826 polo
747 1790 834 1817 cara
866 1779 938 1816 sibi
969 1780 1101 1818 sociat.

240 1833 359 1876 Laeta
389 1837 519 1873 vident
552 1836 753 1874 Dominum
787 1837 983 1874 rutilantia
1017 1843 1141 1873 castra
1171 1836 1359 1884 polorum,

322 1893 488 1940 Agmina
518 1898 734 1930 sanctorum
767 1894 866 1930 laeta
899 1893 1031 1931 vident
1062 1893 1277 1933 Dominum.

241 1945 400 1997 Magnus
430 1949 571 1996 ubique
599 1950 692 1986 nitet
724 1951 905 1987 iustorum
939 1956 1067 1987 coetus
1099 1950 1136 1986 in
1168 1949 1273 1997 orbe,

329 2006 552 2044 Sanctorum
583 2018 760 2044 numerus
791 2017 947 2054 magnus
972 2006 1110 2054 ubique
1140 2006 1247 2045 nitet.

131 2063 197 2101 25.
245 2058 387 2102 Noster
417 2069 454 2099 et
483 2064 641 2100 eximius
673 2064 838 2111 praesul⁷
871 2068 980 2110 pater
1010 2069 1123 2110 atque
1153 2062 1330 2100 sacerdos

325 2119 495 2158 Swithun
526 2120 645 2167 pollet
674 2132 791 2157 ovans
822 2127 950 2157 noster
981 2126 1017 2156 et
1048 2120 1218 2158 eximius.

244 2172 338 2216 Orta
368 2187 438 2223 per
469 2177 566 2213 hunc
598 2177 748 2224 populis
779 2177 844 2214 lux
875 2178 1009 2215 emicat
1042 2183 1078 2214 et
1109 2178 1222 2214 decus
1253 2176 1396 2224 ingens,

321 2233 390 2270 Est
421 2233 543 2270 omnis
574 2233 726 2271 bonitas
756 2238 840 2271 orta
868 2244 937 2281 per
967 2235 1065 2271 hunc
1096 2233 1259 2280 populis.

238 2286 499 2329 Promeruisse
530 2289 644 2327 fidem
673 2291 845 2337 sequitur
875 2292 1057 2328 meruisse
1086 2291 1259 2337 salutem,

126 2346 177 2384 30
315 2347 429 2385 Cuius
461 2352 498 2384 et
529 2352 583 2383 est
615 2347 740 2384 meriti
771 2348 1024 2394 promeruisse
1052 2347 1178 2385 fidem.

241 2400 334 2449 Quis
365 2414 565 2441 numerare
595 2411 709 2450 queat
738 2405 927 2451 magnalia
959 2405 1101 2441 caelica
1131 2409 1249 2449 tanta,

321 2459 484 2497 Munera
511 2461 612 2497 celsa
640 2461 711 2498 Dei
742 2462 824 2507 quis
856 2472 1054 2498 numerare
1086 2463 1226 2507 queat?

239 2511 318 2555 Res
350 2517 566 2554 veneranda
595 2517 705 2554 nimis
737 2517 792 2554 sic
820 2529 980 2564 corpora
1012 2529 1123 2564 posse
1154 2516 1298 2555 mederi

326 2573 564 2620 Restituique
595 2574 752 2620 animas,
787 2585 847 2611 res
880 2576 1094 2611 veneranda
1125 2574 1255 2612 nimis!

129 2630 195 2668 35.
241 2624 398 2668 Solvere
428 2640 587 2677 namque
618 2635 744 2677 potest
774 2632 837 2677 qui
869 2642 1005 2668 carnea
1035 2631 1202 2668 membra
1233 2629 1390 2679 periclo,

324 2686 375 2722 Et
407 2690 555 2723 nostras
586 2687 730 2724 animas
762 2689 908 2725 solvere
940 2698 1099 2734 namque
1130 2692 1270 2734 potest.

239 2737 380 2781 Tollite
412 2744 527 2780 corda
558 2744 650 2792 solo,
681 2744 744 2790 qui
778 2745 892 2781 vultis
923 2745 971 2781 ad
1004 2745 1081 2781 alta
1111 2745 1299 2791 polorum,

321 2800 390 2845 Qui
423 2799 613 2836 Christum
646 2800 796 2847 cupitis,
829 2802 950 2838 tollite
982 2802 1096 2838 corda
1127 2801 1219 2839 solo.

239 2851 408 2893 Vocibus
441 2856 551 2903 hune,
582 2857 744 2893 modulis
777 2858 899 2894 canite
931 2865 964 2893 et
998 2857 1261 2894 resonantibus
1292 2857 1441 2903 hssunis

121 2913 189 2952 40.
220 2948 223 2950 ,
321 2913 371 2950 Et
403 2913 567 2961 laudate,
600 2913 665 2962 pii,
699 2913 852 2950 vocibus
883 2914 992 2953 hunc.
1025 2914 1198 2952 modulis.

97 2979 267 3010 Dreves.
295 2981 542 3015 Hymnographi
565 2981 682 3007 Latini.
724 2982 746 3007 1.
1370 2978 1391 3012 2
