2031 3289
902 173 1211 215 —298—

588 341 670 377 229.
706 342 764 383 (1.)
800 341 846 375 In
870 341 1151 385 Assumptione
1174 333 1524 376 Beatae'Mariae.

298 436 335 473 1.
368 435 491 472 Adest
523 434 604 471 dies
634 434 816 478 laetitiae,
1111 435 1149 472 4.
1183 434 1295 472 Ultra
1325 434 1544 480 angelorum
1575 434 1732 481 gloriam

367 490 559 528 Iucundus
590 491 691 527 omni
721 490 874 535 lumine,
1182 490 1349 527 Thorum
1382 489 1513 527 delicti
1544 490 1711 526 nescium

364 547 410 584 In
444 558 517 593 quo
549 547 680 593 regina
709 547 898 593 virginum
1182 546 1316 583 Secum
1347 546 1397 583 ad
1424 546 1545 592 patris
1576 546 1711 583 solium

369 602 527 640 Scandit
556 603 631 639 iter
661 602 893 642 astriferum.
1181 603 1369 650 Reportat
1397 602 1534 649 pignus
1565 603 1762 649 optimum.

298 707 336 743 2.
368 704 600 751 Angelorum
631 703 884 751 praefulgidis
1117 707 1153 743 5.
1189 704 1372 741 Caelestis
1403 705 1509 750 regni
1541 704 1675 740 civitas

369 761 662 798 circumvallata
693 761 836 807 cuneis,
1186 761 1235 798 Et
1268 760 1346 797 eius
1377 760 1496 797 omnis
1530 760 1694 807 dignitas

369 817 563 863 Quamque
594 821 810 854 sanctarum
844 818 1030 864 virginum
1186 818 1387 854 Parentem
1419 817 1475 853 sui
1508 817 1692 863 principis

369 874 548 920 Sequitur
574 884 706 920 agmen
738 873 924 911 inclitum.
1185 874 1293 911 Votis
1324 873 1485 910 honorat.
1515 873 1702 919 congruis.

299 977 334 1013 3.
367 975 420 1013 Ut
453 975 562 1012 decet
591 985 718 1011 omnes
751 975 920 1023 credere,
1115 977 1152 1014 6.
1187 974 1279 1012 Cum
1311 973 1445 1020 quibus
1476 985 1544 1010 nos
1575 974 1782 1012 laetissima

367 1031 532 1069 Caelesti
565 1031 780 1068 diademate
1182 1031 1304 1068 Huius
1337 1031 1412 1067 diei
1441 1030 1578 1077 gaudia

368 1088 502 1126 Clarus
533 1088 677 1124 occurit
707 1087 839 1125 obvius
1183 1086 1497 1126 Concelebremus
1528 1087 1674 1124 alacres

368 1144 541 1182 Christus
573 1155 618 1181 ex
650 1154 695 1181 ea
724 1145 880 1191 genitus.
1186 1144 1306 1181 Deum
1338 1143 1530 1180 laudando
1561 1143 1765 1190 supplices.

706 1246 741 1282 7.
789 1245 913 1282 Huius
945 1243 1033 1281 festi
1066 1245 1277 1282 clarissima

791 1302 1068 1348 Prosequamur
1098 1302 1301 1348 praeconia

789 1358 931 1395 Mentis
962 1357 1098 1395 affectu
1129 1358 1334 1404 supplices,

791 1413 938 1451 Effectu
971 1415 1074 1453 vocis
1105 1415 1266 1452 alacres,

376 1515 519 1547 collect.
552 1525 614 1546 τηε.
648 1515 879 1547 Cluniacense
909 1526 998 1546 saec.
1033 1514 1083 1546 12.
1132 1516 1215 1547 Cod.
1246 1516 1397 1547 Parisin.
1431 1516 1543 1546 Nouv.
1577 1524 1651 1556 aeq.
1679 1512 1776 1547 1496.
1801 1514 1840 1546 A.

282 1578 326 1582 -—
362 1559 526 1592 Biblioth.
564 1560 764 1591 Cluniacen.
798 1560 864 1591 col.
897 1558 974 1592 406.
1009 1563 1045 1592 Β.
1075 1578 1119 1582 -
1145 1561 1315 1603 „Reliqua
1339 1561 1579 1592 desiderantur
1603 1561 1639 1590 in
1665 1570 1727 1592 ms.
1753 1561 1841 1592 sicut

283 1610 317 1638 et
342 1615 469 1647 magna
493 1615 574 1646 pars
601 1606 768 1637 sermonis
794 1604 1003 1646 sequentis.“
1029 1607 1068 1638 B.

612 1772 693 1808 230.
728 1773 786 1815 (2.)
822 1773 864 1806 In
891 1772 1117 1807 Nativitate
1142 1772 1296 1807 Beatae
1331 1772 1500 1808 Mariae.

713 1867 749 1906 1.
798 1866 929 1903 Oritur
959 1866 1064 1902 sidus
1095 1865 1267 1902 inclitum

792 1923 994 1960 Illustrans
1023 1933 1131 1959 omne
1163 1923 1365 1968 saeculum,

793 1979 865 2016 Per
895 1979 995 2025 quod
1027 1979 1108 2015 dies
1140 1983 1176 2015 et
1206 1982 1377 2025 tempora

792 2038 1001 2072 Assumunt
1030 2035 1130 2072 vitae
1161 2035 1315 2074 lumina.

375 2137 517 2168 Collect.
553 2147 613 2167 ms.
647 2137 879 2169 Cluniacense
911 2147 999 2168 saec.
1035 2135 1084 2168 12.
1134 2137 1216 2169 Cod.
1248 2137 1397 2169 Parisin.
1431 2137 1542 2168 Nouv.
1578 2147 1652 2179 acq.
1680 2136 1776 2170 1496.
1802 2139 1841 2170 A.

284 2199 328 2204 ——
353 2182 521 2213 Biblioth.
548 2182 750 2214 Cluniacen.
776 2183 842 2213 col.
866 2179 944 2214 408.
970 2184 1009 2214 Β.
1034 2199 1078 2204 —-
1105 2182 1275 2224 „Reliqua
1301 2193 1369 2213 non
1396 2186 1533 2214 exstant
1558 2184 1593 2214 in
1618 2180 1706 2215 Ms.“
1733 2183 1773 2215 B.

699 2349 781 2385 231.
817 2350 874 2392 (3.)
908 2350 954 2384 In
980 2350 1146 2384 sanctae
1171 2350 1416 2385 Adelheidis.

301 2442 339 2481 1.
369 2443 472 2480 Anni
505 2443 631 2480 voluto
662 2447 831 2490 tempore
1118 2446 1154 2482 3.
1187 2444 1303 2480 Fudit
1334 2454 1425 2490 opes
1456 2444 1687 2491 largissimas

371 2499 524 2536 Festiva
555 2500 619 2536 lux
650 2501 889 2537 Adalheidae
1188 2501 1306 2539 Donis
1338 2501 1489 2547 replens
1520 2501 1711 2545 ecclesias,

373 2556 492 2592 Nobis
524 2556 657 2594 beatae
689 2558 836 2606 claruit,
1187 2558 1306 2603 Regni
1340 2556 1500 2594 facultas
1531 2557 1695 2594 maxima

372 2613 452 2657 Qua
483 2614 673 2650 saeculum
705 2614 778 2650 ium
811 2615 968 2661 respuit,
1187 2614 1369 2659 Dispersa
1401 2614 1506 2660 pavit
1535 2614 1696 2660 agmina.

303 2716 339 2751 2.
372 2715 583 2760 Apostolici
617 2716 802 2762 dogmatis
1118 2719 1153 2754 4.
1188 2716 1376 2752 Martham
1409 2715 1514 2761 sequi
1547 2715 1778 2762 decreverat,

373 2771 563 2807 Instructa
596 2772 849 2817 didascalicis,
1187 2772 1289 2818 Opus
1323 2783 1432 2808 manu
1464 2771 1732 2817 compleverat,

373 2827 435 2863 Sic
465 2828 583 2864 utitur
614 2829 816 2875 regalibus,
1188 2829 1299 2865 Amat
1334 2828 1493 2865 Mariam
1525 2833 1690 2874 pectore.

376 2882 426 2920 Ut
458 2894 525 2920 usa
556 2894 627 2921 non
660 2885 707 2921 sit
742 2884 914 2923 fastibus,
1187 2884 1324 2922 Secuta
1356 2884 1546 2922 Christum
1579 2894 1745 2922 cernere.
