1914 3223
771 149 1074 191 —351—

258 264 338 310 Qua
368 263 593 301 salutatione
625 268 782 310 recepta
812 264 992 311 respondi
1024 274 1111 311 ego:
1148 265 1253 302 Licet
1283 277 1356 303 non
1389 277 1564 315 renuam,
1601 269 1703 315 quod

145 319 312 368 traditis,
345 319 440 357 illud
471 323 595 357 tamen
627 331 699 357 non
731 319 885 366 sufficit,
919 321 1030 357 immo
1063 321 1160 368 volo,
1190 323 1290 369 quod
1321 324 1510 369 quaelibet
1534 328 1701 361 vestrum

144 376 313 422 exceptis
344 376 368 412 k
400 381 435 412 et
467 387 510 423 q,
553 377 640 423 quia
670 381 757 413 sunt.
788 378 1017 423 compositae
1048 382 1216 426 tantum,
1249 379 1380 416 laudes
1413 381 1543 417 eadem
1578 379 1702 418 forma

95 436 98 439 ’
145 431 309 475 adferat,
343 437 520 479 quant-um
553 444 618 470 vos
649 444 779 470 omnes
810 434 920 470 simul
950 434 1144 472 attulistis.
1191 430 1270 481 Quo
1289 436 1418 473 audito
1440 437 1588 484 aliquae
1608 438 1702 474 satis

142 493 448 536 acceptaverunt.
494 489 656 536 Aliquae
686 495 809 526 autcm
843 489 996 526 fuerunt
1025 490 1262 537 stupefactae
1293 498 1330 528 et
1359 493 1508 540 aliquae
1532 494 1702 531 totaliter

142 544 379 591 desperatae,
423 546 584 582 maxime
614 546 652 594 k,
683 558 720 589 x,
752 558 788 596 y,
821 558 840 582 z
871 551 908 583 et
938 546 992 583 sic
1024 547 1220 584 dicebant:
1271 548 1348 585 Nos
1380 561 1506 587 sumus
1537 561 1700 597 pauper-

140 601 257 638 rimae
293 606 327 637 et
369 613 508 647 paucas
549 603 730 640 habemus
771 603 954 640 dictiones
986 603 1123 640 latinas
1154 605 1222 641 sub
1255 606 1435 652 regimine
1468 612 1598 644 nostro
1629 618 1698 644 nee

140 658 399 695 consuevimus
430 669 606 705 praeesse
636 660 709 696 nisi
741 660 899 706 graecis,
933 659 1134 707 hebraicis,
1167 661 1376 698 barbaricis
1413 667 1450 699 et
1488 664 1699 710 peregrinis

142 714 371 752 dictionibus
413 720 450 752 et
491 716 577 752 ideo
619 720 776 764 propter
812 715 1157 762 impossibilitatem
1200 724 1365 754 nostram
1407 731 1533 757 sumus
1570 731 1698 757 omnes

137 770 304 818 legitime
344 772 593 811 excusandae.
653 773 795 818 Quibus
832 773 1032 820 respondi:
1077 773 1176 810 Satis
1209 775 1323 811 credo
1365 787 1429 813 vos
1461 777 1599 814 habere
1630 788 1695 814 cx-

141 828 352 865 cusationes
392 828 509 865 bonas
541 840 611 875 pro
643 835 679 865 et
710 840 755 866 ex
787 833 905 875 tanto,
942 829 1009 866 sed
1041 840 1114 866 non
1147 842 1190 867 ex
1224 836 1315 877 toto,
1348 836 1384 868 et
1415 833 1501 870 ideo
1533 833 1698 871 sufficiet

138 884 252 928 mihi,
284 885 383 931 quod
415 896 481 922 vos
513 890 690 931 quattuor
720 886 831 923 simul
865 891 1133 933 componentes
1165 892 1308 924 tantum
1342 891 1543 935 apponatis
1576 902 1696 937 quan-

137 943 215 977 tum
251 945 418 987 apponet
446 953 521 979 una
551 943 734 989 aliarum,
776 943 830 980 ita
859 943 958 990 quod
990 942 1016 979 k
1047 943 1241 980 dimittens
1271 945 1441 985 ordinem
1474 958 1579 983 suum
1612 958 1694 984 cum

136 997 258 1034 tribus
299 997 383 1034 aliis
423 999 557 1035 ordine
597 999 730 1036 ultimo
771 1009 811 1036 se
850 998 1057 1037 transferat
1097 1001 1332 1039 collocanda.
1395 1002 1475 1048 Quo
1520 1014 1698 1041 concesso

137 1054 380 1091 tradiderunt.
410 1056 509 1102 quod
540 1057 732 1102 sequitur:

586 1324 668 1360 35⁸.
705 1324 786 1367 (13.)
822 1325 962 1361 Munus
988 1325 1232 1362 Literarum.

146 1469 182 1507 1·
213 1465 330 1516 AgiOS
361 1480 458 1515 apex
489 1470 663 1514 altorum,
962 1471 998 1510 3.
1033 1469 1202 1511 Creatori
1240 1478 1413 1510 creatura

213 1526 424 1563 Athanatos
456 1527 675 1573 angelorum

268 1583 432 1632 Archos,
465 1583 563 1620 abba
595 1595 639 1620 ac
669 1583 828 1629 animus.

215 1639 319 1686 Agre
350 1639 664 1686 agiographorum

216 1697 413 1733 Asseritur
438 1697 675 1743 antiquorum

274 1753 505 1790 Adorandus
537 1753 757 1803 altissimus,

217 1809 391 1846 Accessit
421 1820 464 1846 ac
495 1810 712 1858 aptissimus

215 1866 276 1902 Ab
308 1866 397 1912 alto,
429 1867 715 1904 amoenissimus

273 1924 335 1960 Ad
373 1924 550 1960 ancillam
582 1934 819 1971 arcanorum,

216 1981 317 2016 Ante
348 1980 611 2027 alienissimus,

217 2037 422 2073 Assumens
453 2037 735 2074 amantissimus

271 2093 434 2129 Arrham
471 2104 559 2130 arce
590 2095 848 2135 amandorum,

176 2276 185 2286 .
217 2242 437 2285 Bethlehem
471 2246 562 2283 belli
589 2247 752 2284 bimatus

218 2303 316 2339 Base
346 2302 404 2339 bis
435 2303 504 2340 bar
535 2303 722 2341 baiulatus

272 2359 493 2397 Basternam
525 2360 638 2407 bysso
670 2361 863 2412 bandavit‚

214 2416 521 2453 Benedictionem
555 2417 663 2454 batus

216 2472 426 2524 Brachiolis
458 2473 698 2511 basternatus

271 2529 505 2566 Benedicens
537 2530 769 2581 brachcavit,

218 2585 391 2623 Balsamo
422 2585 673 2634 bituminavit,

217 2641 380 2688 Beryllis
412 2642 630 2680 bonificavit

274 2698 450 2736 Bonitate
481 2699 682 2748 balteatus‚

219 2754 360 2791 Bonam
390 2755 634 2802 beatificavit,

219 2810 445 2849 Beatificans
476 2812 616 2861 beavit,

273 2867 475 2918 Benignus,
509 2869 640 2915 bonus,
671 2869 818 2910 beatus,

1033 1528 1281 1574 Coniungitur
1313 1540 1401 1566 cara
1432 1540 1521 1567 cura

1090 1585 1265 1622 Castitati
1294 1586 1508 1632 conubium,

1035 1641 1128 1679 Cum
1160 1642 1382 1688 crystallina
1414 1643 1588 1681 clausura

1033 1698 1194 1744 Capitur
1225 1703 1334 1736 cauta
1364 1704 1534 1747 captura,

1090 1754 1238 1792 Celsum
1271 1760 1385 1802 caput
1417 1757 1651 1797 caelestium.

1033 1812 1182 1850 Clamat
1211 1812 1346 1849 chorus
1378 1813 1624 1860 credentium,

1035 1869 1248 1907 Coronator
1279 1870 1504 1906 certantium

1091 1925 1264 1972 Cingitur
1285 1931 1530 1977 «coronatura,

1034 1981 1167 2019 Carnis
1199 1983 1570 2029 comprehensorium

1035 2038 1284 2085 Cognoscitur
1315 2040 1537 2076 cinctorium

1091 2096 1233 2134 Carens
1266 2097 1407 2133 carnali
1438 2097 1599 2135 cultura.

991 2278 999 2287 .
1032 2245 1194 2287 Deserto
1227 2249 1313 2285 duci
1346 2249 1486 2286 dicitur

1030 2305 1266 2349 Dominator‚
1301 2306 1387 2342 dum
1420 2307 1570 2343 ducitur

1088 2362 1207 2399 Domo
1240 2362 1364 2399 David
1397 2363 1602 2410 desertam,

1029 2418 1188 2455 Deliciis
1221 2419 1308 2455 dum
1341 2419 1506 2466 deditur,

1031 2475 1172 2512 Dedita
1200 2476 1286 2512 dum
1321 2476 1548 2512 discernitur

1089 2532 1169 2569 Deo
1201 2532 1314 2578 digne
1345 2532 1533 2577 dedicata,

1031 2588 1131 2626 Dote
1163 2589 1336 2625 dominae
1365 2589 1506 2634 dotata,

1030 2644 1188 2682 Devotis
1219 2645 1449 2692 desiderata,

1090 2702 1198 2738 Dona
1230 2703 1321 2738 dare
1353 2702 1586 2748 dignoscitur

1033 2758 1282 2795 Dulcissimus
1315 2758 1430 2806 Deus,
1464 2759 1553 2796 data

1033 2815 1205 2862 Diligens
1237 2815 1303 2852 dat
1334 2815 1541 2863 duplicata,

1090 2872 1188 2909 Dum
1222 2871 1366 2909 donans
1397 2871 1654 2910 distribuitur.
