1914 3223
729 149 1038 190 —209—

535 293 616 329 158.
652 293 732 335 (27.)
770 294 943 337 Hymnus
968 275 1241 329 Paenitentis.

792 362 970 404 (Dubius)

115 456 151 494 1.
183 455 300 505 Deus,
333 455 436 493 orbis
468 461 679 505 reparator,
933 459 971 494 4.
1004 456 1087 493 Nisi
1118 460 1159 493 tu
1190 456 1355 493 clemens
1387 465 1555 492 mearum

239 513 303 550 lux
333 516 512 550 aeternae
542 512 699 559 gloriae,
1057 513 1300 550 lacrimarum
1332 512 1472 549 rivulos

181 569 292 617 Mihi,
324 580 477 616 quaero,
509 569 716 616 paenitenti
1001 570 1083 616 Ope
1114 574 1201 607 tuae
1231 569 1384 617 pietatis

239 626 382 673 praebe
412 626 497 673 pius
529 626 688 675 veniam,
1059 626 1226 674 digneris
1258 625 1461 672 respicere.

114 730 151 769 2.
184 727 237 767 Ut
267 727 425 766 admissi
457 727 685 765 delitescant
935 730 973 766 5.
1005 727 1058 765 Ut
1088 727 1216 765 ablata
1247 727 1422 764 vitiorum

240 783 421 822 facinoris
452 784 602 833 cumuli,
1062 785 1176 821 sorde
1206 795 1302 831 puro
1333 788 1488 830 pectore

183 842 349 888 Quorum
381 842 488 888 gravi
520 841 619 878 mole
649 850 762 888 cogor
1004 840 1091 878 Tibi
1122 841 1203 887 regi
1234 841 1464 886 sempiterno

238 897 387 936 anxiari
420 897 570 944 spiritu.
1062 902 1188 945 grates
1220 907 1353 944 queam
1383 897 1542 936 solvere.

113 1004 152 1042 3.
183 1001 257 1049 En,
290 1000 340 1038 ad
370 1000 488 1037 rutila
517 1000 690 1046 polorum
934 1003 970 1040 6.
1002 1000 1106 1048 Ergo
1136 1000 1221 1047 pius
1252 998 1434 1037 obstinati

240 1068 315 1095 non
347 1068 428 1094 sum
461 1057 596 1104 dignus
627 1057 755 1094 sidera
1061 1057 1240 1094 duritiam
1272 1056 1414 1094 corculi

182 1112 361 1151 Infelices
391 1125 462 1160 pro
493 1112 643 1150 delictis
1002 1114 1054 1151 Et
1084 1114 1262 1151 mollesce
1294 1116 1331 1150 et
1364 1123 1535 1150 maerore

239 1170 440 1209 sublevare
469 1170 612 1219 oculos,
1059 1180 1143 1207 sere
1173 1170 1447 1216 medicaminis,

488 1274 524 1312 7.
573 1273 645 1320 Qui
677 1284 759 1310 cum
791 1276 901 1320 patre
931 1273 1166 1320 sempiterna

633 1330 739 1377 regni
769 1334 874 1367 tenes
906 1331 1039 1367 solium

578 1388 622 1425 In
653 1387 798 1424 unitate
828 1387 987 1434 perenni

631 1447 744 1490 atque
775 1448 907 1481 sancto
938 1444 1088 1491 spiritu.

194 1545 376 1586 Martyrol.
407 1556 468 1576 ms.
494 1544 780 1585 Modoitiense(?)
813 1555 900 1576 saec.
928 1542 958 1576 9.
984 1556 1037 1577 ex.
1079 1543 1163 1576 cod.
1181 1544 1294 1585 Capit.
1320 1544 1492 1574 Veronen.
1519 1541 1563 1575 90
1586 1541 1665 1583 (85).

97 1592 136 1623 Α.
165 1609 203 1612 -
232 1591 416 1622 Browerus
445 1601 476 1632 p.
502 1588 556 1622 83.
582 1591 621 1621 Β.
647 1608 691 1611 -
715 1587 756 1628 2,
788 1589 803 1621 1
835 1591 1022 1622 commissa
1046 1589 1229 1621 delitescat
1253 1589 1294 1621 A.
1319 1607 1362 1610 —
1389 1587 1426 1627 2,
1461 1586 1480 1619 2
1506 1589 1665 1621 cumulus

96 1638 136 1668 A.
161 1654 206 1658 ——
231 1634 267 1675 2,
298 1634 319 1668 3
354 1636 443 1667 male
467 1635 507 1666 A.
533 1653 577 1656 —
602 1633 639 1673 2,
673 1634 695 1667 4
719 1637 874 1667 anxiaris
899 1636 939 1668 A.
965 1653 1009 1657 ——
1034 1634 1074 1675 3,
1109 1633 1125 1666 l
1153 1635 1197 1666 ad
1221 1634 1347 1666 ultima
1372 1635 1531 1675 polorum
1558 1636 1596 1666 Β.
1621 1652 1665 1656 —

95 1680 128 1720 4,
159 1680 180 1714 3
213 1681 321 1723 Opem
348 1682 387 1712 A.
416 1697 454 1702 -
484 1682 551 1713 Str.
578 1679 598 1712 5
629 1681 659 1712 ff.
693 1681 808 1712 fehlen
833 1682 873 1713 B.
898 1701 939 1704 -
966 1679 1054 1720 5,1
1083 1680 1202 1712 oblata
1226 1681 1267 1712 A.
1293 1697 1331 1702 —
1358 1678 1393 1719 5
1429 1679 1450 1711 4
1475 1685 1664 1722 gratasque

98 1738 139 1760 ex
165 1727 347 1759 absolvere
372 1727 412 1758 A.
438 1744 483 1750 ——
508 1724 583 1765 6,1
612 1727 786 1759 obstinate
811 1727 851 1758 A.
876 1744 920 1748 -
946 1726 977 1766 6,
1003 1724 1024 1758 2
1048 1726 1193 1758 torculis
1212 1726 1251 1757 A.
1274 1743 1312 1746 ——
1333 1723 1364 1763 6,
1389 1724 1411 1756 4
1437 1726 1666 1757 medicamine

97 1774 136 1804 A.
161 1791 206 1795 -—
232 1771 262 1811 7,
288 1771 308 1803 2
334 1776 413 1804 tene
438 1772 478 1803 A.
505 1789 548 1793 —
573 1773 622 1803 Zu
649 1772 714 1804 Str.
741 1770 762 1803 3
787 1782 832 1814 vg
835 1773 855 1803 l.
883 1772 949 1804 den
974 1773 1136 1813 Hymnus
1162 1768 1220 1802 Aa
1245 1769 1334 1803 caele
1357 1749 1457 1803 'clara
1487 1780 1558 1803 non
1584 1779 1665 1802 sum

96 1816 230 1860 (bynu-3
255 1816 384 1856 sewen«,
410 1828 450 1849 w.
478 1828 508 1848 o.
535 1816 569 1848 S.
597 1815 671 1850 148.

169 2942 333 2977 Dreves,
359 2942 564 2970 Lateinische
586 2941 874 2976 Hymnendiehter.
916 2941 957 2967 11.
1419 2936 1458 2969 14
