1914 3223
164 407 196 444 1.

161 673 199 711 2.

163 938 183 951 ιΙ

163 953 199 976 ι),

740 169 786 174 -
851 146 930 187 189
993 171 1040 176 -

624 295 696 332 184.
731 298 810 337 (74.)
847 296 883 332 ln
911 297 943 331 2.
971 295 1161 331 Nocturna.

231 405 419 455 spiritalis
449 405 592 451 signum
626 408 679 440 est

286 461 481 508 Templum
515 462 583 498 hoc
614 459 773 507 visibile,

235 519 279 557 1·:t
313 518 348 555 in
381 518 445 554 illo
476 523 591 554 totum
623 522 691 561 est,

286 575 390 621 Quod
422 575 459 610 in
492 574 559 610 hoc
590 573 629 610 tit
663 573 830 621 mystice.

234 674 341 718 Aqua
371 670 633 713 benedicitur„

291 727 386 765 Salis
418 726 455 763 tit
489 726 714 773 commixtio,

235 784 429 831 Templum
460 783 518 820 his
548 783 810 829 conspergitur

292 840 559 877 Circumvectis
589 839 713 877 tertio.

231 936 500 973 Accenduntur
529 935 678 972 interim

291 994 394 1030 Intus
425 992 634 1038 luminaria,

234 1048 397 1085 Numero
429 1048 624 1086 duodecim

290 1106 332 1142 ln
363 1116 455 1152 gyro
484 1105 678 1152 disposita.

163 1203 201 1239 4.
233 1201 481 1247 Aspergendo
513 1201 644 1237 circuit

293 1257 489 1303 Templum
520 1263 578 1294 ter
606 1257 815 1304 episeopus,

238 1314 371 1350 Portae
402 1312 561 1360 frontem
593 1315 756 1360 percutit

292 1370 405 1417 Virga
436 1375 493 1406 ter
522 1371 704 1416 superius.

969 406 1004 439 5.
1039 403 1190 449 Aperiri
1223 401 1420 450 praeripit,

1099 460 1145 497 Ut
1180 470 1244 495 rex
1278 459 1393 495 intret
1423 456 1580 504 gloriae,

1038 516 1143 562 Quod
1177 527 1257 552 cnm
1290 520 1348 551 ter
1378 513 1601 560 expleverit,

1099 572 1281 609 Patetiunt
1311 572 1458 608 ianuae.

974 672 1011 707 6.
1045 670 1239 715 Ingressus
1272 668 1464 706 basilicam

1104 726 1235 762 Preces
1266 725 1371 762 offert
1406 724 1577 770 Domino,

1047 783 1120 819 Pro
1151 793 1190 818 se
1221 782 1381 828 primuni
1413 781 1586 826 hostiam,

1100 838 1247 875 Deinde
1279 850 1346 885 prii
1379 838 1531 884 populo.

976 936 1011 973 7.
1044 934 1249 982 Alphabeti
1281 935 1442 980 duplicis

1099 991 1195 1028 Dum
1228 991 1365 1038 figuras
1398 990 1587 1037 exprimit,

1046 1047 1276 1085 Cancellatis
1307 1047 1416 1084 lineis

1097 1105 1229 1142 Crucis
1260 1104 1404 1151 signum
1435 1103 1628 1150 imprimit.

975 1202 1010 1239 8.
1041 1202 1143 1248 Quae
1173 1200 1267 1237 fiunt
1297 1201 1474 1247 exterius,

1100 1258 1204 1294 Intus
1236 1258 1317 1304 ipse
1349 1257 1546 1305 compleat,

1045 1315 1179 1351 Mundi
1211 1314 1469 1360 penetralibus

1101 1371 1168 1417 Qui
1199 1371 1324 1408 cordis
1355 1370 1553 1409 inhabitat.

563 1468 600 1506 9.
633 1466 713 1503 Deo
743 1467 843 1514 patri
875 1467 1005 1513 gloria,

692 1524 764 1560 Par
793 1523 844 1560 sit
873 1523 992 1560 honor
1021 1523 1110 1571 filio,

635 1580 797 1626 Compar
829 1580 878 1618 sit
907 1580 1059 1626 spiritui

689 1636 905 1674 Gratiarum
937 1637 1045 1675 actio.

166 1727 173 1733 ¹
207 1715 231 1745 13
259 1714 315 1744 t'ol.
340 1712 422 1745 9121.

161 2167 183 2202 [ὗ

622 1807 692 1844 185.
729 1809 808 1850 (75.)
844 1808 883 1844 ln
909 1808 943 1844 3.
970 1809 1161 1845 Nocturno.

188 1927 195 1934 .
229 1897 290 1934 Ad
321 1897 440 1935 altare
470 1896 640 1944 pontifex

284 1954 508 1991 sacrandum
538 1965 578 1990 se
609 1960 823 2002 praeparat,

229 2013 359 2057 Aquae
389 2010 516 2050 salem.
551 2011 710 2047 cinerem

284 2071 396 2113 atque
426 2067 574 2104 humum
607 2067 736 2106 sociat.

191 2195 200 2204 .
234 2164 298 2201 Bis
328 2163 485 2201 intincto
516 2164 633 2212 digito

290 2231 357 2266 per
387 2220 517 2257 altaris
548 2231 686 2258 cornua

233 2277 385 2324 Signum
418 2278 537 2313 cmcis
568 2278 749 2324 imprimit

289 2334 542 2371 consecrantis
574 2334 741 2372 dextera.

230 2429 284 2466 De
316 2429 458 2476 hysopo
490 2430 626 2467 deinde

283 2491 413 2522 tenens
443 2487 693 2534 aspersorium

229 2543 270 2580 In
301 2542 421 2579 altare
450 2543 589 2589 septies

282 2599 448 2646 aspergit
478 2600 760 2638 circumdatum.

188 2724 197 2732 .
231 2695 375 2741 Rigatis
405 2700 463 2732 ter
495 2695 671 2742 deinceps

282 2752 382 2788 intus
413 2753 620 2799 parietibus

225 2809 329 2854 Orat,
361 2813 399 2845 ut
432 2809 608 2845 exaudiat

280 2864 331 2902 ibi
364 2876 528 2913 quosque
563 2866 755 2906 Dominus.

968 1902 1004 1937 5.
1036 1899 1096 1936 Ad
1128 1900 1250 1936 altare
1281 1901 1433 1947 praesul
1465 1901 1522 1937 his

1092 1957 1258 2002 peractis
1289 1958 1534 2006 convertitur,

1039 2013 1208 2050 Psalmus
1241 2024 1324 2050 cum
1354 2014 1562 2060 antiphona

1092 2075 1295 2116 praeeunte
1329 2071 1479 2111 dicitur.

968 2168 1006 2204 6.
1038 2167 1100 2204 Ad
1133 2167 1264 2204 altaris
1296 2166 1468 2205 funditur

1099 2223 1215 2260 basim
1247 2235 1365 2270 aquae
1396 2226 1592 2272 reliquum,

1042 2284 1121 2326 Quo
1152 2281 1296 2327 extergi
1329 2281 1477 2329 debeat,

1098 2337 1276 2375 mundum
1308 2339 1417 2376 adest
1449 2339 1617 2379 linteum.

969 2434 1003 2471 7.
1037 2434 1113 2470 Tus
1144 2435 1300 2471 antistes
1331 2435 1459 2472 adolet

1089 2502 1203 2537 super
1233 2491 1355 2538 ipsum
1387 2492 1558 2541 Domino,

1035 2548 1126 2584 'l'am
1160 2549 1278 2594 ipsum
1312 2560 1422 2595 quam
1457 2550 1584 2595 anguli

1091 2605 1359 2651 consignantur
1387 2606 1482 2645 oleo.

968 2702 1003 2737 8.
1039 2701 1224 2739 Unctione
1256 2702 1469 2739 chrismatis

1092 2757 1210 2794 altare
1242 2757 1495 2804 perfunditur,

1038 2814 1087 2850 Et
1119 2814 1229 2850 simul
1260 2815 1469 2861 antiphona

1094 2871 1329 2909 decantanda
1361 2873 1532 2914 sumitur.
