1914 3223
797 173 976 213 —4:

187 289 254 327 25.
287 288 368 325 Rex
395 285 569 324 virtutem
604 283 664 322 fac
696 286 872 323 devotum
919 266 924 272 Ι

342 343 406 380 Me
436 343 474 379 in
506 347 592 379 tuae
623 341 801 380 laudibus

288 399 512 442 Genetricis,
545 408 641 445 quae
671 399 821 445 pudicis

343 455 470 494 Gessit
500 459 538 492 te
565 455 787 495 visceribus

185 570 252 610 26.
284 569 379 607 Eius
410 568 544 606 laudes
576 572 710 606 contra
741 567 896 607 fraudes

342 624 491 664 Inimici
524 623 665 662 faciant

287 682 365 720 Nos
396 682 557 720 invictos
589 686 625 718 et
657 679 832 733 adflictos

342 740 376 777 A
412 738 520 776 malis
553 738 730 785 eripiant.

188 855 255 892 27.
289 853 369 890 Rex
401 851 592 898 perennis,
626 849 686 888 fac
708 862 767 888 me
790 851 916 899 regnis

343 908 521 947 Gaudere
553 908 779 945 caelestibus

287 966 381 1005 Cum
414 965 546 1002 amicis
577 965 780 1011 genetricis

343 1022 447 1060 Tuae
478 1025 633 1058 sanctae
669 1020 859 1067 pree-ibus.

968 292 974 298 '
1004 290 1069 328 28.
1103 291 1210 327 Inter
1239 274 1342 337 oves,
1375 300 1467 336 quas
1499 294 1539 326 tu
1571 289 1677 328 foves

1159 347 1318 384 Pietatis
1350 346 1484 393 gratia.

1103 403 1166 440 Me
1199 413 1352 439 recense
1384 407 1496 448 atque
1529 413 1679 440 mensae

1161 459 1264 496 Tuae
1295 459 1403 496 bonis
1435 459 1544 498 satia.

1005 572 1072 608 29.
1106 571 1283 608 Illibatae
1315 572 1447 608 matris
1479 576 1579 617 nate,

1160 627 1323 674 Christe,
1357 638 1443 674 spes
1472 627 1654 674 fidelium,

1104 683 1163 721 Da
1195 694 1276 720 cum
1310 684 1452 721 sanctis
1484 685 1696 731 ignorantis

1161 740 1294 777 Finem
1326 741 1431 787 regni
1461 741 1650 787 gaudium.

1004 854 1069 891 30.
1092 852 1180 890 Tibi
1212 857 1301 890 nato
1333 863 1416 890 cum
1448 853 1558 890 beato

1159 909 1273 947 Patre
1304 910 1386 947 laus
1419 914 1455 946 et
1486 910 1607 956 gloria

1103 965 1356 1015 Flaminique,
1390 966 1452 1013 qui
1483 967 1633 1013 utrique

1159 1022 1326 1069 Compar
1357 1027 1413 1059 est
1446 1032 1515 1070 per
1545 1022 1683 1060 omnia.

754 1191 1032 1238 Rhythmus
1064 1192 1148 1231 XV.

221 1308 255 1345 1.
289 1298 418 1344 Mater
448 1305 533 1354 Dei,
567 1315 637 1351 per
667 1315 778 1351 quam
811 1304 867 1341 rei

345 1363 637 1408 Consequuntur
667 1361 828 1410 veniam,

288 1420 390 1465 Quae
421 1418 546 1455 vicisti
576 1417 770 1455 maledicti

345 1475 543 1522 Serpentis
575 1475 767 1523 astutiam,

215 1592 255 1629 2.
288 1588 510 1635 Benedicta,
543 1585 605 1624 fac
635 1597 703 1624 nos
733 1587 786 1624 ita

341 1646 422 1683 Tua
454 1643 552 1681 festa
581 1643 716 1693 colere,

284 1703 336 1742 Ut
367 1706 563 1740 venturam
595 1711 664 1747 per
694 1704 731 1737 te
761 1700 856 1738 iram

343 1758 534 1797 Possimus
566 1757 741 1794 evadere.

174 1874 197 1912 3
243 1904 251 1912 .
284 1873 313 1910 Ο
346 1870 517 1918 insignis,
550 1873 591 1907 ut
624 1873 659 1906 te
692 1869 817 1918 dignis

344 1928 546 1965 Valeamus
571 1926 747 1963 laudibus

287 1985 487 2032 venerari,
520 1982 584 2020 fac
613 1983 789 2020 mundari

344 2041 421 2078 Nos
451 2052 473 2077 a
505 2040 628 2087 culpis
658 2039 844 2078 omnibus,

211 2158 249 2195 4.
281 2156 334 2192 Te
365 2154 536 2202 laudare,
568 2152 793 2200 praedicare

341 2212 468 2257 Atque
499 2209 726 2247 benedicere

286 2267 548 2314 Delectantur,
581 2266 642 2313 qui
675 2269 860 2303 conantur

342 2324 404 2361 Ad
436 2334 580 2360 summa
610 2323 839 2370 pertingere.

216 2442 254 2478 5.
287 2438 383 2475 Nam
416 2440 454 2473 et
483 2436 558 2483 ipsi
587 2435 774 2483 quondam
802 2435 908 2472 missi

346 2492 450 2531 Caeli
483 2492 583 2530 cives
614 2492 737 2528 incliti

286 2549 584 2597 Congaudebant
615 2558 683 2585 nec
714 2548 904 2595 tacebant,

344 2606 482 2652 Quanti
515 2615 616 2642 esses
647 2605 785 2641 meriti.

218 2722 257 2760 6,
291 2719 407 2765 Virgo
439 2716 546 2763 felix,
578 2727 647 2764 per
669 2727 779 2764 quam
803 2717 918 2754 caelis

345 2776 471 2820 Atque
501 2774 614 2810 terris
646 2773 824 2820 gaudium

288 2832 357 2870 Est
389 2830 584 2876 tributum,
616 2840 712 2876 quae
740 2831 920 2866 virtutum

345 2886 512 2925 Gemmis
543 2885 665 2933 fulges
697 2886 874 2935 omnium,

1038 1305 1073 1344 7.
1106 1305 1335 1354 Deprecare,
1368 1308 1409 1341 ut
1437 1305 1560 1342 vitare

1163 1361 1241 1398 Nos
1272 1366 1429 1408 peecata
1460 1359 1577 1399 faciat

1105 1418 1185 1456 Rex
1217 1422 1406 1465 aeternus,
1443 1428 1490 1454 ne
1521 1416 1693 1455 infernus

1163 1475 1253 1511 Post
1284 1478 1443 1511 mortem
1478 1475 1675 1521 deglutiat.

1031 1589 1068 1627 8,
1102 1586 1217 1634 Virgo
1243 1591 1386 1635 sancta,
1420 1597 1543 1637 cerne,
1577 1591 1735 1634 quanta,

1163 1642 1392 1681 Perferanus
1424 1644 1564 1690 iugiter

1100 1700 1403 1747 Temptamenta,
1438 1705 1473 1736 et
1506 1703 1677 1737 sustenta

1160 1757 1250 1802 Nos,
1282 1761 1323 1794 ut
1354 1761 1494 1794 stemus
1526 1755 1693 1795 fortiter.

1033 1871 1071 1909 9.
1105 1869 1201 1919 Heu,
1235 1869 1326 1915 quid
1350 1868 1436 1919 feci,
1470 1880 1552 1906 cum
1574 1879 1633 1906 me
1654 1869 1739 1907 neci

1161 1925 1322 1963 Tradidi
1352 1930 1576 1974 perpetuae,

1104 1983 1283 2020 Vanitate
1315 1987 1450 2031 captus
1485 1983 1585 2020 vitae

1160 2039 1295 2076 Brevis
1328 2044 1363 2076 et
1397 2040 1566 2086 exiguae.

1008 2151 1074 2192 10.
1107 2153 1265 2199 Quantis
1297 2153 1399 2189 visus
1431 2163 1511 2188 sum
1545 2152 1660 2189 elisus

1159 2209 1210 2247 Et
1240 2209 1392 2248 auditus
1425 2209 1606 2258 lapsibus,

1103 2266 1258 2314 Gustus,
1290 2270 1414 2303 tactus
1446 2269 1482 2302 et
1515 2264 1680 2302 olfactus

1160 2322 1390 2360 Vulneratus
1421 2321 1595 2359 sensibus
1616 2323 1622 2358 l

1009 2436 1073 2474 11.
1107 2435 1222 2482 Virgo
1253 2434 1367 2483 mitis,
1400 2435 1449 2472 ad
1482 2440 1519 2471 te
1549 2434 1672 2472 tristis

1162 2492 1213 2529 Et
1243 2501 1415 2528 maerens
1447 2489 1635 2539 confugio,

1104 2548 1304 2585 Meliorem
1336 2548 1384 2585 ad
1416 2547 1635 2594 languorem

1163 2604 1300 2641 Curam
1333 2615 1405 2641 non
1439 2604 1602 2641 invenio.

1008 2717 1072 2755 12.
1106 2718 1161 2755 Te
1192 2727 1326 2763 rogare
1358 2716 1549 2763 singulare

1164 2773 1300 2819 Lapsis
1332 2777 1387 2809 est
1419 2772 1639 2819 remedium,

1107 2829 1288 2866 Sanitatis
1320 2829 1527 2866 vulneratis

1164 2886 1236 2924 Per
1267 2896 1388 2932 quam,
1405 2885 1516 2923 datur
1540 2885 1731 2933 gaudium.
