1914 3223
812 157 890 195 4:³7
956 179 1004 182 --

389 272 427 309 5.
459 269 561 316 Ergo
593 268 692 306 beati
727 269 801 305 Viti
834 270 932 316 quod
967 274 1003 305 et
1030 269 1118 306 olim

463 327 659 365 Sacratum
692 326 870 372 templum
907 327 989 369 suit,
1024 326 1194 362 illibatae

457 383 501 419 In
534 382 602 419 Dei
636 383 766 419 matris
797 388 851 418 est
885 382 1117 431 intitulatum

518 440 610 476 Post
641 439 711 475 hoc
742 439 902 477 Mariae.

390 543 425 581 6.
459 541 635 578 Gentium
667 544 775 578 natos
807 540 930 586 pretio
963 545 1163 582 mercatur,

459 598 715 644 Renegeratos
746 597 865 633 sacris
897 596 1062 643 lymphis
1094 597 1252 633 mundos

460 653 569 691 Facit
602 654 699 700 piari
732 653 817 690 labe
850 653 1050 699 criminali,

517 711 719 748 Priventur
749 721 849 749 orco.

396 812 433 853 7.
465 812 603 850 Oculus
636 812 758 849 caecis
791 811 933 848 exstitit
968 811 1044 858 qui,
1079 811 1223 848 claudis

464 868 645 914 Baculus,
677 868 801 915 aegris
835 868 1080 914 cataplasma,
1114 868 1188 904 reis

462 925 593 972 Venia,
626 926 744 972 lapsis
782 926 1002 971 dextraque,
1036 925 1262 971 proscriptis

520 982 661 1019 Secura
693 982 832 1020 Gades.

392 1084 429 1124 8.
463 1084 600 1122 Lilium
633 1095 741 1121 rosae
772 1095 841 1130 pro
874 1088 962 1120 tunc
994 1083 1198 1129 maritavit,

462 1141 650 1188 Sanguine
682 1145 823 1177 castam
855 1141 1005 1187 quando
1038 1139 1273 1177 consecravit

462 1197 600 1246 Vitam,
635 1201 671 1233 et
702 1196 813 1234 fidem
848 1197 956 1234 violis
988 1196 1138 1234 ornavit

518 1254 667 1291 Docens
698 1259 908 1301 torquatus.

392 1359 430 1396 9.
463 1357 577 1403 Ignea
609 1366 720 1393 cruce
752 1355 948 1402 praeditus
979 1355 1016 1391 in
1050 1354 1174 1392 fronte.

387 1422 390 1427 ’
462 1413 587 1450 Vincit
621 1418 835 1462 tyrannum,
871 1413 1015 1459 poplite
1045 1412 1108 1459 qui
1138 1410 1238 1449 flexo

461 1469 620 1508 Veniam
655 1470 736 1506 dari
768 1468 913 1516 flagitat
946 1479 1161 1514 concussus,

520 1527 679 1564 Remeat
708 1527 841 1564 victor.

364 1630 431 1669 10.
463 1630 594 1676 Longa
625 1639 695 1675 pro
726 1639 831 1665 mora
862 1628 1004 1665 Caesar
1035 1627 1253 1677 iracundus,

462 1686 611 1723 Archos
641 1696 750 1732 quam
784 1683 931 1721 faustus
962 1696 1074 1722 orans
1106 1685 1223 1722 traxit
1254 1684 1400 1731 tardus,

464 1742 631 1790 Angelos
663 1752 831 1791 surgens,
866 1740 990 1778 fronte
1021 1740 1257 1788 stupefactus

523 1799 628 1836 Vidit
658 1803 695 1835 et
726 1809 887 1837 crucem.

173 1902 246 1934 Fol.
281 1899 384 1933 154a.
411 1899 484 1939 „Ad
510 1900 773 1941 completorium
807 1898 986 1939 liymnus.“
1016 1916 1054 1920 —
1081 1896 1119 1935 4,
1156 1896 1176 1929 2
1210 1897 1354 1940 angelos
1379 1898 1569 1928 ministros.
1596 1913 1640 1918 -—-

86 1944 124 1987 8,
154 1945 176 1979 4
201 1948 338 1979 Docens
367 1949 560 1988 torquatus.
586 1962 627 1966 —-
653 1946 766 1977 Datur
799 1949 832 1975 et
857 1949 997 1986 torques
1024 1954 1128 1975 aurea
1150 1943 1154 1983 Ι
1181 1945 1246 1974 Pro
1272 1943 1431 1974 doctrina
1457 1941 1641 1979 catholica,

89 1997 165 2035 sagt
195 1993 252 2025 ein
284 1992 372 2025 Lied
402 1992 457 2023 bei
490 1992 529 2023 L.
556 1991 718 2027 Gautier,
755 1991 908 2022 Oeuvres
942 1991 1121 2031 poetiques
1154 1988 1305 2020 d'Adam
1339 1988 1379 2019 de
1406 1988 1643 2019 Saint-Victor

87 2036 275 2079 (1859)11,
309 2035 387 2075 159,
420 2036 489 2068 und
520 2038 557 2067 in
587 2038 699 2068 einem
731 2036 861 2067 andern
895 2035 953 2066 des
986 2035 1138 2066 Thomas
1163 2045 1232 2065 von
1258 2035 1416 2075 Kempen
1451 2032 1556 2064 haifst
1586 2043 1640 2064 es:

86 2083 239 2116 Auream
263 2087 419 2125 torquem
442 2087 445 2120 ξ
467 2082 652 2113 Possident
676 2083 712 2112 in
742 2085 868 2112 sortem
891 2082 896 2121 Ι
918 2080 1006 2112 Mihi
1033 2080 1156 2112 delecti
1179 2082 1182 2119 Ι
1207 2080 1376 2111 Doctores
1405 2079 1517 2110 electi.

542 2248 623 2285 410.
660 2249 740 2292 (22.)
774 2249 832 2283 De
861 2248 998 2283 eodem
1024 2247 1190 2283 Sancto.

707 2330 759 2362 Ad
783 2331 1007 2362 Matutinum.

401 2435 438 2474 1.
468 2434 598 2472 Mente
629 2444 812 2481 praesaga
846 2434 1024 2470 divinitus
1056 2437 1162 2470 actus

473 2492 658 2529 Praesens
689 2491 761 2527 scit
791 2490 919 2527 horam
951 2490 1084 2526 mortis
1114 2489 1321 2539 imminere,

475 2548 615 2585 Tactus
646 2558 825 2593 pressura
856 2553 911 2583 est
943 2547 1101 2584 conviva
1132 2545 1253 2584 factus

528 2604 642 2642 Culeo
675 2604 790 2651 digni.

401 2707 438 2745 2.
472 2706 630 2744 Lividus
661 2709 772 2742 nocte
803 2704 951 2751 perfida
981 2708 1140 2751 parente

470 2762 601 2800 Media
632 2761 752 2799 frater
778 2765 889 2798 necat
919 2772 1026 2808 quem
1060 2766 1093 2796 et
1127 2771 1215 2797 acer

474 2819 578 2856 Exta
608 2817 795 2865 transfigit
826 2828 988 2862 macera,
1022 2827 1222 2854 novercam

527 2875 601 2913 Sed
634 2880 736 2912 terra
769 2874 909 2914 sorbet.
