1914 3223
818 121 896 162 257
959 145 1007 150 —

471 287 553 322 ⁶366.
588 287 646 329 (3.)
686 288 727 321 lu
757 288 872 322 Festo
901 287 1039 323 Sancti
1067 287 1238 323 Privati·
1289 335 1293 337 Α

722 371 875 407 Prosa
920 372 990 409 111.
1240 363 1243 367 ’

97 498 164 538 la.
197 498 319 535 Iustus
349 498 478 532 noster

245 556 286 590 ut
316 552 443 600 palma
473 549 616 599 floruit,

189 609 279 648 Flos
309 609 348 646 in
379 607 544 645 fructum

245 664 402 703 formari
432 665 582 712 meruit,
630 705 635 710 ¹

187 723 278 761 Flos
308 722 346 759 in
378 732 501 766 cursu,

246 778 390 816 fructus
421 778 459 815 in
491 777 634 822 bravio,

187 836 281 884 Spes
310 835 349 873 in
380 838 499 881 aestu,

243 902 304 930 res
333 892 370 928 in
404 890 572 929 denario,

96 1020 169 1056 2³.
200 1017 230 1056 O
260 1017 410 1054 beatum
441 1014 669 1064 pontificem,

246 1073 329 1111 Suis
360 1073 555 1119 exemplar
585 1071 761 1118 subditis,

186 1131 256 1179 Qui
287 1129 525 1177 praesulatus
555 1129 701 1176 apicem

246 1186 405 1225 Summis
435 1186 585 1223 ornavit
612 1185 778 1223 meritis!

92 1313 160 1352 Sa.
192 1312 235 1349 In
265 1320 360 1348 nave
394 1310 495 1358 Petri
524 1310 652 1348 navita

245 1368 383 1405 Ventos
424 1371 460 1404 et
490 1367 611 1404 undas
642 1367 812 1414 pertulit,

188 1424 262 1462 Pro
291 1423 402 1471 plebe
435 1423 507 1460 sibi
539 1423 685 1461 credita

243 1480 349 1528 Lupo
380 1491 420 1518 se
450 1484 581 1528 pastor
611 1480 759 1520 obtulit.

91 1609 155 1645 4a.
189 1606 245 1644 Dc
275 1617 368 1653 rupe
400 1607 481 1643 vico
511 1606 684 1653 proxima

246 1663 313 1701 Vir
343 1663 475 1700 beatus
506 1663 690 1709 educitur⁷

189 1720 218 1758 Ο
249 1730 358 1766 quam
391 1719 513 1757 fidelis
542 1721 678 1768 anima,

241 1780 342 1823 Quae
362 1777 466 1814 nulla
485 1782 588 1814 sorte
604 1775 813 1825 frangitur!

87 1904 108 1939 5
126 1912 160 1940 a.
193 1901 316 1948 Negat
345 1901 415 1939 hoc
445 1912 555 1948 posse
585 1901 667 1939 fieri

241 1958 383 1996 Fidelis
408 1963 539 2006 pastor
566 1959 703 2008 ovium,

182 2013 233 2052 Ut
268 2014 408 2053 Christi
439 2017 526 2053 Iesu
556 2015 667 2053 liberi

240 2070 347 2109 Servi
377 2072 452 2109 sint
482 2071 703 2110 infidelium.

86 2196 157 2234 6a.
188 2195 323 2233 Verbis
353 2196 562 2233 admiscent
594 2197 752 2234 verbera

234 2252 501 2290 Persecutores
532 2253 699 2302 barbari,

180 2308 327 2346 Blanda
356 2310 492 2347 transit
524 2314 561 2347 et
590 2321 727 2358 aspera

233 2366 362 2403 Mente
393 2366 567 2404 Privatus
597 2367 722 2407 hilari.

80 2489 147 2527 7a.
178 2489 306 2527 Mente
337 2495 456 2530 certat
485 2491 680 2540 immobili,

230 2546 336 2585 Tuba
366 2548 497 2585 salutis
527 2549 736 2597 praedicat,

83 2670 152 2708 Sa.
186 2670 284 2707 Vicit
314 2671 440 2709 hostes
470 2672 529 2710 vir
559 2673 734 2723 invictus,

181 2726 279 2763 Vicit
308 2728 450 2777 plagas,
484 2728 575 2765 vicit
603 2729 722 2779 ictus3

179 2782 208 2820 Ο
240 2794 349 2830 quam
382 2783 473 2821 felix
505 2785 567 2822 hic
596 2784 773 2831 afflictus,

232 2839 304 2878 Ubi
337 2841 428 2878 vicit
459 2842 619 2879 veritas!

130 2905 291 2942 Drehvos,
318 2909 563 2945 Hymnographi
584 2911 703 2939 Latini.
741 2911 766 2939 I.

904 495 971 532 lb.
1007 496 1135 532 Hostis
1168 496 1312 542 culpae,

1062 553 1184 590 cultor
1214 553 1390 602 iustitiae,

1004 610 1152 655 Hospes
1183 609 1324 655 mundi,

1061 665 1225 702 concivis
1255 665 1411 714 gloriae,

1004 722 1107 758 Tulit
1137 722 1285 768 pondus

1061 782 1095 814 et
1129 784 1272 815 aestum
1305 781 1446 830 vineae,

1002 835 1096 871 Viae
1128 846 1287 885 cursum,

1059 892 1233 929 trituram
1260 903 1384 933 areae.

899 1015 972 1054 2b.
1007 1016 1138 1054 Vectis
1169 1016 1207 1054 in
1238 1028 1326 1054 arca
1358 1017 1534 1068 foederis,

1057 1073 1164 1110 Basis
1195 1074 1232 1110 in
1266 1074 1519 1124 tabernaculo,

1000 1128 1166 1166 Perfecti
1196 1131 1337 1179 lignum
1368 1132 1494 1178 operis

1054 1187 1099 1224 111
1131 1186 1341 1224 Salomonis
1373 1186 1530 1227 ferculo.

896 1309 965 1349 3b.
998 1311 1097 1349 Dum
1139 1315 1289 1349 tenetur
1318 1323 1410 1361 grex
1441 1313 1625 1360 obsessus

1054 1368 1251 1405 Invenitur
1281 1374 1412 1415 pastor
1442 1371 1578 1418 gregis,

999 1425 1138 1472 Regem
1170 1436 1275 1462 suum
1309 1427 1371 1472 qui
1402 1425 1595 1473 professus

1057 1482 1169 1520 Canit
1198 1482 1331 1520 laudes
1363 1485 1418 1520 sui
1452 1484 1564 1532 regis,

896 1606 966 1647 4b.
998 1606 1109 1645 Furit
1140 1611 1263 1645 tortor
1293 1608 1331 1645 in
1362 1609 1571 1658 Privatum,

1056 1664 1192 1702 Poenis
1221 1669 1342 1712 urget,
1374 1676 1486 1712 prece
1509 1670 1626 1717 rogat,

1000 1722 1053 1761 Ut
1083 1721 1272 1759 subiectos
1301 1732 1371 1769 per
1401 1724 1613 1769 praelatum

1057 1778 1285 1817 Servitutem
1317 1777 1418 1816 ferre
1449 1785 1570 1828 cogat.

894 1903 966 1942 5b.
1001 1903 1173 1941 Clamant
1203 1904 1343 1951 agresti
1373 1904 1480 1942 rabie

997 1960 1169 1998 Cultores
1199 1961 1482 2000 immunditiae:

995 2018 1140 2062 Adora,
1173 2028 1299 2066 senex,
1330 2018 1433 2056 idola

994 2074 1046 2111 Et
1075 2074 1244 2112 adoratis
1276 2075 1438 2115 immola.

890 2198 962 2239 6b.
995 2199 1147 2246 Martyr
1177 2201 1484 2247 perseverantiae

1047 2256 1157 2293 Ritus
1187 2257 1400 2294 immundos
1431 2257 1596 2306 abdicat,

991 2312 1182 2350 Gedeonis
1212 2313 1250 2350 in
1281 2314 1362 2350 acie

1047 2370 1152 2406 Inter
1182 2374 1370 2408 trecentos
1403 2371 1570 2410 dimicat.

883 2494 957 2533 7b.
990 2493 1194 2533 Confracto
1226 2505 1315 2532 vase
1345 2494 1454 2533 fictili

1041 2552 1216 2589 Lucerna
1246 2552 1346 2589 vasis
1375 2553 1523 2593 emicat.

888 2675 962 2715 8b.
995 2675 1052 2713 De
1083 2676 1238 2714 Privato
1269 2680 1332 2714 tuo
1362 2678 1496 2727 gaude,

989 2732 1166 2770 Laudans
1190 2733 1309 2770 virum
1333 2734 1486 2781 dignum
1507 2735 1622 2772 laude

988 2789 1039 2826 Et
1068 2789 1105 2826 in
1138 2789 1250 2827 laude
1281 2790 1360 2827 eius
1389 2791 1542 2838 plaude,

1045 2846 1282 2884 Mimatensis
1315 2847 1462 2887 civitas,

1372 2911 1411 2947 17
