2031 3289
311 281 350 317 5.
382 278 520 317 Stratis
550 276 654 313 dives
686 275 873 320 eburneis,

386 335 533 380 Pauper
564 334 659 370 iacet
691 332 903 379 germineis,

437 390 537 427 Hinc
567 390 689 426 avium

494 446 686 483 oblectant
717 445 877 490 cantica,

438 504 531 540 Inde
561 501 692 538 florum

496 559 616 606 spirat
644 556 865 605 fragrantia.

314 664 351 699 6.
385 661 581 707 Impensis‚
615 660 734 707 dives,
766 659 890 695 nimiis

384 718 541 754 Domum
574 727 744 753 casuram
776 715 974 760 construis,

440 774 556 811 Falso
587 773 665 810 sole

497 830 621 877 pingis
654 829 895 873 testudinem,

440 887 565 924 Falsis
597 886 717 923 stellis

499 943 537 980 in
570 943 664 980 caeli
696 942 873 989 speciem,

315 1048 353 1084 7.
389 1044 433 1081 In
464 1044 545 1082 veri
577 1044 671 1081 caeli
703 1040 859 1081 camera

387 1103 538 1147 Pauper
569 1101 665 1137 iacet
697 1100 963 1149 pulcherrima,

443 1158 541 1194 Vero
572 1158 663 1205 sole,

502 1215 600 1251 veris
631 1213 821 1251 sideribus

445 1272 563 1308 Istam
594 1270 651 1307 illi

499 1327 672 1374 depinxit
702 1327 898 1367 Dominus.

404 1418 432 1448 B
457 1417 515 1449 fol.
542 1415 626 1449 8321.

1048 160 1124 199 148
1185 182 1237 186 ——

1124 276 1161 313 8.
1194 275 1295 322 Opus
1326 273 1442 319 magis
1476 274 1649 311 eximium

1192 332 1264 368 Est
1301 335 1457 368 naturae
1488 342 1597 377 quam
1630 329 1832 378 hominum,

1250 387 1355 432 Quod
1388 398 1455 423 nec
1486 387 1595 424 labor

1310 454 1377 480 nec
1417 450 1588 490 sumptus
1619 447 1835 490 praeparat,

1253 500 1334 537 Nec
1364 504 1531 537 vetustas
1613 544 1618 548 .

1308 557 1488 593 solvendo
1521 556 1694 603 dissipat.

1127 659 1163 697 9.
1196 657 1391 694 Ministrat
1422 657 1530 694 homo
1563 657 1684 706 diviti,

1196 714 1363 761 Angelus
1395 718 1518 751 autem
1549 714 1721 762 pauperi,

1253 771 1305 808 Ut
1335 771 1421 807 hinc
1452 781 1596 818 quoque

1313 831 1470 876 constet,
1505 827 1682 865 caelestia

1254 885 1371 930 Quam
1402 884 1474 921 sint
1507 884 1615 921 nobis

1312 953 1334 978 a
1364 941 1444 978 Deo
1476 940 1640 981 subdita.

1107 1044 1169 1081 10.
1203 1042 1259 1080 Sit
1290 1053 1426 1091 perpes
1457 1043 1537 1080 Deo
1567 1043 1700 1090 gloria,

1200 1100 1259 1136 Ex
1281 1111 1353 1146 quo
1379 1104 1476 1148 sunt,
1501 1110 1596 1146 quae
1612 1103 1709 1149 sunt,
1733 1099 1869 1145 omnia,

1259 1157 1386 1202 Ipsum
1419 1160 1565 1203 cuncta,

1313 1223 1383 1259 per
1394 1223 1504 1260 quem
1521 1216 1618 1263 sunt,
1637 1212 1874 1260 praedicent,

1259 1270 1338 1316 Ipsi
1369 1280 1529 1317 semper,

1317 1327 1355 1362 in
1386 1338 1458 1373 quo
1488 1331 1587 1374 sunt,
1620 1326 1792 1363 iubilent.

861 1549 922 1586 117.
957 1552 1016 1594 (7.)
1052 1549 1160 1586 Feria
1186 1550 1331 1593 Quinta.

949 1633 1002 1665 Ad
1026 1635 1246 1665 Matutinum.

324 1738 359 1774 1.
393 1737 545 1775 Ornatis
578 1737 662 1773 luce
693 1736 864 1783 partibus

390 1794 526 1831 Mundi
559 1793 818 1840 superioribus

445 1851 546 1887 Loca
577 1854 696 1887 restat

502 1907 710 1944 ornandum
742 1906 869 1944 infima

448 1964 506 2001 Ex
538 1963 610 2012 his,
643 1963 777 2010 quibus

505 2021 568 2057 lux
601 2025 657 2057 est
687 2021 761 2057 iam
793 2021 958 2060 condita.

320 2125 361 2161 2.
393 2123 572 2160 Educunt
601 2134 720 2170 aquae
753 2124 889 2170 reptile

395 2180 682 2217 Producunt'et
714 2180 878 2227 volatile,

447 2236 533 2274 Uno
564 2237 665 2273 iussu

505 2293 630 2340 pisces
662 2297 698 2330 et
730 2293 901 2331 volueres

454 2350 683 2388 Prodierunt

495 2407 532 2445 in
565 2418 651 2444 suas
687 2407 846 2454 speeies.

1135 1741 1173 1777 3.
1206 1736 1323 1773 Simul
1355 1741 1391 1773 et
1423 1741 1504 1774 cete
1535 1737 1694 1783 grandia

1204 1794 1254 1830 Et
1286 1805 1405 1839 parva
1435 1793 1526 1830 fiunt
1559 1798 1696 1842 ostrea,

1260 1850 1345 1888 Uno
1376 1851 1521 1897 grypho

1318 1912 1503 1944 momento
1532 1908 1715 1945 maximus

1262 1963 1458 2001 Perfectus
1490 1970 1547 2001 est

1318 2025 1354 2057 et
1384 2032 1517 2068 passer
1548 2021 1726 2060 modicus,

1138 2126 1175 2162 4.
1210 2124 1311 2160 Dixit
1346 2124 1442 2160 enim
1477 2128 1511 2160 et
1544 2123 1646 2161 facta
1677 2130 1774 2170 sunt,

1207 2180 1405 2218 Mandavit
1438 2185 1472 2217 et
1508 2186 1634 2218 creata
1665 2188 1764 2227 sunt,

1264 2238 1406 2284 Magna
1436 2238 1545 2274 simul

1320 2295 1485 2341 complet
1520 2299 1557 2331 et
1587 2294 1747 2344 modica,

1266 2351 1333 2388 Cui
1364 2355 1449 2388 sunt
1483 2361 1600 2398 aeque

1322 2412 1456 2445 cuncta
1489 2406 1629 2445 facilia.

664 2513 700 2549 5.
733 2509 790 2546 Sit
821 2519 958 2556 perpes
990 2510 1070 2547 Deo
1101 2510 1233 2556 gloria,

732 2566 791 2603 Ex
823 2577 895 2613 quo
926 2571 1023 2612 sunt,
1057 2577 1152 2613 quae
1183 2571 1281 2612 sunt,
1314 2567 1450 2613 onmia,

790 2623 917 2669 Ipsum
950 2627 1096 2669 cuneta⁷

847 2690 915 2726 per
945 2690 1054 2726 quem
1085 2684 1183 2726 sunt,
1216 2681 1450 2727 praedicent,

793 2737 870 2783 Ipsi
902 2747 1062 2783 semper,

848 2793 884 2830 in
915 2804 987 2840 quo
1019 2797 1117 2841 sunt,
1150 2794 1320 2834 iubilent.

416 2893 442 2922 B
469 2893 523 2923 fol.
551 2892 633 2924 82321.

687 2911 699 2914 μ
735 2893 760 2931 l,
786 2892 805 2925 5
833 2894 884 2925 Ex
911 2893 964 2924 his
990 2905 1031 2925 vx
1057 2896 1194 2935 quibus.
