2031 3289
15 3119 18 3133 -.
4 3106 6 3110 ’
0 2998 19 3099 ’Λ“Χ,ἶ·“-
14 2985 18 2990 r

982 217 1031 221 —
1091 193 1287 234 494-

372 308 437 346 13.
469 307 576 345 Tunc
607 308 744 344 erimus
775 305 1035 344 transformati
1186 309 1249 346 15.
1281 308 1374 353 Iam,
1407 307 1530 356 homo,
1563 307 1641 345 noli
1671 308 1805 345 timere

524 365 567 402 In
600 364 720 400 Deum
752 363 934 411 totaliter,
1337 364 1588 410 Quaecunque
1617 365 1846 413 gravamina,

467 420 533 458 Dii
562 430 708 466 quoque
741 418 906 456 deificati
1281 421 1356 458 Per
1386 420 1481 456 haec
1511 420 1614 456 vales
1644 419 1816 458 obtinere

524 476 885 522 Supernaturaliter‚
1339 476 1432 513 Tam
1463 476 1646 513 immensa
1675 476 1814 524 gaudia

466 532 556 569 Filii
590 532 661 569 Dei
691 532 863 578 adoptati
1284 532 1473 578 Lucisque
1500 532 1621 568 lucem
1651 533 1782 570 videre

525 588 634 625 Nunc
665 593 703 624 et
732 588 989 626 aeternaliter.
1341 589 1416 626 Per
1445 593 1600 625 aeterna
1629 580 1795 627 saecula.

372 691 437 728 14.
465 691 510 727 In
542 690 610 727 Dei
643 688 821 727 fruitione
1186 691 1251 730 16.
1285 690 1393 727 Vitae
1423 689 1560 739 dator,
1591 700 1734 727 summe
1763 700 1913 739 parens,

526 746 768 793 Exspirando
799 746 972 791 moritur,
1338 746 1425 783 Tibi
1455 745 1683 790 benedictio,

468 803 513 840 In
544 804 624 840 eius
654 803 872 840 laudatione
1282 802 1340 840 Sit
1354 803 1449 851 laus,
1469 802 1583 839 decus
1599 812 1750 850 semper
1765 802 1915 840 clarens

525 859 764 906 Respirando
795 859 926 903 oritur,
1339 858 1497 905 Semper
1527 863 1591 896 tuo
1621 857 1711 908 filio,

470 916 515 953 In
546 915 616 952 hac
647 914 897 953 alternatione
1284 915 1341 952 Sit
1372 919 1408 952 et
1439 915 1559 952 honor
1588 913 1662 952 fine
1693 925 1825 953 carens

527 973 668 1019 Perpes
700 972 777 1009 vita
808 972 956 1009 colitur.
1341 972 1479 1009 Inclito
1509 971 1709 1020 paraclito.

446 1072 530 1105 cod.
558 1072 793 1104 Carolsruhan
819 1069 885 1103 368
910 1073 973 1103 mit
997 1072 1289 1114 Melodieanfang.
1314 1089 1359 1093 —
1383 1069 1414 1110 2,
1438 1070 1461 1103 4
1486 1072 1662 1113 Cogitant.

454 1227 535 1264 477.
572 1229 652 1270 (20.)
687 1229 745 1263 De
770 1228 905 1263 lucida
930 1227 1196 1272 dispositione
1223 1227 1412 1262 caelestis
1436 1227 1656 1263 Ierusalem
1680 1228 1810 1272 quoad

785 1284 989 1328 angelicas
1015 1283 1270 1319 hierarchias
1295 1283 1476 1328 hymnus.

643 1381 677 1418 1.
712 1381 756 1418 In
787 1379 880 1416 urbe
911 1390 992 1416 mea
1024 1379 1227 1416 Ierusalem
1259 1389 1404 1416 summa

711 1436 817 1482 Sunt,
850 1447 909 1483 en,
941 1441 998 1472 tot
1028 1436 1144 1483 luces,
1176 1439 1265 1482 quot
1295 1435 1349 1472 ibi
1380 1433 1522 1479 felices,

712 1494 830 1539 Quam
861 1497 899 1529 et
928 1492 1079 1529 illustro
1109 1492 1248 1538 iugiter
1278 1502 1338 1529 me
1367 1491 1463 1539 ipso,

796 1549 955 1586 Lumine
984 1559 1087 1586 vero.

643 1653 679 1691 2.
712 1651 783 1688 Est
812 1661 950 1698 perpes
982 1650 1060 1688 vita
1089 1650 1182 1687 haec
1211 1649 1370 1696 pulchre
1400 1649 1521 1697 polita

712 1708 800 1746 Mea
829 1707 974 1757 sophia,
1007 1707 1108 1744 trina
1136 1705 1328 1743 ierarchia

710 1764 956 1811 Angelorum,
989 1763 1169 1801 virtutum
1200 1773 1393 1800 sacrarum

796 1821 861 1858 Me
891 1820 1171 1867 propalantum.

643 1923 680 1962 3.
715 1921 870 1959 Cunctis
900 1921 1073 1968 praelata
1105 1921 1302 1967 Seraphim
1336 1919 1460 1969 beata,

711 1978 769 2015 Ibi
800 1977 1004 2025 ferventer,
1036 1988 1187 2024 semper
1217 1977 1448 2014 excellenter

712 2034 861 2072 Ardent
891 2035 1052 2072 amando
1083 2038 1283 2081 amantque
1313 2033 1497 2081 ardendo,

799 2091 874 2130 Sed
904 2092 989 2138 igne
1020 2091 1111 2128 Deo.

645 2196 683 2233 4.
717 2193 919 2231 Cherubim
952 2194 1044 2229 latet
1074 2192 1181 2240 nihil,
1213 2192 1280 2229 sed
1311 2191 1369 2228 his
1399 2195 1505 2238 patet

713 2250 843 2286 Totius
874 2250 1008 2296 plenus
1039 2249 1218 2286 scientiae
1249 2247 1403 2296 fundus,

711 2307 827 2352 Quem
860 2307 914 2342 sic
944 2306 1158 2354 pervident,
1189 2305 1321 2342 subtus
1351 2309 1393 2341 ut
1424 2304 1609 2349 derivent,

799 2363 962 2400 Cunctos
992 2363 1196 2402 illustrent.

643 2469 679 2504 5.
713 2465 864 2503 Summe
894 2464 1053 2512 pacatis,
1086 2473 1235 2510 semper
1265 2461 1414 2499 feriatis

714 2522 756 2559 In
788 2521 934 2558 thronis
965 2532 1054 2558 vera
1085 2521 1233 2567 requies
1265 2523 1322 2556 est
1351 2529 1464 2568 mera,

713 2579 787 2616 Per
817 2578 885 2614 hos
917 2577 1092 2625 decerno,
1125 2577 1224 2623 quod
1256 2575 1422 2613 fiendum
1455 2585 1566 2612 cerno

798 2635 861 2671 Sic
891 2634 938 2671 ab
969 2638 1136 2673 aeterno.

643 2740 679 2776 6.
713 2737 782 2783 Qui
816 2737 1056 2774 dominantur
1087 2736 1237 2785 ceteris,
1266 2735 1451 2771 mirantur

711 2794 774 2831 Me
805 2798 844 2830 ut
877 2804 1004 2830 eorum
1037 2793 1226 2829 dominum
1259 2796 1491 2836 cunctorum,

712 2850 811 2887 Hinc
843 2861 882 2886 se
914 2849 1109 2886 bassantes
1139 2859 1271 2895 meque
1302 2847 1506 2885 adorantes

796 2907 888 2944 Sunt
923 2907 1171 2943 dominantes.

2009 2994 2031 3289 ss‘*'—‘’‘*'-‘
