2031 3289
902 219 1213 259 —378—

455 337 491 371 5.
540 333 602 371 Sic
631 343 703 379 ope
735 332 864 370 divina
894 344 976 370 cum
1009 333 1176 369 claustra
1205 332 1306 369 salus
1335 332 1492 379 inopina

533 389 703 436 Virginis
733 388 905 436 intravit,
936 399 1006 426 nec
1037 399 1077 425 se
1107 399 1176 426 nec
1206 399 1287 425 eam
1318 389 1487 435 violavit,

529 445 700 492 Virginei
731 450 863 491 partus
894 450 1001 483 utero
1032 452 1073 482 tu
1103 444 1254 482 conficis
1285 449 1412 491 artus3

532 502 594 539 Ad
627 501 741 538 vitam
773 507 906 548 portus
936 503 987 538 sit
1016 501 1124 538 nobis
1155 502 1257 538 illius
1288 505 1404 540 ortuS.

447 604 484 641 6.
536 601 599 639 Sic
629 602 710 638 avis
740 602 779 638 in
810 602 938 648 specie
968 605 1118 648 partum
1149 612 1263 648 super
1291 602 1375 648 ipse
1406 601 1552 639 Mariae

527 658 695 695 Veneras
727 663 762 694 et
794 659 952 695 mundas
984 656 1160 697 Iordanis
1192 657 1339 695 feceras
1369 658 1502 704 undas,

531 715 655 751 Intrat
683 725 800 761 aquas
834 715 964 751 harum
994 715 1088 751 duce
1119 719 1156 751 te
1186 715 1395 761 plasmator
1425 725 1629 763 aquarum;

532 771 747 808 Munditiae
778 782 911 807 munus
942 771 1134 818 praebete,
1170 771 1242 807 duo
1274 771 1376 807 Deus
1407 782 1514 809 unus,

452 874 487 911 7.
536 872 724 918 Discipuli
757 872 909 917 Christi,
942 872 1078 919 quibus
1108 873 1219 919 ignea
1250 872 1348 909 dona
1380 872 1533 919 dedisti,

532 928 680 965 Fantur
709 929 881 966 inaudita
911 939 981 965 nec
1010 929 1049 965 in
1079 929 1148 966 hac
1178 929 1388 965 communia
1418 929 1509 976 vita,

531 984 632 1022 Gens
665 989 804 1032 stupet,
837 985 986 1035 arescit,
1020 996 1133 1022 sonus
1166 985 1278 1035 viget,
1312 985 1433 1032 gloria
1465 985 1622 1033 crescit3

534 1041 728 1088 Propitius
761 1042 859 1078 dona
889 1042 997 1079 nobis
1029 1042 1122 1079 haec
1152 1043 1263 1089 ignea
1295 1042 1405 1079 dona.

445 1143 481 1181 8.
528 1143 695 1190 Subiuga
724 1143 793 1180 sub
825 1143 937 1180 ritum
969 1142 1058 1180 fidei
1089 1154 1232 1180 summe
1262 1143 1483 1191 stabilitum,

532 1200 602 1246 Qui
634 1200 855 1237 coadunasti
886 1203 1028 1247 gentes,
1062 1211 1154 1246 quas
1185 1204 1272 1236 ante
1304 1200 1442 1236 creasti
1520 1241 1525 1248 ,

534 1256 624 1294 Cum
657 1262 768 1303 patre
799 1267 880 1293 cum
911 1261 1000 1293 nato
1033 1257 1173 1294 deitate
1203 1256 1273 1293 tibi
1304 1256 1470 1304 sociato·‚

533 1315 682 1360 Annae,
715 1323 805 1360 gens
837 1313 968 1350 eadem
1002 1313 1222 1361 compagine
1253 1312 1357 1350 vivat
1388 1312 1532 1352 eadem.

452 1415 490 1452 9.
539 1413 760 1452 Catholicae
788 1418 905 1450 testes
935 1412 1026 1450 fidei
1057 1414 1119 1460 qui
1151 1412 1260 1460 fingis
1291 1417 1472 1461 agrestes,

535 1470 612 1507 Per
641 1481 752 1516 quam
785 1470 896 1507 dulce
925 1470 1022 1507 mori
1051 1480 1120 1507 nec
1150 1480 1310 1516 parcere
1342 1470 1438 1506 velle
1469 1469 1594 1506 cruori

538 1526 775 1572 Martyribus
807 1527 926 1563 donas
957 1531 994 1563 et
1025 1537 1088 1563 eos
1119 1537 1234 1573 super
1264 1530 1368 1563 astra
1400 1536 1570 1571 coronas,

531 1584 610 1628 Quo
642 1582 770 1619 vivant
800 1587 936 1629 tecum,
971 1583 1019 1620 da
1049 1583 1157 1620 nobis
1188 1583 1316 1620 vivere
1346 1593 1484 1621 secum.

425 1684 491 1724 10.
538 1684 646 1730 Quod
675 1689 798 1730 nocet,
831 1684 1010 1732 extricas,
1043 1683 1205 1721 Satanae
1237 1682 1391 1722 fraudes
1422 1683 1593 1720 inimicas

534 1741 581 1777 Vi
611 1741 753 1787 premis
783 1745 950 1786 aeterna,
982 1741 1175 1787 componis
1206 1740 1243 1776 in
1276 1751 1363 1777 arce
1393 1751 1558 1787 superna

538 1797 694 1843 Elysiae
724 1797 838 1846 sedis,
871 1808 962 1843 quos
995 1797 1127 1844 dignos
1157 1797 1299 1834 lumine
1330 1797 1477 1846 credis3

536 1854 659 1901 Hanc,
691 1854 866 1900 petimus,
899 1853 1028 1890 sedem
1057 1865 1127 1900 per
1157 1859 1195 1890 te
1226 1864 1438 1890 mereamur
1469 1859 1505 1889 et
1539 1853 1685 1890 aedem.

373 1953 514 1985 Collect.
548 1965 610 1985 msa
635 1954 848 1995 Tegurinum
882 1964 972 1985 saec.
1000 1951 1052 1985 12.
1098 1954 1184 1986 Clm.
1210 1954 1391 1986 Monacen.
1421 1950 1536 1985 18580
1560 1954 1600 1985 A.
1627 1971 1672 1975 -—
1698 1954 1839 1986 Collect-

284 2009 346 2031 nis.
371 1999 533 2039 Roffense
566 2010 655 2031 saec.
685 1996 735 2030 12.
784 1999 867 2030 Cod.
893 1999 1061 2031 Oxonien.
1089 2000 1197 2031 Laud.
1224 1999 1371 2031 Miscell.
1397 1998 1451 2030 40.
1477 2000 1515 2030 Β.
1543 2017 1583 2021 -
1611 1998 1752 2031 Collect.
1779 2009 1840 2037 ms.

280 2046 495 2076 Burtonense
521 2054 610 2075 saec.
640 2042 689 2076 13.
733 2044 814 2075 Cod.
833 2044 1025 2075 Londinen.
1044 2046 1147 2087 Vesp.
1167 2045 1196 2076 E
1215 2046 1278 2076 III.
1297 2045 1334 2076 C.
1355 2062 1393 2065 —
1415 2044 1556 2075 Collect.
1575 2055 1638 2075 ms.
1655 2045 1838 2086 Anglicum

279 2100 368 2122 saec.
403 2088 454 2121 13.
504 2090 585 2121 Cod.
621 2089 790 2120 Oxonien.
825 2089 932 2121 Laud.
964 2090 1111 2122 Miscell.
1144 2088 1210 2122 500
1243 2091 1286 2121 D.
1319 2107 1361 2111 -
1396 2090 1536 2121 Collect.
1569 2100 1630 2121 ms.
1657 2090 1839 2132 Anglicum

280 2145 368 2167 saec.
405 2133 456 2166 13.
505 2135 588 2167 Cod.
621 2136 790 2166 Oxonien.
825 2135 943 2177 Digby
971 2134 1023 2167 65.
1050 2136 1090 2167 Ε.
1119 2153 1157 2156 ——
1185 2136 1280 2167 Orat.
1307 2146 1368 2166 mS.
1394 2135 1608 2177 Tegurinum
1633 2136 1716 2166 anni
1744 2132 1838 2167 1469.

280 2180 365 2212 Clm.
391 2182 572 2212 Monacen.
602 2178 727 2211 191‘24.
754 2181 789 2211 F.
818 2197 860 2201 —-

374 2224 402 2264 l,
427 2225 449 2256 4
475 2230 536 2257 tua
561 2226 638 2257 laus
664 2225 749 2256 mihi
776 2227 821 2257 sit
845 2226 995 2257 venialis
1021 2225 1157 2257 BCDE.
1175 2243 1218 2246 —
1236 2223 1265 2261 2,
1296 2223 1311 2256 1
1340 2226 1408 2256 Hic
1433 2225 1492 2265 qui
1518 2225 1594 2256 vult
1620 2226 1669 2263 D}
1696 2226 1754 2258 Sic
1779 2226 1838 2258 ubi

279 2271 356 2302 vult
379 2271 477 2302 ACF.
506 2289 549 2292 —
575 2268 606 2309 2,
632 2268 652 2301 3
678 2274 811 2302 remotu
829 2272 872 2302 D.
893 2288 926 2292 -
952 2270 983 2309 3,
1009 2269 1030 2302 4
1055 2271 1282 2302 maerentium
1302 2270 1528 2302 13001312-
1544 2269 1575 2307 4,
1604 2269 1839 2303 aneumatis

279 2317 351 2348 AF.
380 2334 417 2337 —
446 2314 488 2354 4,
514 2312 536 2347 3
561 2316 687 2347 multos
712 2317 752 2347 B.
777 2333 821 2336 —
845 2315 882 2353 6,
908 2313 928 2347 2
955 2317 1099 2348 Veneris
1124 2315 1327 2353 ABCDEF3
1354 2316 1475 2347 feceris
1505 2316 1666 2348 ABcEF.
1699 2333 1735 2339 —
1758 2316 1794 2353 6,
1818 2313 1839 2347 3

279 2362 366 2393 duee
400 2361 486 2393 fehlt
518 2362 557 2392 B.
589 2381 592 2383 -
655 2362 692 2400 6,
726 2360 747 2392 4
782 2363 944 2402 praebete
969 2362 1063 2393 Deus
1099 2361 1166 2392 (luo
1191 2371 1280 2392 unus
1306 2362 1348 2393 C:
1384 2361 1545 2402 praebete
1570 2361 1720 2393 Domino
1747 2362 1838 2393 Deus

281 2417 368 2438 unus
394 2407 435 2438 E.
461 2423 504 2428 —-
530 2405 550 2438 ’7
566 2430 573 2443 ,
603 2405 618 2437 1
646 2407 748 2447 ignea
774 2407 878 2438 corda
902 2407 1028 2438 dedisti
1056 2406 1092 2438 C.
1117 2423 1157 2427 --ν
1187 2405 1216 2443 Τ,
1241 2405 1262 2437 3
1288 2416 1392 2437 sonus
1421 2410 1519 2447 urget
1547 2407 1581 2437 Β.
1609 2425 1647 2428 -
1674 2404 1706 2445 8,
1730 2404 1751 2438 3
1775 2406 1839 2439 tibi

280 2452 429 2483 solidato
455 2452 497 2483 D.
524 2470 567 2474 —
592 2450 624 2489 9,
649 2452 670 2482 4
694 2453 817 2483 vivant
843 2452 879 2483 F.
906 2468 948 2473 —-
978 2449 1028 2489 10,
1056 2450 1071 2482 1
1099 2453 1246 2482 extrices
1268 2452 1302 2483 F.
1320 2469 1365 2472 —
1384 2449 1434 2487 10,
1459 2452 1480 2483 3
1506 2451 1641 2484 Helisie
1666 2451 1837 2487 ACDEF;

279 2497 390 2529 Elisei
416 2498 454 2528 B.

363 2652 444 2688 292.
481 2653 538 2695 (6.)
573 2653 857 2688 Tetrastichon
884 2652 1032 2688 Malchi
1059 2653 1108 2687 ad
1135 2664 1167 2687 s.
1195 2652 1365 2687 Mariam
1391 2653 1431 2687 et
1457 2652 1505 2687 ad
1531 2652 1756 2708 apostolos.

453 2758 489 2797 1.
536 2758 566 2795 Ο
597 2758 767 2804 genetrix
801 2757 957 2803 Christi,
990 2767 1085 2805 quae
1117 2757 1222 2804 virgo
1253 2757 1373 2794 Deum
1406 2757 1577 2806 genuisti,

536 2814 663 2851 Mater
693 2814 844 2851 virtutis
876 2820 912 2851 et
943 2819 1094 2851 nostrae
1117 2824 1229 2851 causa
1259 2814 1404 2862 salutis,

537 2870 594 2906 Tu
625 2875 710 2907 tuus
741 2875 776 2907 et
805 2875 914 2907 natus
945 2875 1094 2907 nostros
1125 2874 1268 2917 tergete
1299 2876 1436 2916 reatus,

539 2926 652 2964 Salva
684 2938 753 2973 per
783 2938 939 2973 puerum
971 2927 1210 2964 sanctissima
1240 2937 1306 2963 nos
1337 2927 1547 2965 mulierum.
