2031 3289
997 172 1270 212 -40-

670 286 708 324 8.
741 285 911 324 Gloriam
940 285 1041 331 patri
1072 282 1281 322 referamus
1311 284 1379 332 illi,

741 342 861 378 Tanta
894 340 957 387 qui
990 340 1112 387 dignis
1143 340 1276 377 tribuit
1306 340 1502 385 ministris,

740 397 797 434 Sit
828 397 941 434 decus
972 401 1061 433 nato
1090 395 1306 443 flaminique
1336 402 1466 434 sancto

831 453 948 491 Omne
978 463 1047 499 per
1076 463 1223 491 aevum.

449 555 549 586 Brev.
576 565 637 585 ms.
665 553 863 584 strumense
890 562 979 584 saec.
1007 550 1058 583 11.
1107 552 1190 584 Cod.
1216 553 1444 584 Laurentian.
1471 554 1578 585 Conv.
1604 563 1680 595 sup.
1704 551 1780 585 524.
1806 553 1847 584 A.
1873 570 1915 575 —-

358 600 460 632 Brev.
484 610 547 631 mS.
574 599 608 631 S.
632 599 766 630 Mariae
790 598 971 629 Rotundae
997 607 1085 629 saec.
1114 595 1200 630 ¹2l13.
1249 598 1332 629 Cod.
1351 598 1512 629 Rossian.
1528 599 1590 630 IX.
1617 596 1647 630 1.
1664 600 1701 631 Β.
1727 616 1770 620 -
1797 599 1916 640 Migne

358 644 382 678 L
406 642 536 729 &29'5110
562 645 687 721 gummi
713 689 840 729 impius
865 687 1005 729 Olympi
1029 688 1066 719 B.
1092 705 1136 709 -—
1161 685 1196 725 2,
1222 686 1243 719 2
1272 688 1465 720 Adnuntiat
1489 691 1578 720 tanti
1606 689 1645 720 B.
1670 706 1715 711 —
1738 687 1776 727 3,
1802 687 1824 721 3
1849 690 1916 721 Eoi

357 734 399 767 A.
424 753 467 758 —
492 733 522 766 7.
547 732 568 766 3
592 735 687 766 Deus
713 733 950 764 inclementem
969 734 1007 764 B.
1032 751 1075 755 —
1102 733 1172 764 Auf
1184 734 1400 775 Apollinaris
1426 733 1591 766 beziehen
1617 734 1691 766 sich
1718 734 1791 767 drei
1816 738 1917 766 unter

359 780 543 812 Damianis
568 780 751 811 Sermones
778 778 1100 817 (XXX—XXXII).

807 922 861 958 33.
897 922 976 965 (18.)
1014 923 1063 958 De
1088 924 1215 959 saneto
1242 923 1467 970 Apollinare.

988 994 1039 1026 Ad
1065 996 1290 1027 Nocturnum.

379 1099 415 1138 1.
448 1097 594 1136 Chorus
626 1098 787 1135 exsultet
819 1098 1006 1148 caelitum,
1056 1131 1060 1134 .
1190 1100 1227 1136 4.
1259 1099 1402 1136 Eculeo
1433 1098 1690 1145 suspenditur,

444 1154 574 1192 Turba
604 1154 761 1201 plaudat
791 1153 973 1203 fidelium,

443 1210 680 1258 Apollinaris
710 1211 838 1257 passio

443 1267 582 1305 Mundi
612 1268 662 1304 sit
694 1267 907 1306 exsultatio.

377 1370 415 1409 2.
446 1369 521 1406 Hic
550 1369 589 1406 in
621 1368 772 1406 fervore
802 1369 957 1416 spiritus

444 1425 543 1463 Dum
574 1426 771 1473 praedicat
801 1425 1017 1473 gentilibus,

445 1482 549 1528 Quae
586 1482 665 1519 eius
695 1482 864 1519 membra
893 1480 1102 1529 perferunt,

443 1537 596 1576 Referri
625 1539 752 1586 lingua
781 1543 984 1586 nequeunt.

382 1642 420 1679 3.
452 1639 643 1678 Christum
672 1640 710 1676 in
741 1640 826 1687 igne
856 1640 1002 1687 positus

450 1696 611 1735 Summis
642 1701 804 1734 testatur
833 1697 1000 1745 vocibus,

449 1754 561 1792 Alter
589 1753 766 1790 nimirum
798 1754 983 1803 coquitur,

446 1811 498 1848 Et
528 1811 627 1848 alter
658 1814 727 1857 est,
756 1810 819 1857 qui
849 1811 1026 1857 loquitur.

1259 1155 1378 1192 Torta
1409 1165 1497 1192 caro
1529 1154 1735 1199 divellitur,

1259 1212 1339 1248 Iam
1369 1222 1491 1258 poena
1520 1221 1680 1258 poenam
1712 1209 1866 1256 cruciat,

1258 1267 1309 1305 Et
1339 1268 1474 1305 vulnus
1505 1268 1616 1315 plaga
1647 1266 1833 1304 vulnerat.

1218 1397 1227 1407 .
1259 1369 1351 1416 Igne
1381 1369 1453 1406 iam
1485 1368 1653 1406 membra
1682 1367 1829 1406 torrida

1259 1426 1389 1463 Elixat
1419 1437 1516 1472 aqua
1546 1424 1707 1473 fervida,

1262 1482 1324 1520 Sic
1357 1483 1430 1520 duo
1461 1481 1646 1519 sacrificia

1261 1539 1321 1576 Ex
1353 1550 1427 1576 una
1456 1538 1550 1576 fiunt
1581 1538 1746 1577 victima.

1224 1672 1232 1680 .
1263 1640 1385 1677 Tanta
1417 1640 1620 1677 Ravennae
1651 1638 1772 1685 gloria

1263 1696 1402 1733 Fertur
1432 1696 1479 1732 ab
1510 1695 1726 1744 Antiochia,

1262 1754 1368 1791 Haec
1398 1753 1526 1800 mittit,
1558 1753 1625 1789 illa
1655 1751 1803 1799 recipit,

1262 1810 1368 1847 Haec
1395 1809 1526 1857 gignit,
1558 1809 1624 1845 illa
1652 1808 1815 1855 perimit.

766 1914 802 1951 7.
835 1912 893 1949 Sit
924 1912 1086 1949 trinitati
1116 1912 1248 1959 gloria,

834 1970 936 2015 Quae
967 1969 1022 2005 sic
1055 1969 1220 2015 disponit
1253 1968 1416 2013 condita,

836 2026 889 2064 Ut
922 2025 1160 2072 antiquorum
1192 2025 1335 2062 scelera

838 2081 946 2119 Nova
976 2082 1172 2119 lucrentur
1202 2081 1336 2129 gloria.

453 2181 556 2212 Brev.
590 2191 651 2212 ms.
678 2182 879 2213 Strumense
906 2191 994 2213 saec.
1021 2179 1072 2213 11.
1121 2181 1205 2213 Cod.
1230 2181 1454 2213 Laurentian.
1481 2182 1587 2213 Conv.
1614 2190 1689 2221 sup.
1714 2177 1790 2211 524.
1816 2178 1855 2210 A.
1882 2195 1924 2200 —

362 2225 462 2258 Miss.
494 2229 528 2257 et
551 2226 694 2267 Antiph.
727 2237 789 2257 ms.
816 2227 1028 2258 Benedictin.
1064 2237 1152 2259 saec.
1189 2225 1241 2258 11.
1300 2226 1382 2258 Cod.
1408 2226 1520 2267 Capit.
1547 2225 1703 2258 Perusin.
1740 2222 1791 2256 16.
1816 2225 1856 2256 B.
1880 2241 1925 2245 —

362 2271 463 2303 Brev.
487 2281 550 2303 ms.
577 2271 609 2303 S.
636 2273 769 2303 Mariae
794 2272 975 2303 Rotundae
1001 2282 1091 2304 saec.
1117 2270 1203 2303 ¹²:53.
1254 2272 1336 2304 Cod.
1362 2272 1522 2303 Rossian.
1550 2272 1610 2303 IX.
1638 2269 1667 2301 1.
1693 2271 1729 2302 C.

459 2315 492 2355 1,
526 2315 541 2348 1
569 2317 719 2348 exsultat
744 2317 785 2348 A.
810 2334 854 2338 —
878 2315 916 2354 2,
946 2315 967 2349 3
993 2319 1061 2357 Qui
1087 2318 1124 2349 C.
1150 2334 1192 2339 —
1218 2315 1257 2353 3,
1293 2315 1314 2349 3
1343 2318 1505 2348 nimirum
1532 2317 1690 2358 cognitor
1715 2316 1752 2347 C.
1778 2331 1823 2336 —-
1848 2315 1924 2346 Von

366 2361 495 2393 diesem
521 2362 680 2403 Hymnus
707 2363 797 2393 steht
825 2363 879 2393 bei
901 2363 1019 2405 Migne
1045 2363 1067 2394 1.
1093 2373 1121 2393 c.
1148 2361 1211 2394 {151
1238 2373 1303 2393 nur
1328 2362 1382 2393 die
1407 2367 1496 2394 erste
1523 2361 1687 2404 Strophe;
1713 2361 1768 2392 die
1795 2358 1924 2392 audem

367 2406 539 2449 Strophen
566 2407 721 2440 daselbst
744 2408 895 2449 gehon-en
921 2419 998 2439 zum
1024 2407 1208 2450 folgenden
1233 2409 1403 2449 Hymnus.

821 2552 878 2588 34.
914 2553 994 2593 419.)
1030 2552 1078 2587 lle
1104 2553 1229 2588 sancto
1255 2551 1485 2598 Apollinare.

1040 2623 1092 2655 Ad
1118 2623 1266 2655 Laudes.

386 2716 422 2753 1.
453 2715 550 2752 Dum
584 2716 678 2753 caeli
709 2716 869 2762 sphaera
904 2715 1075 2763 volvitur,
1203 2717 1239 2753 2.
1272 2716 1389 2761 Quam
1421 2714 1583 2761 gloriose
1613 2713 1785 2760 moritur,

449 2772 652 2809 Praeclara
684 2773 764 2809 dies
795 2773 926 2816 oritur,
1268 2771 1336 2817 Qui
1369 2771 1562 2808 moriendo
1593 2771 1728 2808 oritur!

450 2828 566 2873 Quam
599 2834 746 2875 martyr
777 2828 1006 2877 apostolicus
1267 2828 1371 2864 Tunc
1403 2838 1489 2864 vere
1521 2827 1634 2864 vitam
1666 2826 1822 2870 invenit,

450 2884 551 2921 Luce
583 2884 753 2933 perfudit
783 2885 921 2923 obitus.
1267 2885 1359 2923 Cum
1391 2891 1510 2922 morte
1541 2883 1666 2920 carnis
1697 2882 1844 2920 interit.
