2031 3289
276 290 342 329 41.

275 807 343 845 42.

275 1324 342 1363 43.

277 2483 344 2522 48.

331 2007 341 2018 .
384 1976 492 2024 Oci,
524 1977 601 2013 oei
632 1976 756 2013 anima

897 174 1207 217 ——606—

389 289 464 327 Sed
495 289 593 326 hanc
627 289 793 327 scholam
821 292 964 327 temere
1090 290 1156 328 44.

441 347 603 383 mundus
634 345 832 392 irridebat,

387 402 577 449 Spernens
608 406 646 438 et
675 402 906 447 adnihilans‚

441 458 626 504 quidquid
656 457 926 506 promittebat3

385 513 467 551 Tua
496 524 586 551 vero
618 514 768 551 bonitas

442 570 543 607 vices
573 581 647 608 non
679 569 878 617 reddebat,

387 626 506 663 Immo
537 626 815 673 paenitentibus

443 686 562 720 totum
592 682 825 729 ignoscebat.

393 807 541 853 Quippe
573 806 632 843 cui
662 806 861 853 proprium
1095 807 1161 846 45.

445 867 525 899 erat
555 862 742 909 misereri,

387 918 504 965 Diligi
536 919 758 957 desiderans

443 975 576 1022 magis,
608 986 718 1022 quam
749 974 887 1023 timeri,

387 1030 526 1079 Ubera,
565 1042 638 1068 non
670 1030 831 1068 verbera

443 1086 642 1133 proferens
672 1087 814 1125 austeri

387 1143 651 1190 Praeceptoris
681 1143 803 1181 noluit

443 1210 547 1237 more
580 1199 760 1238 revereri.

388 1323 472 1361 Hoc
501 1324 540 1360 in
570 1323 760 1360 adulterio
1092 1324 1160 1363 46.

446 1380 551 1417 novit
581 1379 831 1426 deprehensa,

391 1436 506 1483 Quam
537 1436 587 1472 sit
616 1440 680 1474 tua
710 1436 832 1483 pietas

448 1492 569 1529 dulcis
601 1497 638 1529 et
668 1493 862 1543 immensa,

388 1549 619 1595 Magdalena
650 1549 768 1585 sensit
797 1548 880 1595 hoe,

445 1605 479 1641 ei
511 1615 594 1642 cum
624 1604 765 1642 offensa

388 1661 459 1698 Est
490 1661 657 1709 dimissa,
689 1661 811 1709 gratia

444 1717 647 1764 multiplex
677 1718 861 1764 impensa.

1203 289 1256 328 Ut
1286 289 1377 336 quid
1407 290 1525 328 multa
1556 290 1749 329 dicerem?

1259 349 1441 392 quotquot
1471 350 1557 384 sunt
1588 348 1707 385 secuti

1202 401 1296 438 Eius
1327 403 1596 449 magisterium,
1656 412 1660 417 ·

1258 469 1280 494 a
1311 458 1387 494 suis
1418 458 1538 495 abluti

1203 513 1315 551 vitiis
1347 520 1444 559 suut,
1477 515 1628 561 optimis

1259 570 1426 607 moribus
1457 571 1591 608 imbuti

1202 625 1253 663 Et
1283 626 1330 663 ab
1361 627 1480 664 hostis
1509 627 1629 664 invidi

1261 681 1397 719 fraude
1429 681 1521 720 facti
1551 684 1634 722 tuti.

1207 806 1329 852 Felix,
1362 806 1422 843 cui
1451 806 1558 845 licuit

1262 862 1331 899 sub
1362 863 1434 899 hoc
1462 867 1710 910 praeceptore

1207 917 1434 956 Conversari
1463 919 1601 966 iugiter

1263 979 1299 1011 et
1329 975 1376 1012 ab
1409 975 1488 1012 eius
1517 986 1583 1012 ore

1206 1031 1286 1069 Mel
1317 1031 1478 1069 caeleste
1508 1042 1656 1081 sugere,

1265 1088 1369 1124 cuius
1399 1098 1492 1134 prae
1523 1088 1677 1126 dulcore

1205 1143 1459 1181 Amarescunt
1489 1148 1625 1194 cetera,

1262 1200 1375 1247 plena
1405 1204 1493 1237 sunt
1523 1198 1680 1239 foetore.

1207 1323 1314 1360 Haec
1344 1327 1382 1360 et
1411 1324 1529 1361 multa
1559 1324 1652 1362 talia

1263 1379 1351 1417 dum
1381 1391 1485 1417 mens
1516 1381 1733 1427 meditatur,

1206 1436 1270 1474 Ad
1300 1436 1517 1474 reddendas
1547 1437 1688 1484 gratias

1261 1496 1342 1530 tota
1372 1497 1634 1543 praeparatur,

1204 1548 1257 1587 Et
1285 1549 1478 1586 laudando
1506 1549 1712 1587 Dominum

1264 1605 1382 1652 magis
1413 1603 1681 1650 inflammatur,

1209 1661 1345 1708 Sicque
1375 1661 1492 1699 horae
1523 1662 1659 1700 tertiae

1265 1722 1396 1755 cantus
1425 1718 1662 1758 terminatur.

705 1874 751 1914 V.
800 1874 996 1912 Cantus
1036 1874 1096 1912 ad
1134 1875 1417 1915 Meridiem.

447 2033 586 2070 clamat
619 2033 657 2069 in
688 2032 759 2070 hoc
789 2035 903 2079 statu,

390 2089 534 2127 Crebro
565 2087 729 2126 fundens
759 2088 937 2126 lacrimas

443 2145 512 2182 sub
544 2146 615 2182 hoc
645 2145 823 2195 incolatu,

388 2202 567 2239 Laudans
600 2206 638 2238 et
667 2200 883 2249 glorificans

444 2269 579 2305 magno
605 2268 687 2295 cum
718 2261 854 2295 conatu

389 2314 594 2362 Christum,
626 2315 690 2361 qui
720 2317 775 2351 tot
806 2313 965 2362 pertulit

445 2381 511 2408 suo
541 2381 611 2418 pro
640 2374 759 2410 reatu.

389 2483 432 2520 In
463 2482 534 2520 hac
563 2482 657 2520 hora
687 2483 751 2528 pia
781 2493 886 2520 mens

443 2539 548 2576 ebria
580 2539 742 2584 videtur,

387 2594 462 2633 Sed
495 2595 595 2632 circa
626 2594 890 2631 meridiem

444 2651 546 2689 calor
577 2662 658 2688 cum
689 2655 858 2698 augetur,

388 2709 443 2747 Ut
472 2708 611 2745 amoris
642 2707 765 2744 iaculo

443 2768 523 2801 tota
552 2762 785 2810 perforetur,

388 2820 479 2857 Mox
510 2820 557 2857 ab
588 2820 654 2858 illa
684 2819 811 2868 passio

450 2876 591 2914 Christi
622 2880 853 2915 recensetur.

1099 1977 1165 2016 49.
1213 1976 1373 2016 Plorans
1404 1987 1493 2024 ergo
1524 1977 1679 2024 respicit

1267 2044 1403 2079 agnum
1435 2033 1650 2080 delicatum,

1208 2090 1356 2136 Agnum
1388 2089 1470 2126 sine
1501 2090 1659 2140 macula,

1265 2145 1386 2191 spinis
1418 2149 1650 2194 coronatum,

1205 2201 1384 2239 Lividum
1418 2201 1647 2249 vulneribus,

1263 2258 1380 2295 clavis
1412 2257 1657 2304 terebratum,

1206 2315 1280 2353 Per
1311 2318 1365 2352 tot
1396 2314 1480 2351 loca
1512 2315 1682 2362 eorporis

1262 2374 1382 2408 totum
1414 2375 1662 2410 cruentatum.

1098 2483 1163 2522 50.
1209 2482 1314 2520 Tunc
1346 2483 1509 2520 exlamat
1540 2483 1662 2520 milies

1259 2539 1336 2576 oei
1369 2550 1449 2576 curn
1483 2539 1668 2585 lamentis,

1202 2594 1311 2642 Oei,
1344 2595 1420 2632 oci
1451 2595 1638 2641 miseram,

1261 2651 1348 2698 quia
1378 2662 1483 2688 meae
1514 2652 1648 2688 mentis

1205 2707 1351 2745 Turbat
1381 2712 1518 2745 statum
1550 2707 1715 2754 pallidus

1264 2764 1390 2801 vultus
1421 2764 1616 2801 morientis

1207 2819 1255 2857 Et
1288 2820 1509 2866 languentes
1540 2820 1638 2857 oculi

1263 2877 1301 2912 in
1333 2887 1443 2913 cruce
1473 2876 1686 2923 pendentis
