2031 3289
332 1278 506 1316 Oratio

421 1662 513 1694 AB.

957 184 1267 225 —534—

629 299 835 337 Oblatio
875 299 1190 335 rosariorum
1230 298 1594 336 valedictoria.

536 378 708 426 Suscipe,
741 377 1009 422 christotocon,
1041 388 1137 424 quae
1167 377 1259 423 libo,
1291 378 1418 415 munia
1447 378 1618 426 laudum,

535 434 651 472 Cordi
681 438 852 470 materno
883 434 982 480 quod
1013 444 1072 469 me
1101 438 1200 470 tutes
1232 434 1279 471 ab
1310 435 1488 480 Avern03

534 491 711 536 Ignoscas
743 490 886 536 culpas,
919 500 1012 536 quas
1043 488 1134 528 fecit
1162 490 1301 527 inertia
1330 491 1479 536 multas,

534 546 607 591 En,
641 556 778 592 corpus
810 557 892 582 cum
923 550 1048 583 mente
1079 551 1165 583 tuae
1197 547 1389 583 committo
1420 547 1573 583 tutelae.

534 603 614 639 Iam
648 613 712 639 cor
742 603 964 650 perlustres,
996 604 1119 640 Iesum
1151 603 1244 639 mihi
1275 607 1360 649 post
1391 602 1534 639 obitum
1567 602 1646 639 des.

963 677 985 700 *
1247 677 1268 700 ²3<

1104 710 1126 732 >ζ<

536 772 714 818 Quamvis
746 772 867 818 stipus
900 772 1009 808 homo
1042 771 1277 818 deprompsit
1309 771 1469 818 virginis
1500 772 1604 821 odas,

537 828 662 873 Nosti⁷
696 839 762 864 cur
795 828 956 875 dederit,
989 828 1076 875 scis,
1106 828 1198 874 quid
1229 828 1368 865 abinde
1398 828 1506 874 petit.

541 884 692 921 Laudes
725 884 882 921 collatas
913 885 1165 930 praestandas
1195 885 1376 921 millesies
1408 885 1468 931 do,

591 942 691 988 Quas
721 940 791 977 tibi
824 941 1080 987 centuplicent
1111 944 1246 977 cuncta
1279 945 1407 977 creata
1434 941 1528 979 Deo.

964 1016 986 1038 >3
1247 1019 1269 1038 a<

1105 1048 1126 1071 *
1307 1084 1310 1086 .

542 1110 655 1147 Alma
688 1110 812 1146 valeto
842 1120 993 1156 parens,
1024 1109 1116 1146 mihi
1149 1108 1283 1146 crebra
1314 1109 1541 1146 charismata
1573 1109 1738 1157 mittens,

544 1166 669 1213 Virgo,
705 1167 802 1203 male
833 1166 905 1202 tibi
938 1166 1022 1203 dico
1054 1166 1150 1214 vale,
1181 1177 1404 1212 quamquam
1439 1166 1583 1212 cupiam
1616 1171 1664 1205 te.

551 1278 767 1315 metrica
815 1279 874 1316 ad
925 1278 1270 1315 beatissimam
1316 1279 1586 1325 virginem.
1636 1284 1687 1315 ut
1732 1278 1903 1316 nobis

558 1335 868 1372 reconciliet
910 1346 1301 1382 supersummam
1340 1335 1645 1373 trinitatem.

535 1414 648 1463 Filia,
681 1413 791 1451 flecte
820 1419 980 1464 patrem,
1012 1418 1134 1452 mater
1160 1414 1237 1461 pia,
1269 1415 1446 1462 praecipe
1478 1415 1588 1463 proli,

536 1472 754 1509 Pneumatis
786 1472 884 1518 aula7
920 1482 1039 1520 soror,
1069 1471 1331 1518 superoptima
1361 1482 1501 1517 sponsa
1532 1476 1569 1507 et
1600 1470 1734 1520 amica,

535 1528 659 1565 Instes
688 1540 758 1574 pro
789 1528 909 1577 nobis,
943 1539 1016 1574 quo
1049 1528 1137 1565 diva
1169 1528 1398 1565 charismata
1431 1529 1568 1573 clonet3

537 1584 635 1621 Nam
666 1585 736 1621 tibi
767 1585 819 1621 nil
851 1585 1006 1632 negitat,
1038 1585 1101 1631 qui
1133 1588 1290 1622 matrem
1323 1595 1473 1631 semper
1502 1585 1673 1623 honorat.
