2031 3289
1014 184 1061 189 -
1124 161 1318 200 422—

386 275 455 312 33.
493 272 566 317 En,
598 277 733 318 parata
763 273 900 321 omnia,
1203 273 1274 313 3b.
1311 274 1476 323 Accede,
1509 275 1693 322 accelera,

495 329 525 366 Ο
559 329 699 367 dilecta
730 331 867 373 anima,
1314 330 1407 374 Ede,
1440 330 1528 367 bibe
1558 342 1714 368 munera

551 385 718 422 Mentem
750 396 866 435 para,
1367 387 1473 424 Haec
1503 389 1705 433 praecara!

381 477 452 514 4a.
495 476 634 513 Sancta
666 474 908 521 eucharistia,
1199 475 1274 516 4b.
1312 476 1497 513 Salutaris
1527 477 1663 522 hostia,

496 531 621 568 Corda
650 535 713 568 tua
743 531 866 578 gratia
1310 532 1390 569 Fac
1420 533 1609 569 caelorum
1640 533 1743 574 ostia,

549 587 659 624 Fulci
689 587 804 633 mire,
1368 589 1549 625 Introire!

381 680 453 717 5a.
492 677 522 715 Ο
554 681 717 723 quantae
750 677 921 727 deliciae,
1198 678 1271 716 5b.
1303 679 1333 716 Ο
1364 678 1625 715 inaccessibile

497 733 641 779 Quibus
672 734 900 771 aromaticae
1310 734 1466 781 Lumen,
1499 740 1563 772 tuo
1593 735 1733 774 lumine

495 790 614 826 Nobis
643 788 763 827 fluunt
793 790 938 837 gratiae
1310 791 1422 828 Dulci
1454 802 1520 828 nos
1554 792 1754 829 dulcedine

551 847 662 884 Dona
692 848 818 884 tanta!
1368 847 1488 894 Reple
1518 849 1668 885 sancta!

382 938 454 975 6a.
494 936 586 985 Nos,
622 936 743 973 dulcis
775 936 942 983 claritas,
1199 937 1272 975 6b.
1310 938 1427 974 Pater
1457 936 1634 984 familias,

495 993 661 1031 Illustris
694 993 846 1040 veritas,
1308 994 1379 1040 Qui
1410 1004 1477 1030 nos
1509 994 1564 1031 sic
1593 994 1711 1031 satias

495 1051 598 1087 Vera
630 1050 821 1097 divinitas,
1312 1050 1411 1093 Tibi,
1445 1060 1502 1097 en,
1533 1051 1674 1097 gratias

550 1106 721 1143 Irradia!
1367 1107 1477 1144 Mens
1510 1107 1575 1144 dat
1604 1107 1679 1153 pia.

470 1196 528 1227 fol.
562 1193 664 1226 152a.
691 1212 734 1217 —
761 1195 959 1236 „Incipiunt
983 1205 1124 1236 prosae3
1158 1196 1270 1236 prima
1294 1195 1336 1227 de
1361 1206 1504 1237 corpore
1530 1192 1692 1227 Christi.“
1718 1211 1763 1217 -—
1787 1195 1940 1228 Melodie

379 1241 440 1272 der
467 1243 640 1282 Sequenz:
673 1240 971 1272 Laetabundu
982 1251 1008 1271 s.
1035 1257 1076 1262 --
1102 1241 1207 1272 Diese
1233 1242 1390 1281 Sequenz
1423 1240 1530 1272 findet
1561 1241 1635 1272 sich
1667 1240 1756 1272 auch
1780 1242 1817 1271 in
1841 1240 1942 1272 Cana

378 1296 441 1317 ms.
476 1286 678 1317 Weuceslai
711 1286 752 1318 de
778 1285 977 1327 VVyskytna
1009 1287 1092 1317 anni
1130 1283 1227 1317 1512.
1262 1286 1345 1318 Cod.
1370 1287 1459 1318 Mus.
1490 1286 1632 1318 Bohem.
1665 1287 1753 1318 XIII
1779 1286 1808 1316 A
1840 1284 1870 1317 2.
1896 1302 1942 1308 —

378 1332 619 1363 Lesarten:
646 1329 706 1369 Za,
737 1330 751 1362 1
780 1342 816 1363 se
841 1332 911 1372 qui.
937 1347 981 1352 —
1004 1328 1075 1369 31),
1101 1329 1328 1373 3praeclara.
1357 1348 1396 1352 —
1422 1330 1486 1369 4b,
1514 1330 1534 1362 2
1553 1332 1678 1363 hostia.
1705 1348 1746 1353 —
1773 1329 1832 1369 6a,
1858 1329 1943 1363 2Et

379 1377 529 1409 illustris
555 1378 694 1408 caritas.
721 1394 761 1398 —-
789 1375 851 1415 6b,
877 1373 898 1406 2
923 1377 991 1415 Qui
1017 1387 1079 1408 nos
1105 1378 1163 1419 pie
1187 1378 1305 1409 satias.
1332 1394 1375 1398 —
1405 1376 1467 1415 61),
1493 1375 1514 1407 3
1540 1377 1596 1408 En
1621 1377 1698 1409 tibi.

778 1521 860 1556 390.
895 1521 953 1565 (2.)
986 1521 1044 1556 De
1070 1521 1317 1557 visitatione
1342 1522 1390 1556 Β.
1418 1521 1470 1557 Μ.
1498 1521 1545 1557 V.

991 1592 1181 1633 Sequentia
1204 1593 1333 1623 Prima.

383 1683 452 1721 la.
493 1681 650 1722 Illibata
679 1687 805 1721 mente
835 1695 928 1721 sana
1199 1685 1219 1722 1
1237 1683 1275 1723 b.
1313 1683 1417 1722 Onus
1450 1683 1575 1721 ferens
1605 1693 1827 1731 praesuave,

497 1739 591 1777 Abit
622 1740 728 1787 virgo
758 1740 796 1777 in
826 1744 1004 1779 montana
1310 1741 1504 1779 Roborata
1534 1744 1684 1787 sumpto
1714 1741 1798 1777 Ave

552 1796 760 1834 Salutando
790 1797 998 1844 gravidam,
1367 1797 1500 1835 Senem
1533 1798 1672 1834 mulcet
1702 1796 1892 1844 pavidam.

381 1889 453 1925 2a.
492 1884 600 1925 Hanc
634 1892 677 1924 ut
706 1887 804 1924 vidit
832 1887 926 1925 haec
955 1891 1129 1925 matrona
1200 1887 1272 1927 2b.
1309 1883 1374 1926 Ad
1406 1898 1466 1924 me
1495 1892 1616 1924 mater
1646 1887 1746 1936 quod
1779 1886 1924 1924 veniret

494 1943 706 1989 Elisabeth,
738 1944 881 1990 inquit:
916 1944 1014 1982 dona
1311 1945 1396 1991 Dei,
1428 1944 1542 1981 talem
1574 1955 1646 1981 non
1677 1943 1813 1991 sitiret,

552 2001 642 2046 Quis
672 2000 764 2037 mihi
796 2005 851 2037 tot
881 2000 1026 2050 tribuit,
1367 2002 1457 2048 Quis
1488 2001 1559 2038 hoc
1589 1999 1697 2037 nefas
1726 1999 1879 2037 induit?

382 2092 452 2130 3a.
491 2087 601 2139 Nate,
635 2092 783 2128 clausus
812 2092 913 2128 unde
944 2102 1033 2129 ovas
1197 2091 1274 2131 3b.
1311 2088 1417 2131 Novo
1447 2102 1565 2128 novus
1597 2090 1820 2140 gratulatur,

494 2148 624 2185 Novus
656 2158 812 2185 cernens
842 2149 968 2194 proles
995 2159 1123 2198 novas,
1309 2149 1436 2186 Mater
1466 2152 1624 2184 matrem
1655 2147 1906 2198 amplexatur,

549 2204 639 2250 Quis
671 2208 708 2241 te
739 2205 836 2241 scire
867 2204 1023 2242 docuit?
1365 2205 1501 2242 Totum
1532 2204 1633 2241 Deus
1664 2203 1796 2241 voluit.

381 2298 455 2334 4a.
495 2292 582 2341 Eia,
613 2295 720 2332 audit
751 2295 817 2332 illa
846 2295 950 2332 illam
1195 2295 1269 2334 4b.
1308 2292 1426 2334 Sacra
1456 2295 1562 2341 virgo
1592 2294 1696 2341 pacti
1727 2297 1811 2331 rata

494 2351 656 2389 Matrem
689 2351 758 2388 Dei
792 2356 829 2388 et
858 2352 1048 2399 ancillam,
1307 2351 1544 2398 Maynificat
1573 2361 1664 2388 voce
1693 2354 1802 2397 grata

551 2409 656 2446 Haec
688 2419 769 2445 eam
800 2408 985 2458 similiter,
1366 2408 1554 2445 Decantat
1583 2407 1787 2444 humiliter.

384 2502 454 2537 5a.
486 2499 582 2546 Ave,
616 2497 708 2535 flore
739 2498 927 2544 redimita,
1200 2498 1273 2537 5b.
1313 2499 1387 2535 Ros
1419 2498 1590 2543 inundat,
1621 2497 1707 2534 labe
1737 2496 1906 2545 mundat,

495 2555 605 2591 More
638 2555 725 2592 divo
756 2555 946 2601 insignita,
1311 2554 1375 2592 Sol
1409 2555 1549 2591 virtute
1581 2560 1618 2590 te
1650 2552 1840 2601 fecundat,

554 2612 644 2650 Nos.
676 2622 887 2657 precamur,
921 2611 1088 2657 respice!
1367 2611 1532 2647 Decorat
1563 2609 1771 2657 magnifice.

477 2700 545 2731 l'ol.
568 2699 672 2731 1421„
700 2717 738 2721 ——
767 2700 824 2737 ἶῖῑι,
857 2698 869 2730 1
892 2701 954 2731 Ate
973 2701 1122 2731 clausus.
1151 2718 1192 2721 —
1218 2699 1280 2733 tlh,
1305 2699 1315 2730 l
1339 2701 1455 2731 Novas
1475 2710 1594 2730 novus.
1622 2716 1663 2720 —
1690 2696 1934 2729 Akrostichon:

386 2745 457 2775 1011
471 2756 521 2775 :in
536 2756 622 2776 nes.
652 2763 689 2767 —
720 2747 821 2776 Dies-0.
857 2746 924 2776 und
958 2746 1012 2776 die
1047 2746 1229 2785 folgenden
1264 2746 1387 2776 beiden
1413 2748 1614 2785 Sequenzcn
1640 2744 1759 2775 stelien
1787 2744 1820 2774 iu
1846 2742 1937 2774 zahl-

385 2790 522 2821 rciclwn
558 2790 890 2821 1auulsum-ist!ichen
927 2793 989 2821 wie.
1022 2791 1233 2830 godi-nemon
1260 2790 1503 2821 Mossbtiehern
1538 2787 1606 2820 und
1634 2788 1841 2821 Gradualien
1877 2787 1937 2819 des

386 2834 718 2869 15..¹.‹1}11·1111n‹1‹—1·ts,
739 2836 948 2866 namontlicli
968 2835 1166 2867 deutschen.
1203 2837 1259 2866 l'wi
1278 2836 1338 2866 (lor
1357 2835 1560 2875 Redcutung·
1578 2834 1637 2865 des
1652 2834 1734 2866 cod.
1750 2834 1936 2864 Vaticanus

382 2881 433 2911 :tls
460 2881 721 2912 antliciitisclwi·
751 2881 955 2920 Saninilung:
980 2881 1072 2911 hiitte
1100 2892 1136 2911 cs
1163 2883 1275 2922 wonig
1301 2881 1407 2916 wort.
1435 2880 1490 2911 dio
1516 2881 1683 2911 Low-ten
1708 2880 1803 2910 eines
1823 2878 1936 2909 Teiles
