2031 3289
920 181 1226 220 —140—

448 294 552 331 Nihil
585 294 677 331 dare
711 291 814 344 [Dei]
848 294 959 330 matri

505 355 684 397 reputans
716 350 903 397 illicitum,

449 407 561 444 Cuius
593 418 663 454 ope
695 417 752 443 me
784 416 964 453 cognosco

505 473 619 510 super
649 473 777 499 omnes
807 462 989 509 indigum,

323 520 416 557 165.
449 520 524 557 Oro
556 530 656 566 ergo,
688 524 729 555 ut
759 530 832 555 non
864 519 1000 555 intrem

501 576 621 612 locum
654 576 758 612 illum
791 575 1008 621 pessimum,

446 633 490 670 In
521 643 592 678 quo
624 632 726 668 nulla
759 642 830 678 pax
854 642 923 668 neo
944 632 1049 678 quies

1315 305 1433 341 neque
1467 293 1715 342 refrigerium,

1261 350 1335 388 Sed
1367 350 1511 398 rugitus
1541 356 1578 388 et
1610 351 1758 388 dolores

1137 407 1230 444 170.
1319 410 1430 453 atque
1461 407 1604 444 stridor
1634 407 1814 447 dentium.

1261 459 1355 509 Ave,
1388 463 1469 500 sola
1499 464 1604 510 virgo
1634 468 1767 509 mater,

1318 520 1511 556 consolare
1542 520 1731 567 miserum,

1261 575 1356 612 Esto
1386 585 1535 622 semper
1564 587 1706 612 memor
1735 577 1819 614 mei.

1320 632 1441 679 gaude
1471 632 1509 669 in
1540 636 1776 679 perpetuum.

394 730 433 763 21
469 742 582 773 quam.
615 750 658 753 —
690 731 733 763 ‘25
766 731 930 763 Credidit.
965 749 1005 752 —
1040 729 1083 763 26
1108 732 1277 772 concepit.
1304 750 1346 753 —
1373 728 1413 762 51
1440 732 1531 763 inter
1554 732 1655 764 ullas.
1685 749 1728 753 ——
1753 730 1795 764 87
1820 735 1859 763 ut

302 778 500 808 Dominum.
526 796 570 799 —
598 775 657 809 101
686 778 960 819 Confugientem.
985 795 1029 798 —
1057 774 1119 808 145
1144 776 1274 817 templi.

784 931 850 967 110.
887 931 944 975 (8.)
978 931 1182 976 Rhythmus
1208 931 1378 967 Octavus.

418 1039 458 1074 In
490 1042 566 1085 tuo,
603 1035 654 1087 [o]
689 1041 809 1074 mater
839 1037 993 1083 Christi,

475 1095 689 1131 venerando
720 1093 868 1130 nomine

418 1151 596 1198 Syllabae
626 1155 704 1187 tres
736 1150 987 1197 continemur,

501 1208 663 1254 quinque
696 1217 785 1244 vero
814 1207 959 1252 literae,

349 1268 385 1303 5.
419 1266 521 1310 Quae
551 1265 582 1301 si
614 1264 760 1310 pariter
790 1263 995 1309 iungantur

473 1326 558 1359 octo
589 1325 674 1357 sunt
705 1320 926 1359 certissime,

418 1378 514 1414 Nam
546 1388 615 1423 per
645 1377 719 1414 tria
749 1376 933 1413 trinitatis

473 1435 644 1483 signatur
674 1433 906 1480 mysterium,

415 1491 503 1528 Sine
536 1491 640 1527 cuius
671 1489 746 1527 fide
773 1489 898 1526 nullus

321 1548 384 1586 10.
479 1547 580 1594 capit
612 1547 711 1584 vitae
740 1546 999 1595 praemimum,

416 1604 523 1650 Quod
552 1604 620 1640 illa
649 1604 731 1640 laus
762 1601 978 1639 manifestat

471 1671 718 1706 supernorum
751 1659 899 1706 civiuma

415 1718 762 1762 Sa11etus‚sanetus‚
773 1721 924 1753 sanctus
935 1716 1110 1760 clamans,

471 1774 574 1811 Deus
605 1774 836 1810 exercituum
849 1785 858 1822 ς

318 1832 336 1869 1
345 1834 381 1869 5.
410 1831 505 1868 Nam
518 1835 604 1878 post
612 1835 777 1876 sanetus,
787 1833 953 1874 sanctus,
964 1835 1115 1867 sanctus

471 1887 570 1934 quod
600 1888 708 1924 Deus
739 1898 812 1924 non
844 1887 1047 1933 triplican¹‚

417 1945 611 1983 Unitatem
644 1943 827 1981 trinitatis

475 2005 606 2047 aperte
639 2000 867 2038 denuntiani.

417 2057 524 2103 Quod
546 2057 638 2094 haec
656 2057 771 2093 verba
787 2057 834 2094 ad
854 2064 930 2092 tres
949 2057 1047 2093 viros

315 2117 380 2155 20,
467 2113 647 2150 Abrahae
677 2112 903 2161 significant,

416 2172 542 2216 Atque
574 2171 644 2208 Dei
675 2170 889 2207 Faciamus

473 2227 633 2264 dicentis
665 2228 734 2263 hoe
763 2227 945 2264 indicant.

417 2284 547 2330 Neque
578 2284 675 2320 enim
706 2282 888 2320 faciamus

475 2340 574 2377 Deus
606 2340 677 2377 sibi
710 2341 865 2384 diceret,

318 2400 383 2436 25.
417 2397 454 2434 Si
487 2407 646 2443 persona
680 2400 825 2433 tantum
856 2407 929 2432 una

475 2452 628 2490 factoris
660 2453 868 2499 exsisteret,

417 2511 491 2546 Sed
523 2510 662 2556 plurali
693 2510 803 2546 inodo
834 2510 988 2555 loquens

473 2572 647 2613 patenter
677 2566 849 2614 innotuit,

415 2624 521 2669 Quod
553 2634 732 2660 arcanum
763 2622 946 2659 trinitatis

319 2682 384 2718 30.
474 2691 540 2716 nos
571 2681 690 2716 latere
719 2679 851 2717 noluit.

418 2737 479 2774 Sic
492 2747 560 2782 per
571 2737 746 2783 quinque,
761 2746 856 2782 quae
869 2734 1046 2772 extribus

1284 1041 1455 1074 constant
1488 1041 1600 1083 atque
1631 1037 1802 1085 geminis,

1228 1093 1409 1141 Figurate
1441 1094 1686 1140 designantur

1284 1151 1446 1197 quinque
1476 1161 1607 1187 sensus
1638 1149 1811 1191 hominis,

1134 1208 1198 1245 35.
1231 1208 1332 1253 Quae
1363 1207 1395 1243 si
1428 1207 1501 1243 duo
1532 1207 1626 1253 legis
1656 1207 1759 1243 iussa

1287 1263 1440 1300 summis
1472 1263 1633 1309 implent
1663 1263 1810 1311 studiis,

1230 1320 1428 1357 Trinitatis
1460 1320 1603 1356 visione

1285 1377 1501 1423 gaudebunt
1530 1376 1568 1412 in
1599 1375 1757 1421 superis.

1229 1433 1298 1469 Vel
1330 1443 1399 1480 per
1428 1437 1525 1477 octo,
1553 1442 1648 1479 quae
1672 1431 1718 1468 de
1742 1431 1858 1478 duplo

1131 1490 1198 1527 40.
1285 1495 1459 1526 constant
1489 1488 1744 1536 quaternario,

1227 1546 1362 1583 Mundi
1393 1550 1521 1592 partes
1537 1545 1810 1592 ‘designantun

1281 1614 1373 1649 quas
1404 1603 1442 1639 in
1473 1604 1556 1650 ipso
1588 1612 1742 1638 numero

1227 1660 1410 1704 Quattuor
1442 1659 1694 1705 evangelistae

1284 1716 1529 1763 subiugarunt
1562 1715 1733 1763 Domino,

1129 1773 1194 1810 45.
1228 1772 1353 1809 Verbo
1384 1772 1467 1818 Dei⁷
1500 1782 1641 1808 summo
1672 1771 1763 1819 regi,

1287 1835 1350 1866 tuo
1380 1839 1469 1866 vero
1503 1828 1593 1866 filio.

1232 1886 1334 1932 Ergo
1365 1890 1534 1922 sanctum
1564 1894 1699 1921 nomeu
1729 1888 1845 1922 tuum.

1290 1943 1481 1988 complens
1515 1941 1760 1987 octonarium⁷

1230 1997 1466 2046 Manifestat,
1499 1998 1585 2045 quia
1616 2007 1742 2043 regem

1133 2056 1199 2093 50.
1288 2055 1448 2102 genuisti
1481 2055 1695 2101 niaximum,

1233 2112 1300 2149 Cui
1333 2122 1489 2148 curvare
1520 2122 1616 2158 genu
1649 2110 1759 2147 debet

1288 2179 1396 2205 omne
1427 2179 1541 2215 genus
1572 2167 1761 2204 hominum

1231 2226 1279 2262 Et
1312 2224 1423 2262 fateri
1454 2225 1573 2261 omnis
1604 2224 1731 2271 lingua

1287 2286 1494 2318 creatorem
1526 2280 1735 2327 proprium,

1134 2341 1199 2376 55.
1231 2339 1300 2384 Qui
1332 2342 1466 2375 octava
1497 2338 1534 2374 in
1567 2341 1691 2374 aetate

1286 2399 1454 2431 statuens
1484 2394 1665 2430 iudiciuin

1231 2450 1449 2488 Trutinabit
1480 2461 1597 2496 aequa
1630 2451 1736 2486 lance

1287 2509 1537 2553 cuiuscunque
1568 2507 1752 2554 meritum,

1232 2565 1272 2601 In
1304 2575 1375 2610 qua
1408 2565 1468 2600 ‹iie
1500 2571 1602 2600 tuum
1634 2574 1761 2599 omnes

1133 2622 1197 2660 (30.
1287 2621 1449 2657 sentiant
1483 2620 1679 2659 auxilium.

1228 2678 1295 2723 Qui
1331 2677 1398 2714 hoc
1427 2676 1499 2713 sibi
1530 2677 1688 2713 credunt
1725 2686 1806 2712 esse

1287 2734 1398 2770 valde
1431 2733 1698 2771 necessarium.
