2031 3289
344 285 412 325 41.

347 838 412 876 42.

350 1944 417 1980 44.

351 2486 416 2523 45.

969 171 1278 211 *656*

458 285 672 323 Ventris
702 289 834 332 partus
865 285 1041 322 amabilis

514 341 574 379 De
604 345 642 378 te
673 342 774 379 velut
806 342 862 378 sol
893 341 1036 389 exiens,

459 397 642 436 Genetrix
677 397 915 443 venerabilis,

513 454 683 493 Advenit
712 454 852 490 mundo
883 453 1031 501 oriens;

515 511 584 558 Qui
607 515 695 557 post
710 510 759 546 ad
775 512 922 556 patrem
940 509 1093 546 rediens

457 567 585 604 Veluti
617 577 684 603 rex
715 565 913 613 mirabilis,

516 623 600 660 Suis
634 622 731 659 dona
762 622 963 670 elargiens,

458 678 639 717 Gaudens
669 678 818 716 scandit
848 677 1023 716 visibilis,

459 835 550 873 Tui
579 836 658 873 nati
690 836 843 884 grandis
876 839 1019 886 status3

518 892 713 930 Scandens
730 891 898 929 tribunal
916 892 1097 930 dexterae

460 950 571 987 Euax
604 948 715 985 nimis
747 948 934 985 exaltatus

519 1005 603 1054 Est,
637 1015 745 1052 quem
776 1005 929 1042 lactasti
956 1005 1096 1053 ubere;

517 1062 607 1108 Ora,
638 1065 680 1098 ut
710 1072 777 1099 suo
807 1071 961 1099 munere

461 1117 624 1155 Nostros
656 1117 720 1155 hic
750 1118 859 1155 tollat
890 1122 1031 1165 reatus,

516 1174 586 1221 Qui
620 1178 755 1212 cuncta
784 1174 901 1212 habet
931 1184 1073 1225 regere,

459 1231 671 1269 Ostendens
702 1242 772 1278 pro
802 1231 911 1269 nobis
942 1231 1054 1269 latus.

404 1420 413 1429 .
459 1387 619 1426 Nobis
649 1387 704 1425 ibi
735 1387 959 1435 degentibus

519 1445 630 1482 Dona
659 1445 766 1492 larga
796 1449 838 1482 tu
866 1445 1018 1492 largire,

461 1501 627 1539 Succure
658 1501 929 1548 impotentibus

518 1558 600 1595 Nec
630 1569 698 1595 nos
731 1558 899 1595 dimittas
929 1558 1066 1608 perire,

518 1614 619 1651 Nato
650 1618 714 1651 tuo
746 1612 806 1651 fac
836 1614 979 1651 servire

460 1670 541 1708 Nos
573 1670 642 1707 tibi
674 1670 980 1718 obsequentibus,

519 1727 569 1766 Ut
602 1728 844 1773 postmodum
874 1727 1035 1764 introire

462 1784 653 1822 Pessimus
685 1784 723 1820 in
755 1783 994 1824 caelestibus,

462 1944 583 1981 Post
610 1946 648 1978 te
678 1942 892 1989 quaerimus
924 1952 1076 1980 currere

521 2000 565 2037 In
596 1999 751 2036 odorem
779 2002 1064 2050 unguentorum,

463 2054 665 2093 Defunctis
698 2054 847 2092 confers
879 2055 1019 2104 vivere,

521 2111 627 2149 Cella
657 2112 999 2158 odoramentorum,

518 2169 561 2206 In
592 2168 744 2215 regione
775 2169 943 2205 vivorum

461 2225 652 2272 Vergente
683 2224 813 2262 mundi
844 2234 1002 2271 vespere

522 2282 618 2319 Para
648 2281 729 2319 loca
762 2280 970 2326 beatorum,

462 2338 525 2376 Ad
547 2347 642 2384 quae
664 2349 731 2375 nos
750 2336 810 2374 fac
828 2337 1093 2376 conscendere.

462 2485 557 2522 Hoc
574 2495 725 2531 semper
741 2488 809 2531 est,
828 2484 927 2530 quod
945 2487 1130 2532 optamus,

520 2541 683 2588 Assequi
713 2541 813 2578 vitae
844 2540 1028 2587 bravium,

465 2597 563 2647 Tibi,
596 2601 729 2644 mater,
761 2597 1031 2644 supplicamus,

519 2654 680 2701 Adauge
710 2657 798 2690 vota
829 2653 998 2690 cordium

523 2710 729 2757 Carnisque
760 2709 1002 2756 supercilium

467 2767 559 2813 Legi
591 2767 726 2803 mentis
757 2766 1052 2813 substernamus,

526 2823 614 2860 Post
635 2823 743 2860 huius
766 2833 912 2869 pugnae
929 2823 1096 2860 taedium

468 2880 520 2917 Ut
551 2879 713 2926 gloriose
745 2879 924 2915 vivamus.

1166 287 1232 325 46.
1277 285 1532 324 Exsilium
1562 296 1661 323 nunc
1691 286 1878 325 sustinent

1335 342 1514 380 Damnati
1544 342 1675 379 mortis
1705 343 1862 394 legibuS,

1281 399 1381 444 Quos
1422 398 1547 436 vincla
1576 399 1710 445 culpae
1741 399 1910 438 detinent

1335 454 1491 492 Detrusi
1520 455 1559 491 in
1590 455 1823 502 carceribus3

1332 511 1455 548 Adest
1484 511 1598 548 iudex
1627 511 1666 548 in
1698 509 1855 559 foribus,

1278 566 1395 613 Quem
1416 577 1490 604 non
1506 568 1640 614 latent,
1660 567 1728 604 sed
1745 567 1911 606 eminent

1333 624 1433 661 Acta
1463 624 1576 670 plena
1607 623 1838 673 criminibus,
1970 623 1971 628 ’

1276 679 1336 717 Ex
1367 679 1501 726 quibus
1531 689 1677 726 poenae
1702 680 1909 721 imminent.

1167 835 1234 876 47.
1280 837 1499 874 Ostende
1529 836 1576 873 ob
1607 837 1700 874 haec
1729 837 1847 875 ubera

1335 894 1396 931 Ad
1420 893 1645 939 placandum
1663 898 1765 931 tuum
1783 899 1910 932 natum

1279 949 1511 996 Pietatisque
1542 949 1697 1001 viscera,

1336 1006 1396 1043 Ne
1426 1005 1620 1043 videamus
1651 1009 1818 1055 reatum3

1335 1062 1469 1099 Finem
1499 1073 1646 1109 quoque
1677 1063 1725 1101 da
1745 1062 1910 1111 beatum,

1282 1118 1340 1156 Ne
1370 1119 1497 1155 laedat
1527 1129 1628 1156 mors
1659 1117 1867 1157 damnifera

1336 1175 1547 1213 Exsolvens
1573 1179 1743 1213 nostrum
1763 1180 1909 1214 reatum

1280 1230 1461 1269 Reforma
1490 1231 1594 1278 pacis
1625 1230 1794 1272 foedera.

1167 1390 1232 1428 48.
1278 1390 1308 1428 Ο
1340 1389 1456 1426 clavis
1486 1389 1631 1426 caelum
1661 1399 1846 1434 reserans,

1337 1446 1469 1483 Turris
1500 1445 1626 1484 David
1658 1445 1836 1493 eburnea,

1281 1502 1411 1540 Nubes
1442 1502 1616 1539 ardorem
1646 1506 1874 1549 temperans,

1340 1558 1507 1596 Granum
1538 1569 1672 1605 purum
1701 1559 1742 1595 in
1773 1569 1874 1605 area,

1339 1615 1471 1661 Regna
1501 1625 1635 1662 regens
1665 1614 1854 1661 aetherea,

1280 1672 1418 1718 Aegris
1449 1671 1607 1708 salutem
1638 1681 1813 1718 operans,

1339 1728 1413 1764 Per
1442 1731 1480 1764 te
1510 1728 1575 1764 lux
1605 1728 1726 1775 surgit
1754 1738 1883 1774 aurea,

1282 1784 1359 1821 Ros
1390 1787 1427 1821 et
1456 1783 1578 1821 imber
1607 1781 1850 1831 refrigerans.

1170 1944 1237 1983 49.
1286 1943 1516 1982 Clemens
1534 1942 1663 1979 mundi
1678 1942 1916 1991 imperatrix,

1340 2000 1459 2045 Quam
1490 1999 1621 2037 laudat
1652 1999 1746 2036 caeli
1777 1999 1894 2045 curia,

1281 2056 1512 2102 Angelorum
1543 2055 1773 2102 reparatrix,

1337 2112 1391 2149 Te
1423 2112 1533 2149 decet
1562 2112 1644 2148 laus
1674 2116 1711 2148 et
1741 2111 1880 2159 gloria;

1338 2169 1390 2206 Ut
1422 2168 1491 2215 vis,
1525 2167 1694 2215 disponis
1720 2168 1857 2212 omnia,

1282 2226 1375 2263 Post
1404 2224 1606 2262 Dominum
1636 2223 1898 2272 gubernatrix,

1338 2282 1411 2318 Per
1440 2284 1477 2318 te
1507 2280 1583 2318 reis
1613 2279 1655 2318 fit
1686 2281 1808 2329 venia,

1279 2337 1463 2376 Divorum
1495 2347 1691 2374 munerum
1723 2337 1862 2376 datrix,

1170 2485 1234 2523 50.
1282 2486 1312 2524 Ο
1343 2486 1483 2529 Venus,
1519 2484 1588 2521 dea
1618 2483 1769 2531 amoris,

1340 2541 1419 2578 Soli
1450 2540 1530 2577 Deo
1570 2549 1712 2577 summe
1741 2539 1913 2586 haerens,

1282 2598 1384 2635 Rosa
1413 2596 1585 2633 immensi
1615 2596 1755 2645 odoris,

1320 2653 1479 2701 Lignum
1488 2653 1588 2691 vitae
1595 2651 1758 2689 fructum
1768 2660 1914 2699 gerens,

1337 2708 1492 2748 Lucifer
1518 2709 1665 2747 radium
1697 2707 1834 2757 ferens,

1281 2766 1345 2804 Sol
1377 2775 1537 2803 exurens
1568 2765 1605 2803 vi
1635 2764 1797 2811 ardoriS,

1337 2823 1417 2860 Tuo
1448 2832 1574 2859 amore
1606 2831 1671 2859 cor
1700 2829 1872 2858 maerens

1286 2879 1464 2917 Accende
1494 2879 1596 2915 intus
1627 2882 1664 2914 et
1694 2877 1800 2915 foris.
