2031 3289
969 135 1243 174 -24-

600 248 637 286 3.
667 248 768 284 Ante
799 257 907 293 quern
938 248 1076 294 gaudet
1106 253 1216 294 pater
1245 249 1316 286 iste
1346 261 1516 298 magnus⁷

670 302 829 340 Sanctus
861 303 1086 351 Eparclfius,
1118 304 1259 350 pietate
1289 305 1412 353 fortiS‚

671 359 830 404 Respuit
861 360 1039 395 mundum
1070 360 1156 406 quia
1185 361 1429 408 possidetque

728 415 855 461 Regna
886 415 1071 462 polorum.

599 529 636 566 4.
670 526 838 564 Gloriam
871 527 1019 564 Christo
1050 532 1160 565 canat
1190 529 1310 566 omnis
1341 536 1458 577 aetas,

670 583 846 630 Protegat
877 584 939 630 qui
970 594 1036 620 nos
1069 584 1342 630 benedictione,

667 639 737 685 Qui
766 639 856 676 cluit
888 640 1033 686 pollens
1066 641 1205 678 deitate
1236 653 1378 680 summa

724 695 861 732 Trinus
892 701 928 732 et
958 708 1065 734 unus.

897 895 943 931 13.
984 896 1041 939 (9.)
1076 895 1129 931 Ad
1154 895 1310 933 Laudes.

653 1012 688 1049 1.
723 1011 866 1049 Cuncta
895 1013 958 1059 qui
990 1013 1100 1060 regis,
1133 1013 1235 1050 Deus
1263 1014 1372 1063 alme,
1406 1015 1526 1052 nostri

723 1068 928 1106 Criminum
960 1069 1107 1115 pondus
1136 1070 1274 1117 releva,
1307 1081 1518 1119 precamur,

725 1125 802 1161 Iste
833 1125 1029 1162 confessor
1060 1126 1118 1162 cui
1149 1127 1324 1163 militavit

788 1181 966 1227 Corpore,
997 1182 1124 1228 corde.

657 1306 695 1343 2.
728 1306 829 1342 Voce
861 1305 990 1343 divina
1020 1307 1185 1344 monitus
1215 1307 1368 1345 iubente

725 1362 831 1399 Inter
861 1363 1003 1399 excelsi
1033 1363 1198 1410 requiem
1231 1365 1377 1410 soporis

726 1417 850 1455 Semet
882 1419 921 1456 in
952 1420 1031 1456 solo
1062 1420 1181 1457 tenuit
1211 1420 1344 1457 beatus

781 1475 957 1522 Caespite
987 1476 1099 1514 iusso.

652 1600 690 1639 3.
722 1600 895 1638 Carceris
927 1600 1043 1637 clausi
1074 1600 1249 1638 tenebras
1281 1600 1424 1649 fugavit

723 1656 824 1694 Mira
854 1657 1044 1703 signorum
1076 1657 1187 1694 simul
1219 1663 1253 1694 et
1285 1658 1430 1706 peregit

725 1709 850 1758 Atq'ue
882 1713 1059 1750 virtutum
1092 1714 1223 1751 iubare
1255 1715 1414 1752 decorus

783 1769 892 1806 Celsa
923 1770 1069 1816 petivit.

654 1896 693 1932 4.
726 1893 893 1932 Gloriam
928 1894 1077 1931 Christo
1109 1901 1217 1931 canat
1248 1895 1366 1931 omnis
1394 1900 1512 1943 aetas,

727 1951 907 1997 Protegat
937 1951 999 1997 qui
1031 1961 1097 1987 nos
1127 1951 1403 1997 benedictione,

725 2007 795 2052 Qui
828 2007 917 2044 cluit
948 2007 1096 2055 pollens
1129 2007 1269 2044 deitate
1299 2019 1443 2046 summa

781 2063 918 2100 Trinus
949 2070 985 2100 et
1015 2075 1121 2103 unus,

769 2250 820 2286 l—l.
857 2252 936 2293 (10.)
972 2252 1022 2287 De
1047 2252 1172 2286 sancto
1200 2251 1398 2298 Eparchio.

1020 2334 1183 2365 Lectio.

494 2443 682 2494 Tempora
711 2447 837 2494 prisca
866 2448 968 2485 Deus
1001 2447 1182 2484 decorans
1212 2448 1274 2494 pie
1303 2448 1479 2495 lampade
1508 2449 1643 2496 celsus,

554 2503 684 2541 Celsus
715 2504 868 2541 adauxit
901 2503 1013 2540 herus
1045 2509 1215 2550 tempora
1247 2504 1372 2550 prisca
1404 2505 1518 2544 Deus.

491 2555 633 2606 Empta
661 2560 731 2597 soli
760 2560 893 2607 pretiis
924 2560 1068 2607 pollent
1098 2566 1139 2596 ut
1170 2566 1365 2597 stemmata
1397 2563 1563 2611 gemmis,

554 2617 650 2653 Vota
679 2617 800 2653 nitent
830 2617 973 2653 meritis
1005 2622 1131 2662 empta
1162 2617 1231 2653 soli
1263 2618 1408 2663 pretiis.

426 2673 464 2710 5.
498 2668 595 2711 Mira
625 2673 851 2719 studentque
882 2684 986 2710 rosas
1018 2684 1088 2719 quo
1120 2673 1286 2719 pendere
1318 2674 1397 2711 lilia
1426 2681 1552 2723 gratas

550 2730 715 2777 Carpere
747 2730 956 2777 caeligenas
989 2729 1083 2766 mira
1113 2729 1340 2776 studentque
1371 2742 1488 2770 rosas,

493 2781 671 2833 Principe
701 2786 890 2832 principio
921 2786 976 2822 sic
1007 2796 1153 2822 cosmus
1183 2786 1371 2835 splendet,
1404 2794 1439 2824 et
1471 2789 1548 2826 alto

558 2841 695 2879 Sancta
726 2842 866 2879 micant
897 2842 1003 2880 deico
1034 2842 1205 2890 principe
1236 2843 1434 2890 principio.
