1914 3223
715 187 761 192 -
828 166 911 205 4623
970 188 1024 193 —

103 281 141 319 3.
171 278 258 316 Non
289 277 463 329 despero,
495 278 562 316 sed
593 282 631 315 te
660 289 812 326 quaem,

221 334 324 372 Fons
354 335 651 382 misericordiae,

169 391 255 429 Iesu
285 390 447 438 Christe,
480 402 553 428 non
585 392 739 438 desiste,

222 447 332 493 Mihi,
364 458 514 497 quaeso,
548 448 672 485 tribue

167 505 325 543 Fontem
359 504 503 542 clarum
535 508 572 541 te
602 515 783 552 aquarum

224 560 387 598 Gustare
418 561 636 600 viventium.

98 664 136 701 4.
168 662 228 700 Da
258 662 437 699 vi-tutum
468 662 560 698 mihi
589 666 748 712 scutum,

220 718 279 756 Ne
309 719 347 755 in
379 718 479 756 bello
511 729 696 765 corruam,

164 774 244 821 Quo
273 775 402 822 ignitis
433 785 492 812 me
522 776 669 822 sagittis

221 832 391 869 Daemon
420 832 501 869 vult
531 832 696 874 illidere,

164 888 226 927 Ad
258 893 295 925 te
325 888 460 938 Deum,
492 892 534 926 ut
566 893 762 935 tropaeum

218 945 315 983 Mihi
347 945 425 995 des,
456 943 643 992 confugio.

916 282 953 317 5.
986 280 1029 316 In
1061 279 1132 316 hac
1162 281 1240 318 vita
1269 281 1325 318 sic
1356 291 1415 318 mc
1446 281 1526 319 dita

1042 337 1160 374 Donis
1191 337 1433 388 salutaribus,

984 392 1036 430 Ut
1067 403 1137 439 pcr
1167 394 1265 438 viam
1296 395 1351 431 ire
1381 395 1511 441 sciam,

1039 450 1141 494 Quae
1173 450 1276 487 ducit
1306 451 1355 488 ad
1387 452 1562 498 patriam,

982 505 1040 541 Ne
1068 506 1152 551 plus
1184 507 1330 554 cadam,
1363 508 1430 544 sed
1458 508 1617 546 evadam

1039 563 1199 609 Poenas,
1231 574 1322 610 quas
1353 564 1534 603 demerui.

852 695 853 698 ,
909 664 947 702 6.
980 663 1105 702 Corde
1134 664 1235 701 laeto
1266 664 1340 701 iam
1372 669 1409 702 te
1441 670 1542 713 peto,

1011 715 1016 721 ’
1040 721 1097 757 Ne
1125 731 1196 765 me,
1229 722 1327 770 Iesu,
1358 722 1493 768 punias

982 777 1146 822 Propter
1175 788 1229 821 ca,
1263 788 1357 824 quae
1388 789 1492 816 mens
1523 789 1605 817 mea

1038 833 1205 870 Admisit
1235 834 1454 884 praeterita,

982 890 1085 936 Quae
1114 889 1189 926 iam
1221 901 1309 927 vere
1339 902 1569 937 praecavere

1040 947 1215 992 Propono
1246 946 1472 988 firmissime.

505 1049 539 1086 7.
571 1048 636 1085 Me
668 1048 706 1085 in
737 1047 847 1095 bono,
881 1047 982 1095 quod
1013 1059 1197 1098 propono,

630 1104 720 1149 Fac,
753 1106 853 1149 Iesu,
886 1105 1106 1151 persistere,

568 1163 671 1199 Ante
702 1161 814 1199 finem
845 1171 892 1198 ne
924 1161 1123 1210 declinem,

628 1218 691 1255 Ad
722 1223 760 1255 te
793 1218 1036 1256 devotissime

572 1273 710 1313 Fundo
741 1285 907 1323 precem,
941 1286 986 1311 ne
1016 1275 1055 1311 in
1087 1285 1215 1312 necem

627 1331 812 1369 Decidam
843 1335 1079 1380 perpetuam.

167 1432 310 1464 collect.
346 1428 407 1463 ms.
446 1433 707 1464 Lunaelacense
744 1443 834 1465 saec.
874 1430 925 1464 15.

986 1432 1069 1465 Cod.
1106 1433 1348 1465 Vindobonen.
1384 1430 1484 1465 3604.
1521 1434 1562 1464 A.
1599 1450 1642 1455 —

79 1478 220 1512 collect.
252 1488 313 1510 ms.
340 1478 403 1510 SS.
429 1478 588 1510 Udalrici
623 1482 657 1509 et
681 1478 785 1510 Afrae
816 1479 900 1510 anni
934 1475 1031 1510 1481.
1082 1478 1169 1510 Clm.
1194 1479 1375 1509 Monacen.
1408 1476 1508 1509 4423.
1534 1479 1573 1509 B.
1601 1496 1641 1499 —

76 1525 201 1565 Incipit
233 1534 371 1555 carmen
398 1524 441 1555 ad
467 1524 510 1555 D.
537 1524 578 1555 N.
604 1525 718 1555 Iesum
744 1523 920 1557 Christum
955 1534 1016 1565 pro
1042 1524 1262 1566 impetranda
1286 1526 1504 1565 peccatorum
1530 1525 1635 1555 venia

78 1570 140 1602 sub
173 1573 254 1600 nota
279 1567 369 1608 Tibi,
404 1566 552 1607 Christe,
585 1566 755 1610 splendor
774 1568 906 1611 patris,
932 1569 1186 1601 decantandum
1212 1570 1283 1601 AB.
1308 1586 1351 1591 —
1375 1569 1545 1601 Erwiihnt
1569 1580 1639 1601 von

77 1614 213 1647 Staufer
237 1614 258 1646 l.
283 1625 312 1646 c.
336 1617 437 1646 unter
461 1615 520 1646 Nr.
547 1612 602 1646 29.

559 1736 640 1772 447.
677 1736 735 1780 (2.)
768 1736 827 1772 De
853 1736 1017 1772 Nomine
1043 1736 1147 1773 Iesu.

95 1832 133 1872 1.
164 1828 340 1871 Illibatae
370 1831 502 1868 matris
532 1836 633 1880 nate,

162 1887 239 1927 Fili
269 1888 353 1933 Dei,
383 1898 520 1935 precor
549 1889 623 1924 mei

219 1944 355 1982 Cordis
383 1945 523 1982 munda
552 1944 753 1993 latebram,

162 2001 213 2040 Ut
244 2006 376 2048 aperte
406 2005 443 2038 et
475 2002 616 2038 diserte

160 2058 292 2096 Mente
322 2062 401 2096 tota
432 2063 469 2095 et
501 2058 638 2096 devota

223 2115 393 2162 Hymnos
425 2119 508 2152 tuos
539 2113 744 2161 proferam.

96 2217 135 2257 2.
165 2212 264 2262 Heli,
296 2216 385 2264 heli,
417 2220 543 2254 rector
573 2216 681 2261 caeli,

164 2272 275 2310 Nunc
303 2273 458 2311 attende
490 2278 527 2310 et
557 2273 723 2310 accende

218 2329 282 2367 Me
311 2340 475 2377 superna
504 2329 639 2379 gratia,

164 2385 262 2423 Nam
287 2386 433 2423 sincero
465 2386 579 2423 corde
610 2397 751 2433 quaero

168 2442 254 2480 Tibi
285 2442 386 2481 ferre
415 2448 452 2479 et
482 2441 618 2480 offerre

222 2498 396 2536 Laudum
423 2498 622 2538 sacrificia.

99 2603 136 2642 3.
168 2597 369 2640 Eruditum
400 2605 437 2638 et
467 2601 650 2639 munitum

165 2658 267 2695 Tuae
295 2658 401 2706 legis,
432 2669 505 2705 qua
535 2669 602 2695 nos
631 2659 744 2706 regis,

222 2713 301 2751 Fac
330 2725 389 2751 me
419 2725 488 2762 per
517 2715 689 2764 elogium,

168 2772 247 2818 Quo
277 2771 411 2808 timore
441 2776 478 2808 et
507 2782 634 2808 amore

167 2826 315 2866 Possim
344 2827 399 2864 tui
429 2838 578 2875 semper
609 2827 684 2865 fiui

224 2885 298 2922 Per
327 2883 398 2921 hoc
427 2885 678 2931 soliloquium.

905 1833 944 1869 4.
977 1825 1243 1877 Suspirantem
1275 1834 1312 1867 et
1343 1831 1568 1868 clamantem

975 1888 1039 1926 Ad
1069 1892 1106 1924 te
1137 1887 1258 1924 Deum
1289 1887 1378 1924 audi
1410 1898 1515 1924 reum

1035 1944 1156 1982 Solita
1188 1945 1400 1991 clem'entia,

977 1999 1268 2050 Contristatum,
1300 2001 1366 2037 sed
1399 2000 1587 2046 signatum

978 2057 1093 2106 Signo
1125 2058 1261 2107 crucis,
1294 2057 1412 2094 hostis
1443 2056 1561 2093 trucis

1037 2114 1200 2152 Servans
1231 2126 1254 2152 a
1284 2114 1456 2152 saevitia.

941 2245 949 2254 .
983 2211 1066 2254 Vas
1097 2215 1264 2261 honoris,
1296 2225 1397 2251 mors
1428 2213 1582 2263 erroris,

977 2273 1076 2320 Opto
1107 2272 1230 2321 nimis,
1265 2275 1305 2308 ut
1336 2271 1523 2318 imprimis

1035 2329 1106 2366 Tui
1139 2329 1205 2366 des
1237 2328 1468 2375 memoriam,

979 2386 1032 2424 Ut
1064 2386 1244 2423 decenter
1275 2390 1312 2421 et
1340 2383 1561 2431 frequenter

981 2442 1083 2479 Puro
1115 2442 1229 2479 corde
1260 2442 1341 2478 sine
1371 2441 1485 2478 sorde

1037 2499 1155 2536 Tuam
1188 2503 1334 2535 cantem
1365 2498 1537 2545 glofiam.

938 2630 948 2640 .
981 2597 1172 2647 Splendor
1192 2600 1326 2648 patris,
1351 2599 1472 2636 honor
1491 2598 1637 2648 matris,

980 2658 1036 2695 Ob
1068 2657 1214 2704 insigne
1245 2662 1347 2693 tuum
1381 2656 1494 2703 digne

1037 2714 1182 2750 Nomen
1212 2713 1272 2750 fac
1303 2723 1363 2750 me
1393 2717 1546 2749 strenue

980 2771 1035 2808 Te
1066 2771 1235 2819 laudare,
1268 2769 1506 2819 praedicare,

979 2827 1031 2865 Ut
1066 2826 1173 2863 finita
1203 2827 1328 2863 carnis
1359 2826 1438 2863 vita

1039 2883 1232 2921 Gaudeam
1264 2887 1460 2932 perpetue.
