1914 3223
746 167 798 172 —
864 144 938 184 175
999 167 1045 170 --—

653 254 725 290 160.
761 255 842 297 (ῦΟ.)
876 253 927 289 Ad
952 253 1146 300 Vesperas.

135 333 170 370 1.
204 331 319 367 Facto
350 329 421 365 iam
453 337 609 374 vespere
941 329 977 364 3.
1010 326 1089 363 Nec
1117 325 1236 372 minus
1266 325 1408 371 gloriae

123 381 126 384 ’
260 395 368 423 cruce
399 384 607 431 depositum
1066 380 1213 419 confert
1244 381 1476 426 Dominicae‚

202 443 249 480 Et
281 441 508 479 aromatibus
1009 438 1116 484 Quod
1148 437 1257 484 pravi
1289 437 1472 484 deputant

258 498 446 536 conditum
478 497 677 534 Dominum
1069 506 1154 531 suos
1186 494 1390 543 custodiae,

204 555 372 602 Diligens
403 554 535 600 sepelit
1015 551 1066 589 Ut
1095 551 1149 587 sic
1180 551 1358 597 iniquitas

260 622 349 648 cura
378 610 556 659 fidelium,
1068 608 1168 644 victa
1197 608 1398 654 perspicue

204 671 402 714 Monstrat,
434 668 494 714 qui
528 665 662 720 fuerat,
1013 663 1178 702 Confusa
1210 665 1432 711 comprimat

260 725 359 772 pium
390 723 621 770 obsequium.
1069 731 1135 758 ora
1166 720 1434 767 blasphemiae.

136 813 173 844 ·.
208 803 352 851 lugenti
384 803 511 850 lapide
944 804 982 839 4.
1015 801 1093 838 Aut
1122 811 1210 847 crgo
1240 806 1426 838 mortuum

257 860 468 906 sepulcrum
501 858 702 904 clauditur,
924 870 927 874 ·
1071 856 1208 894 reddat
1239 857 1423 903 custodia,

203 917 309 964 Quod
341 927 429 953 cura
460 916 621 952 maxima
1015 914 1065 952 Ut
1095 914 1129 950 ei
1160 914 1266 951 salva
1296 914 1373 951 sint

262 973 407 1019 fideque
438 968 622 1024 [colitur]‚
1070 971 1256 1018 promissa
1288 970 1467 1019 praemia,

158 1057 161 1059 >
206 1030 408 1066 lmmundis
440 1029 562 1066 aditus
1014 1030 1104 1074 Aut,
1136 1038 1231 1074 quae
1263 1027 1514 1076 conspexerit,

259 1087 313 1122 sie
344 1085 621 1127 intercluditur,
1068 1082 1190 1121 fatens
1220 1085 1408 1131 magnalia

204 1144 283 1189 Quo
311 1141 520 1179 mirabilius
1011 1140 1153 1177 Nostra
1183 1142 1237 1177 sic
1268 1141 1464 1187 praedicet

273 1204 454 1245 resurgat,
487 1199 622 1245 agitur.
1068 1197 1259 1234 nobiscum
1291 1198 1440 1244 gaudia.

605 1281 641 1315 5.
674 1278 731 1314 'l‘u
761 1277 842 1326 tibi,
878 1277 1040 1324 compati

729 1335 783 1370 sic
815 1334 875 1371 fac
905 1346 984 1378 nos,
1017 1334 1188 1382 Domine,

670 1391 773 1427 Tuae
803 1392 1008 1438 participes

726 1451 768 1484 ut
797 1448 912 1485 simus
943 1447 1099 1495 gloriae,

672 1504 734 1542 Sic
764 1515 943 1551 praesens
975 1504 1140 1541 triduum

723 1561 760 1597 in
792 1561 895 1598 luctu
927 1561 1078 1602 ducere,

668 1617 719 1656 Ut
750 1618 864 1654 risum
897 1618 1041 1655 tribuas

728 1675 918 1721 paschalis
947 1675 1091 1722 gratiae

219 1753 255 1784 C.
281 1751 336 1783 sol.
363 1749 446 1784 8121.
476 1769 513 1772 -
541 1750 572 1791 3,
597 1750 618 1783 S
638 1755 712 1784 erat
737 1752 983 1794 blasphemiae.

614 1861 675 1898 161.
701 1863 782 1905 (51.)
817 1862 870 1899 Ad
897 1861 1187 1910 completorium.

158 1966 165 1973 .
200 1935 284 1971 Pias
315 1934 460 1981 vigilias
937 1937 974 1973 2.
1007 1934 1126 1972 Facta
1157 1936 1362 1984 percussio,

252 1991 397 2036 agendo
429 1990 588 2028 feminae
1063 2002 1172 2038 quani
1204 1997 1335 2038 pastor
1365 1992 1516 2038 tulerat,

200 2044 302 2084 Viris
333 2048 552 2085 cedentibus
1006 2047 1140 2095 Gregis
1170 2049 1308 2086 arietes

254 2115 324 2140 non
357 2111 493 2141 norunt
524 2105 667 2150 cedei-0,
1059 2109 1161 2142 metu
1192 2105 1444 2153 disperserat;

198 2160 377 2198 Custodes
408 2163 548 2207 positos
1003 2162 1100 2199 Oves
1131 2162 1343 2209 intrepidas

255 2217 379 2254 vident
414 2219 636 2265 intrepidae,
1061 2229 1167 2255 amor
1197 2223 1426 2270 servaverat,

197 2273 384 2310 Minantes
415 2275 560 2321 gladios
1004 2275 1055 2312 Et
1086 2274 1188 2313 foras
1220 2277 1357 2313 caritas

254 2335 410 2367 cernunt
441 2331 637 2369 tutissime.
1061 2332 1233 2369 timorem
1264 2333 1430 2371 miserat.

598 2408 635 2445 3.
667 2405 724 2442 Tu
753 2404 822 2441 tibi
853 2406 1016 2452 compati

720 2461 775 2498 sic
805 2460 866 2499 fac
896 2473 974 2513 nos,
1008 2462 1179 2511 Domine,

662 2518 765 2556 Tuae
795 2519 1002 2566 participes

718 2578 760 2611 ut
789 2575 904 2612 simus
935 2576 1090 2625 gloriae,

663 2631 724 2669 Sic
755 2642 934 2678 praesens
964 2633 1133 2670 triduum

718 2688 757 2724 in
787 2689 890 2726 luctu
922 2689 1072 2736 ducere,

664 2744 716 2783 Ut
746 2745 861 2782 risum
894 2746 1037 2784 tribuas

721 2802 910 2848 paschalis
939 2803 1095 2850 gratiae.

219 2874 246 2904 C
270 2873 325 2904 fol.
350 2871 431 2905 Sla.
460 2892 498 2896 —
524 2871 555 2911 2,
581 2872 602 2904 2
627 2884 782 2916 quaeque
807 2878 934 2917 pastor.
