1914 3223
675 156 981 199 —219—

70 272 107 311 3.
138 270 244 311 Haec
272 272 310 310 in
340 271 467 310 multis
878 274 914 310 4.
949 271 1081 319 Iephte
1114 275 1200 309 nata

127 374 130 378 .
196 328 377 367 fortitudo
407 329 528 378 irruit,
1003 328 1156 366 victoris
1187 328 1234 372 in*
1256 326 1453 375 proprium

139 386 228 424 Cum
261 386 422 423 virorum
948 385 1071 423 Patris
1103 385 1274 422 dextram

194 442 311 480 virtus
343 442 543 490 exaruerit,
1002 441 1182 478 animavit
1212 441 1390 489 iugulum,

138 500 179 536 ln
213 499 383 546 exemplo
947 498 1047 535 Mori
1079 498 1195 545 magis

194 560 338 602 perstat
367 555 479 592 iudex
511 555 663 593 Debora
1003 555 1143 601 eligens
1175 565 1285 601 quam
1317 554 1476 602 gratiam

138 612 200 658 Et,
231 623 325 659 quae
355 612 490 649 stravit
950 612 1046 648 Voto
1077 615 1186 658 pater

194 668 450 714 Holofernem,
485 668 626 719 vidua,⁴
1005 667 1155 705 fraudet
1186 668 1258 705 sibi
1291 668 1524 714 praestitam.

249 725 546 772 Sollemnemque
1063 724 1140 771 Ipsi
1173 725 1298 774 decus,

304 782 453 819 missam
485 782 620 818 merita
1116 781 1188 827 ipsi
1220 781 1352 829 gloria,

251 838 401 885 Septem
433 837 591 876 fratrum
1059 838 1127 884 Qui
1159 843 1213 874 tot
1246 836 1331 875 faci.

304 900 423 932 mater
453 895 594 933 inclita.
1116 894 1316 932 mirabilia.

142 967 168 998 B
195 967 250 998 t'ol.
278 965 364 999 9512.

519 1033 600 1067 :2362
636 1033 738 1074 (126.)
774 1032 877 1068 1113.
907 1033 1126 1069 Nocturno.

72 1116 103 1152 l.
137 1114 175 1151 Si
208 1125 288 1152 cum
322 1116 412 1152 viris
875 1119 912 1155 3.
943 1117 1056 1154 Multi
1088 1117 1158 1154 viri

196 1170 351 1210 feminas
383 1173 608 1210 contendere
1003 1172 1114 1210 factis
1146 1174 1420 1211 excellentibus

136 1228 192 1265 De
224 1229 361 1266 virtute
944 1230 1175 1268 Liberarunt

192 1284 303 1322 liceat
337 1286 586 1330 constantiae,
1001 1286 1132 1324 fideles
1163 1287 1210 1324 ab
1242 1286 1426 1334 hostibus,

135 1341 224 1387 Quis
255 1342 421 1379 virorum
946 1343 1112 1380 Hesther
1140 1344 1220 1381 sola

190 1398 325 1435 mentis
356 1397 577 1436 fortitudine
1001 1400 1198 1437 liberando
1230 1401 1410 1448 populum

138 1455 354 1501 Adaequari
947 1457 1043 1493 Hine
1074 1455 1250 1494 festivum

191 1512 308 1557 possit
341 1511 472 1558 Iephte
503 1512 614 1560 filiae,
1000 1513 1136 1550 meruit
1167 1515 1422 1560 praeconium.

247 1571 348 1613 Quae
379 1578 424 1604 ne
455 1568 531 1605 voti
1055 1570 1107 1608 Ut
1136 1570 1294 1620 scilieet,

301 1629 410 1670 pater
440 1635 524 1661 reus
553 1626 613 1672 sit,
1111 1638 1219 1674 quam
1252 1627 1414 1664 emineat

247 1681 293 1718 Se
324 1681 511 1718 victimam
1055 1683 1295 1720 Feminarum

302 1738 401 1783 patri
432 1738 634 1784 praebuit?
1112 1740 1243 1787 virtus,
1275 1745 1416 1788 pateat.

63 1817 99 1854 2.
131 1816 227 1861 Quid
261 1815 411 1854 fecisset
873 1822 909 1857 4.
941 1820 1125 1866 Quantum
1159 1821 1298 1867 quippe

192 1873 228 1908 in
260 1883 377 1919 agone
408 1878 626 1921 martyrum,
998 1887 1109 1913 sexus
1140 1877 1202 1913 hic
1232 1881 1289 1913 est
1319 1875 1478 1926 fragilis,

132 1928 171 1966 Si
203 1939 338 1975 negare
940 1932 997 1969 Eo
1028 1934 1147 1970 virtus

189 1991 385 2032 cogeretur
418 1987 627 2035 Dominum,
947 2033 949 2035 Ι
997 1990 1115 2036 ipsius
1147 1990 1332 2027 mirabilis

136 2041 242 2079 Unde
273 2046 375 2079 tanta
940 2046 1064 2083 Maius
1096 2047 1219 2084 laudis

190 2098 344 2145 virginis
375 2101 585 2138 constantia
997 2104 1113 2150 exigit
1143 2104 1398 2153 praeconium,

131 2155 299 2201 Quadam
329 2156 444 2202 pollet
941 2161 984 2198 In
1015 2160 1250 2206 praecelsum

187 2211 352 2258 spiritali
383 2213 516 2259 gratia,
998 2216 1178 2263 erigenda
1208 2217 1371 2256 titulum.

243 2267 294 2306 Ut
323 2268 510 2306 sollennes
1052 2274 1131 2320 Ipsi
1163 2274 1289 2322 decus,

298 2324 425 2376 hymni
458 2326 639 2374 virginum
1112 2330 1183 2377 ipsi
1214 2331 1346 2378 gloria,

244 2381 459 2428 virgineum
1050 2387 1121 2434 Qui
1152 2391 1208 2424 tot
1240 2386 1331 2424 facit

296 2438 422 2475 colant*
450 2439 602 2477 exitum.
1110 2443 1312 2482 mirabilia.

138 2509 164 2540 B
190 2509 249 2542 sol.
275 2507 317 2540 95
329 2510 358 2540 b.

566 2575 647 2613 ⁸237.
682 2577 786 2620 (127.)
822 2579 877 2615 Ad
903 2580 1071 2616 Laudes.

0 2669 1 2707 j
60 2656 96 2694 1.
129 2656 179 2694 Ut
209 2658 256 2695 ad
288 2663 416 2696 nostra
940 2663 1024 2700 Non
1056 2664 1196 2701 valebit

186 2715 377 2752 veniamus
408 2720 590 2764 tempora,
997 2731 1041 2757 ex
1073 2721 1200 2758 multis
1233 2722 1423 2771 colligere,

126 2770 227 2816 Quae
259 2771 387 2808 divina
1057 2778 1142 2814 Post
1175 2778 1337 2816 Mariam

183 2826 396 2874 superfudit
428 2829 562 2876 gratia,
1106 2836 1255 2872 Annam
1286 2835 1447 2886 intuens,

125 2883 215 2929 Quis
247 2884 285 2921 in
316 2885 389 2922 ista
1051 2891 1248 2929 Elisabeth

125 2937 284 2978 feminas
315 2942 550 2989 praecellere
1109 2959 1254 2996 quoque
1285 2949 1494 2987 contuens?
