1914 3223
737 160 1047 200 —241—

274 350 354 385 182.
391 350 448 391 (4.)
483 349 632 385 Versus
657 349 847 394 Ratpcrti
874 350 921 385 dc
947 350 1190 386 Festivitatc
1217 349 1356 385 Sancti
1383 348 1507 385 Galli.

263 456 308 494 R.
341 456 493 501 Annua,
524 459 632 492 sante
663 454 746 505 Dei,
782 455 1016 493 celebramus
1048 455 1148 493 festa
1179 454 1268 502 dici,

396 512 491 559 Qua,
523 517 645 560 pater,
678 522 698 548 e
728 511 841 548 terris
873 512 1012 559 sidera,
1047 512 1171 558 Galle,
1205 512 1316 558 petis.

283 625 318 662 1.
350 623 464 670 Ecce,
499 624 580 660 dies
611 624 763 671 populis
795 624 908 662 micat
939 624 1033 662 haec
1063 625 1301 662 sanctissima
1331 624 1484 671 nostris,

398 682 563 727 Quorum
595 685 635 717 tu
667 681 846 728 princeps
877 687 1009 718 auctor
1039 682 1089 719 ad
1120 685 1224 719 astra
1255 692 1368 719 meas.

277 795 314 832 2.
346 792 506 830 Finibus
538 793 707 830 occiduis
738 793 868 830 abiens
900 794 1073 831 succedis
1104 794 1196 842 eois,

398 850 503 887 Dans
533 851 654 887 lucem
685 850 790 898 plebi
823 851 1009 898 dogmatis
1040 851 1126 898 igne
1158 851 1225 890 tui.

280 965 318 1003 3.
351 965 454 1008 Quae
485 965 686 1001 tenebrosa
717 962 787 1000 fuit
819 963 908 1000 fidei
941 975 1009 1001 nec
1039 964 1123 1001 luce
1154 962 1316 1013 refulsit7

401 1021 472 1056 Per
501 1026 539 1056 te
571 1021 771 1057 caelestem
805 1021 929 1067 coepit
961 1021 1102 1058 habere
1134 1021 1247 1061 diem,

275 1135 315 1171 4.
347 1133 423 1169 Hic
454 1134 517 1170 ubi
547 1134 757 1170 nocticolae
789 1139 945 1171 tenuere
977 1134 1117 1172 cubilia
1147 1135 1290 1180 larvae,

405 1190 465 1227 Ad
497 1191 649 1227 laudem
680 1190 821 1227 Christi
854 1191 985 1237 psallit
1015 1191 1154 1238 ubique
1187 1191 1336 1230 chorus.

279 1306 316 1341 5.
349 1303 422 1339 Hic
454 1301 538 1353 fuit,
572 1313 671 1350 ecce,
707 1303 798 1341 feris
829 1304 942 1341 statio
974 1305 1190 1351 gratissima
1220 1304 1355 1349 saevis,

402 1359 513 1396 Nunc
543 1360 653 1396 sedes
682 1361 824 1397 sanctis
855 1367 893 1397 te
924 1366 1127 1408 respuente
1158 1365 1297 1398 manet.

280 1476 316 1512 6.
350 1474 420 1518 Tu,
453 1477 574 1519 pater,
608 1473 680 1512 huc
711 1474 865 1510 veniens
899 1472 976 1510 fers
1006 1478 1129 1511 tecum
1160 1475 1266 1521 pacis
1296 1474 1470 1524 honores,

401 1530 502 1567 Hinc
533 1534 651 1567 totum
684 1531 843 1580 pellens,
877 1531 1062 1578 quidquid
1094 1531 1229 1568 adesse
1259 1537 1382 1569 nocet.

283 1645 317 1681 7.
351 1644 565 1690 Expuleras
596 1655 754 1681 nocuum
788 1645 981 1691 complens
1017 1645 1218 1682 dulcedine
1249 1649 1380 1689 totum,

403 1702 483 1747 Quo
514 1711 651 1747 corpus
682 1702 856 1747 linquens
887 1701 1045 1748 spiritus
1077 1706 1180 1739 astra
1210 1702 1320 1748 petit.

282 1815 319 1852 8.
352 1814 424 1859 En,
459 1814 571 1851 hodie
601 1814 775 1851 meritam
802 1819 844 1851 tu
874 1818 961 1861 post
992 1815 1200 1851 certamina
1231 1814 1396 1860 palmam

405 1870 620 1917 Sumpsisti,
650 1871 785 1919 Galle3
816 1875 974 1918 protege
1004 1882 1072 1908 nos
1104 1871 1230 1910 hodie.

284 1985 321 2023 9.
354 1985 435 2022 Iam
467 1994 582 2030 super
612 1989 716 2021 astra
746 1985 872 2021 nitens
903 1983 1131 2021 famulorum
1163 1984 1314 2031 suscipe
1344 1984 1479 2022 laudes

407 2041 478 2086 Qui
509 2046 546 2077 te
579 2041 716 2078 devoto
746 2052 845 2078 nunc
876 2041 1038 2078 iubilant
1069 2042 1236 2080 modulo,

260 2155 324 2192 10.
358 2154 498 2201 Aspice
529 2154 718 2201 propitius
750 2159 974 2192 venerantes
1007 2155 1135 2192 nobile
1166 2155 1302 2202 pignus

412 2211 559 2258 Corpus
591 2212 842 2259 praeclarum,
875 2211 986 2249 Galle
1017 2212 1139 2259 beate,
1173 2216 1290 2250 tuum.

259 2325 324 2362 11.
355 2325 509 2371 Aspice,
542 2335 637 2371 quae
669 2325 850 2371 canimus,
883 2335 1051 2372 expurga
1081 2325 1196 2362 corda
1228 2325 1425 2374 benignuS‚

401 2382 455 2418 -In
486 2381 599 2419 rebus
632 2382 776 2418 cunctis
807 2386 933 2419 rector
963 2382 1095 2419 adesto
1127 2382 1214 2421 tuis.

262 2495 324 2534 12.
356 2494 458 2531 Hinc
489 2494 651 2531 Domino
683 2495 783 2532 trino
813 2495 905 2532 laeti
935 2505 1143 2541 pangamus
1175 2495 1213 2531 in
1243 2504 1331 2540 uno,

410 2551 481 2596 Qui
512 2562 580 2587 nos
612 2551 711 2588 hunc
741 2551 857 2589 talem
889 2550 981 2587 fecit
1012 2551 1152 2588 habere
1183 2556 1344 2599 patrem.

213 2662 317 2703 Trop.
351 2672 413 2693 ms.
441 2661 669 2702 Sangallense
700 2672 789 2693 saec.
819 2660 870 2694 10.
920 2661 1003 2694 (jod.
1039 2662 1247 2704 Sangallen.
1280 2660 1358 2694 381.
1393 2663 1432 2694 A.
1459 2679 1498 2684 ——
1522 2664 1690 2694 ‘Process

123 2716 184 2737 ms.
214 2707 440 2748 Sangallense
466 2717 554 2738 saec.
584 2704 634 2737 12.
685 2707 765 2739 (lod.
794 2707 995 2749 Sangallen.
1021 2705 1098 2739 260.
1124 2708 1163 2739 Β.
1191 2725 1228 2728 -
1266 2706 1296 2745 5,
1323 2706 1344 2739 2
1370 2712 1552 2750 respuente
1572 2708 1692 2749 jeden-

121 2750 203 2783 falls
228 2752 429 2792 fehlerhaft3
461 2752 525 2783 lies
550 2751 730 2783 vielleicbt
755 2749 927 2783 residente
953 2752 1036 2784 oder
1060 2754 1293 2784 remanente?
1344 2754 1540 2792 Dffimmler,
1575 2755 1691 2786 Neues

121 2795 222 2829 Areh.
247 2798 306 2835 IV,
333 2796 416 2829 542:
445 2798 503 2839 „in
528 2798 611 2829 Cod.
640 2797 673 2828 S.
692 2797 783 2829 Galli
802 2794 878 2829 381.
906 2809 936 2839 p.
959 2795 1031 2835 142,
1057 2795 1125 2829 360
1150 2809 1181 2839 p.
1200 2795 1244 2830 25
1269 2799 1408 2839 abgedr.
1435 2799 1489 2831 bei
1516 2800 1632 2832 Canis.
1652 2800 1692 2836 V,

123 2839 207 2883 736,
241 2843 403 2874 woselbst
434 2854 470 2873 es
495 2842 641 2874 Metzler
665 2844 811 2884 Ratpert
829 2843 1043 2886 „zuschreibt
1094 2844 1159 2875 Die
1187 2844 1268 2875 Hss.
1295 2855 1431 2877 nenncn
1456 2845 1584 2877 keinen
1609 2845 1695 2876 Ver-

124 2885 265 2919 fasser“.
314 2889 396 2920 Dies
423 2890 470 2919 ist
494 2887 680 2930 unrichtig.
731 2889 796 2920 Die
823 2888 1041 2920 Uberschrift
1066 2887 1157 2920 steht
1181 2890 1218 2920 in
1243 2890 1282 2920 A.

192 2947 353 2980 Dreves,
379 2946 586 2973 Lateinische
607 2946 900 2980 Hymnendichter.
931 2946 974 2973 11.
1449 2945 1490 2979 16
