1914 3223
725 182 777 187 —
836 160 917 199 :349
976 183 1027 187 -

96 273 161 312 14.
194 269 314 320 Egrot
330 275 363 310 is
397 278 433 311 ct
464 273 731 321 languentibus

112 1048 177 1087 15.

117 1827 181 1865 16.

214 330 291 367 Das
324 331 468 367 cunetis
498 334 535 367 te
567 329 808 376 poscentibus

270 387 491 424 Remedium
519 387 697 431 salutare,

211 443 386 480 Mortuos
418 444 491 480 tuis
523 442 700 490 precibus

211 500 381 538 Susa-itas
414 505 449 536 et
482 499 684 537 virtutibus

267 557 440 602 Quosque.
471 561 604 603 potens
634 555 840 604 adiuvare3

209 613 329 649 Tuum
364 612 433 649 fuit
468 613 697 660 prophetare

209 669 259 706 Et
292 669 424 705 videre
456 676 598 706 mentes
631 670 744 711 clare.

267 729 369 771 Quae
407 730 514 762 erant
546 726 582 762 in
614 725 827 762 hominibus

212 782 472 828 Mum-tumque
505 782 747 819 considerare

210 839 284 876 Per
314 850 427 874 unum
459 838 569 875 iubar
599 839 723 875 solare

268 895 385 932 Simul
420 895 588 932 collectis
619 895 804 934 omnibus,

210 1044 384 1088 Glorioso
415 1048 557 1086 intuitu

213 1106 247 1142 A
277 1105 426 1142 vinculo
456 1106 602 1142 solvisti
633 1111 673 1143 tu

269 1162 463 1199 Rusticum
495 1163 734 1212 mirabiliter,

214 1219 373 1255 Virtutis
405 1220 442 1256 vi
473 1220 554 1256 sine
585 1221 673 1265 ritu,

210 1275 297 1313 Sine
329 1285 553 1323 quocunque
586 1276 748 1322 strepitu

267 1332 418 1370 Utendo
449 1333 667 1381 actualiter3

211 1389 269 1426 Ex
301 1389 477 1440 quodiam
507 1389 757 1437 probabiliter

210 1445 355 1493 Habeo,
387 1446 498 1495 quod,
532 1447 564 1482 si
595 1447 722 1483 taliter

267 1503 330 1539 Me
362 1504 492 1540 videas
523 1503 561 1539 in
593 1504 743 1550 spiritu,

210 1560 298 1597 Mea
329 1560 452 1597 solves
484 1560 659 1596 celeriter

213 1617 386 1663 Peccata,
420 1617 554 1663 quibus
586 1617 754 1663 graviter

266 1673 423 1720 Ligatus
459 1684 539 1710 sum
573 1684 617 1709 ex
649 1673 792 1710 habitu.

213 1822 312 1865 Uide
344 1837 432 1873 ergo
465 1830 502 1863 et
533 1826 680 1873 respice

212 1883 278 1920 Me
309 1888 416 1919 extra
447 1887 484 1919 et.
513 1883 582 1920 sub
615 1883 755 1919 cortice

270 1940 461 1986 Rumpens
499 1941 644 1986 peccati
682 1940 841 1990 vincula,

212 1996 408 2034 Infirmato
439 2008 510 2034 non
544 1998 689 2034 modice

214 2053 355 2091 Medici
387 2054 438 2090 sis
468 2054 560 2090 mihi
591 2054 671 2092 vice

271 2110 461 2148 Praebens
492 2110 625 2147 salutis
655 2110 803 2157 pocula,

213 2167 405 2204 Mortuum
439 2178 507 2213 per
538 2167 689 2213 piacula

213 2224 278 2261 Me
309 2228 615 2271 prostratumque
646 2222 768 2260 ferula

271 2279 412 2316 Eorum
442 2281 552 2317 nimis
583 2280 727 2317 lubrice

216 2336 349 2374 Gratia
383 2342 448 2374 tua
478 2338 622 2382 sedula⁷

215 2393 377 2440 Magnae
407 2394 558 2431 virtutis
594 2393 731 2438 baiula,

273 2450 467 2488 Suscitans
498 2456 535 2487 et
565 2450 772 2497 magnifice.

176 2627 185 2636 .
217 2595 422 2637 Inundatio
453 2597 605 2644 pluviae

219 2655 287 2692 Dei
318 2653 601 2691 misericordiae

271 2711 378 2748 Assit
406 2710 497 2747 mihi
526 2721 594 2756 per
623 2720 802 2755 sororem,

218 2768 292 2806 Per
327 2778 393 2804 vos
425 2766 554 2804 ambos
587 2765 670 2803 fons
701 2765 846 2813 gratiae

218 2823 403 2870 Stillaque
434 2823 556 2860 dulcis
587 2822 719 2859 veniae

274 2880 433 2917 Recreet
465 2890 523 2916 me
554 2883 814 2928 peccatorem3

934 695 997 732 18.

930 1510 994 1547 19.

933 2257 999 2295 20.

1028 275 1101 311 l'er
1113 285 1177 311 vos
1186 284 1361 320 spernam
1374 274 1502 310 mundi
1513 272 1654 324 florem,

1026 331 1158 367 Mundi
1192 341 1288 367 vana
1319 335 1355 366 et
1387 330 1565 367 honorem

1082 387 1387 424 Erectamentis
1419 385 1515 423 facie

1024 443 1087 480 Ad
1122 436 1301 480 bonorum
1335 443 1552 489 largitorem

1024 499 1072 536 Et
1106 500 1207 548 pium
1241 500 1525 536 distributorem

1084 557 1239 593 Aeterni
1272 557 1376 602 regni
1409 557 1564 603 gloriae.

1033 689 1226 737 Largitatc
1258 690 1416 728 mirifica

1028 749 1193 794 Implens
1225 749 1390 784 claustra
1423 747 1629 785 monastica

1083 805 1280 851 Nunquam
1313 815 1446 850 passus
1477 814 1516 840 es
1548 814 1658 851 egere

1025 862 1135 907 Oves,
1167 862 1214 898 ab
1246 871 1333 898 arce
1365 861 1505 898 caelica

1027 919 1184 956 Sumens
1217 929 1327 954 maru
1360 917 1578 959 domestica.

1082 975 1183 1020 Quae
1214 973 1455 1011 sufficiebant
1486 984 1598 1021 vere3

1025 1032 1082 1069 Ex
1117 1031 1321 1077 improviso
1352 1041 1488 1066 venere

1026 1089 1130 1125 Bona
1162 1088 1216 1124 eis
1245 1091 1282 1124 et
1313 1085 1418 1123 fuere

1084 1144 1192 1181 Nunc
1232 1145 1354 1181 oleum
1386 1154 1484 1180 nunc
1515 1143 1656 1190 tritica,

1024 1203 1127 1249 Quae
1174 1206 1406 1242 monstrant,
1454 1199 1554 1246 quod
1593 1200 1657 1246 qui

1319 1267 1454 1303 parcre

1027 1314 1114 1352 Tibi
1147 1314 1288 1358 volunt,
1321 1314 1388 1350 hos
1418 1312 1558 1349 habere

1085 1372 1239 1408 Constat
1271 1370 1369 1407 bona
1399 1381 1471 1406 non
1497 1369 1658 1408 modica.

1027 1504 1190 1554 Erigens
1221 1505 1444 1542 humilitatis

1028 1564 1176 1602 Scalam
1207 1562 1388 1610 gradibus
1420 1561 1572 1608 aptatis,

1083 1621 1191 1657 Viam
1224 1630 1362 1666 parans
1394 1630 1464 1665 pro
1494 1617 1640 1668 ovibus,

1029 1677 1171 1721 Sciens,
1204 1676 1304 1722 quod
1328 1675 1456 1711 multis
1477 1674 1658 1721 gravatis,

1029 1733 1217 1772 Morbidis
1249 1736 1286 1768 et
1316 1731 1516 1769 infirmatis

1085 1792 1160 1828 Ars
1192 1790 1348 1836 expedit
1379 1799 1448 1835 pro
1479 1787 1635 1835 viribus,

1028 1848 1086 1885 Ne
1116 1848 1232 1894 igitur
1263 1846 1312 1882 sit
1342 1845 1481 1882 talibus

1028 1906 1218 1942 Ascensus
1249 1903 1386 1947 nullus,
1420 1901 1596 1948 passibus

1086 1951 1291 1998 Providisti
1323 1958 1505 2003 limitatis‚

1030 2020 1081 2058 Ut
1112 2023 1149 2055 et
1179 2015 1422 2053 inferioribus

1028 2076 1077 2113 Et
1110 2072 1422 2110 imbecillioribus

1083 2131 1208 2177 Aptus
1238 2139 1415 2166 ascensus
1446 2127 1496 2163 sit
1525 2126 1630 2165 satis,

1032 2252 1144 2293 Viam
1178 2254 1292 2291 talem
1323 2252 1386 2299 qui
1417 2251 1562 2299 parasti

1028 2310 1273 2349 Ascendendi
1304 2315 1341 2345 et
1372 2308 1526 2355 aptasti,

1085 2368 1183 2413 Tibi,
1217 2371 1338 2413 pater,
1370 2366 1567 2412 regratior‚

1030 2426 1113 2462 Non
1144 2423 1347 2461 monachos
1378 2421 1564 2459 ordinasti

1028 2483 1187 2520 Frustra
1217 2480 1296 2516 sive
1326 2478 1507 2525 regulasti

1086 2538 1238 2583 Volens,
1270 2536 1370 2582 quod
1401 2535 1463 2571 via
1493 2533 1647 2572 brevior

1027 2596 1090 2632 Ad
1122 2594 1264 2630 caelum
1298 2597 1334 2628 et
1364 2589 1514 2628 facilior

1027 2652 1095 2689 Eis
1126 2654 1226 2687 esset
1255 2654 1292 2686 et
1323 2659 1432 2695 quain
1464 2647 1571 2694 prior

1087 2708 1128 2744 In
1160 2707 1322 2743 transitu
1355 2702 1635 2753 demonstrasti,

1029 2766 1083 2803 Ut
1114 2764 1225 2800 solito
1255 2762 1418 2798 lucidior

1029 2821 1101 2857 Via
1133 2821 1242 2857 docet
1273 2823 1309 2855 et
1341 2818 1490 2862 clarior,

1087 2877 1167 2922 Qua
1182 2875 1390 2913 ascendens
1406 2872 1661 2913 transmeasti.
