2031 3289
988 192 1295 234 —398—

1019 361 1156 401 Caput
1178 360 1273 393 Vn.

897 441 1065 478 Mater
1103 441 1162 479 ad
1202 439 1376 478 filium.

411 556 446 593 1.
479 555 580 603 Quid
608 554 762 603 videbis,
797 553 1002 601 carissime,

478 611 554 649 Fili
586 611 637 647 mi
668 610 994 657 praedulcissime,

533 667 584 704 In
615 666 804 704 Sularm'te
833 666 994 713 obiecta,

476 723 566 760 Nisi
596 723 728 760 choros
758 722 980 770 rectissime,

480 778 704 818 Castrorum
735 783 772 815 et
802 779 996 825 aptissime

538 836 611 872 Per
640 840 677 872 te
708 846 730 872 a
760 840 880 872 morte
909 833 1064 871 erecta?

1291 554 1387 591 Nam
1420 552 1611 599 quaelibet
1644 552 1765 589 virtus
1799 557 1903 590 recta

1292 610 1434 647 Contra
1465 609 1589 645 hostes
1620 613 1657 645 et
1688 613 1826 655 erecta,

1350 665 1402 703 Ut
1433 663 1661 701 defendatur
1690 665 1845 713 optime,

1291 721 1383 767 Ipsa
1412 721 1537 758 anima
1566 720 1715 758 abiecta

1292 777 1403 824 Olim,
1436 778 1503 814 sed
1533 789 1555 814 a
1584 782 1622 814 te
1652 781 1825 824 respecta

1350 833 1461 870 Nunc
1491 834 1856 871 misericordissime.

850 1015 1062 1054 Gabriel
1091 1015 1151 1053 ad
1181 1015 1444 1062 virginem,

409 1130 446 1169 2.
481 1129 623 1167 Summi
648 1128 841 1176 principis
870 1128 966 1178 filia,

480 1186 597 1232 Virgo
629 1186 762 1232 dulcis,
794 1185 955 1233 egregia,

537 1242 659 1290 Quam
665 1241 820 1288 pulchri
829 1241 1138 1288 sunttmyressas
1150 1239 1164 1277 !

481 1299 567 1336 Tibi
598 1299 775 1336 continua
804 1299 865 1335 via

482 1355 639 1401 Semper
669 1360 726 1391 est
755 1354 970 1391 innocentia

538 1411 721 1448 Nesciens
739 1415 864 1448 notam
878 1411 1089 1457 disgressus
1101 1425 1110 1459 3

482 1467 538 1506 Ob
570 1468 640 1504 hoc
670 1468 720 1505 ad
747 1472 784 1503 te
806 1478 886 1504 sum
908 1468 1112 1517 ingressus,

485 1524 539 1562 Ut
568 1524 711 1571 primus
741 1524 841 1560 intus
871 1534 1071 1570 processus

539 1581 597 1618 Sit
626 1582 720 1618 Ave
751 1581 895 1627 plena
925 1580 1112 1629 gratia,

485 1637 665 1684 Finisque
696 1638 758 1678 sit.
789 1642 830 1673 ut
860 1647 1053 1684 regressus

483 1694 545 1732 Ad
577 1693 777 1730 Dominum
808 1692 1021 1730 indefessus

540 1750 621 1787 Tua
651 1756 856 1787 monstrem
888 1750 1056 1798 vestigia.

445 1904 455 1915 .
486 1873 654 1912 Pellibus
685 1874 778 1921 legis
810 1874 950 1910 veteris

484 1930 718 1968 Fortificatis
749 1931 870 1967 literis

543 1987 688 2034 Typice
719 1997 758 2023 es
789 1988 969 2026 calceata.

487 2043 767 2082 Calceamentis
797 2044 928 2080 alteris

487 2100 559 2138 Seu
590 2100 819 2146 pulchrioris
850 2100 976 2147 operis

542 2156 652 2193 Nova
684 2157 766 2204 lege
797 2167 836 2193 es
866 2161 1022 2205 parata3

486 2213 596 2250 Felix
629 2217 744 2261 sutor,
776 2224 799 2250 a
828 2224 900 2260 quo
931 2218 1038 2259 grata

489 2270 711 2308 Calceatura
741 2275 872 2316 aptata

547 2327 725 2365 Calceata
755 2325 933 2374 efficeris,

494 2383 608 2421 Cuius
639 2382 791 2429 scriptis
823 2393 861 2419 es
891 2386 1025 2419 ornata

489 2440 560 2476 Vel
588 2450 610 2476 a
640 2443 677 2475 te
707 2444 792 2476 sunt
824 2439 916 2476 haec
947 2439 1119 2486 lustrata,

546 2496 708 2541 Quorum
741 2500 963 2542 paramenta
991 2495 1104 2542 geris.

419 2623 457 2658 4.
487 2619 692 2668 Iunctura,
727 2619 842 2667 virgo,
875 2623 1025 2657 tuorum

490 2676 692 2713 Feminam
727 2676 978 2723 virgineorum

545 2733 652 2771 Sicut
682 2733 867 2779 quaedam
897 2732 1058 2769 monilia

490 2789 605 2826 Fiunt
637 2789 800 2826 omnium
833 2789 997 2826 virorum

494 2846 567 2882 Per
598 2845 850 2892 corruptionis
881 2845 1032 2882 thorum

549 2902 786 2939 Consortium
818 2901 1021 2949 privantia,

1294 1127 1390 1164 Esse
1423 1127 1560 1164 debent
1593 1126 1792 1175 firmantia,

1295 1183 1401 1232 Quae
1427 1195 1549 1221 ‘mana
1580 1184 1756 1230 operaria

1354 1239 1529 1287 Artificis
1560 1246 1771 1277 creatorum

1294 1296 1503 1334 Fabrieata
1533 1300 1624 1334 sunt
1653 1297 1810 1344 propria

1295 1354 1370 1391 Pro
1400 1353 1481 1390 sola
1511 1364 1672 1400 persona
1704 1354 1766 1391 dia

1354 1411 1398 1447 In
1429 1408 1576 1447 fabrica
1608 1410 1830 1447 divinorum.

1255 1563 1264 1572 .
1300 1533 1511 1572 Umbilicus
1540 1533 1732 1580 virgineus

1295 1591 1403 1628 Tuus
1433 1589 1570 1627 florens
1602 1597 1640 1626 et
1669 1589 1805 1628 floreus

1353 1647 1460 1684 Sicut
1489 1648 1614 1683 crater
1643 1646 1838 1684 tornatilis

1299 1703 1368 1739 Vel
1399 1705 1505 1750 quasi
1536 1703 1701 1751 scyphus
1731 1714 1880 1749 aureus,

1299 1761 1410 1797 quta
1441 1760 1542 1807 quod
1573 1760 1760 1807 praecipit
1790 1760 1893 1797 Deus

1356 1816 1569 1853 Oboediens
1600 1821 1637 1853 et
1668 1816 1834 1864 ductilis⁷

1299 1873 1416 1909 Potus
1448 1873 1712 1910 desiderabilis

1301 1928 1511 1966 Donativus
1542 1935 1578 1965 et
1609 1928 1747 1966 fertilis

1357 1985 1564 2032 Tamquam
1594 1986 1740 2032 gratiae
1769 1986 1910 2035 alveus,

1302 2041 1488 2080 Constans
1518 2047 1555 2079 et
1586 2041 1835 2089 defensibilis‚

1302 2098 1445 2136 Contra
1476 2109 1626 2136 carnem
1657 2099 1834 2136 volubilis

1359 2155 1565 2202 Tamquam
1577 2155 1690 2192 umbo
1703 2156 1763 2193 vel
1775 2155 1931 2202 clipeus,

1261 2310 1270 2318 .
1303 2279 1518 2326 Nunquam
1548 2279 1725 2327 indigens
1748 2279 1901 2327 poculis

1305 2334 1372 2372 Vel
1403 2334 1602 2383 superfluis
1633 2337 1754 2383 epulis

1359 2393 1433 2429 Hic
1463 2391 1535 2429 fuit
1565 2392 1612 2429 ab
1642 2393 1750 2430 initio

1305 2449 1454 2487 Erectis
1485 2450 1620 2485 mentis
1651 2449 1769 2487 oculis

1303 2506 1346 2543 In
1378 2505 1601 2542 caelestibus
1632 2506 1792 2544 saeculis

1359 2562 1444 2599 Tua
1474 2567 1530 2599 est
1562 2563 1808 2602 conversatio.

1303 2619 1489 2665 Exemplo
1517 2619 1777 2656 demonstrans
1806 2619 1869 2667 pio

1306 2674 1621 2714 Similitudinario

1361 2732 1454 2769 Tam
1464 2731 1637 2768 omnibus
1645 2743 1755 2778 quam
1764 2732 1937 2781 singulis,

1305 2788 1424 2834 Quod,
1457 2788 1495 2825 in
1527 2788 1661 2834 quibus
1693 2794 1748 2825 est
1780 2789 1891 2836 ratio,

1305 2845 1460 2882 Caelum
1491 2844 1630 2882 habent
1662 2855 1731 2891 pro
1762 2845 1913 2892 gaudio,

1364 2900 1448 2938 Non
1474 2901 1680 2948 gaudentes
1701 2901 1739 2938 in
1761 2901 1937 2939 saeculis.
