1914 3223
789 88 1069 128 -71-

148 210 295 244 poenam
321 200 364 232 D.
391 217 431 222 -
458 198 518 237 38,
554 197 569 230 1
597 200 626 231 Ο
652 200 736 231 fehlt
754 198 984 232 ABGEFGH.
1014 218 1051 222 —
1079 199 1133 239 239,
1163 198 1176 231 1
1205 203 1318 232 vestes
1345 201 1385 231 D.
1411 217 1454 221 —
1482 200 1524 231 Et
1550 202 1712 235 castitate

149 247 234 281 AH:
270 246 354 278 Cum
389 246 549 276 castitate
586 245 625 276 G.
651 262 696 266 —
720 243 780 284 40,
814 242 835 276 3
869 246 907 276 ln
942 247 1117 277 iuventute
1151 246 1198 284 D;
1235 244 1363 286 p‹·rfi‹la
1389 246 1426 276 1³.
1453 263 1495 266 >-
1520 244 1580 279 40.
1614 244 1635 277 4
1661 247 1711 277 Ne

141 287 278 323 *cadant
308 292 343 322 in
378 290 549 321 luxuriam
587 290 626 321 l).
659 308 701 311 ——
726 287 790 328 43,
823 288 844 321 2
878 293 1089 322 maussitiam
1126 292 1164 322 l).
1193 307 1234 311 -—-
1261 288 1324 327 43,
1357 289 1378 321 3
1412 292 1488 322 Non
1518 291 1645 322 habeat
1676 292 1711 322 in

125 337 213 379 ⁹liae
246 337 319 367 vita
344 336 386 367 D.
412 352 455 356 —
480 333 541 372 43,
572 333 594 366 4
620 335 726 366 Nulla
751 336 793 366 D.
819 353 862 357 —
886 334 948 369 44.
986 335 999 367 1
1029 337 1065 367 Si
1099 336 1291 376 vivitisG}
1323 336 1390 374 Qui
1424 334 1516 367 vivis
1543 337 1576 367 in
1604 338 1643 368 A.
1670 352 1711 357 —

149 381 210 419 44,
243 378 264 412 3
292 382 340 413 Ut
370 380 454 411 fehlt
485 381 530 418 l‹‘;
566 381 672 411 iuncti
707 381 783 418 [Ὦς
817 382 878 412 niti
914 382 961 416 l3;
995 383 1082 412 vitia
1115 381 1163 413 A:
1198 381 1317 412 Loeati
1353 390 1417 412 sua
1451 382 1492 412 l).
1524 399 1565 403 —
1595 380 1656 418 44,
1690 380 1711 413 4

150 428 323 468 Regentes
340 426 380 458 G.
409 442 448 446 —
480 425 747 467 Strophenfolge
774 427 808 457 iii
835 427 883 457 D:
913 417 997 457 1.'‘2.
1024 425 1055 457 3.
1081 425 1111 457 4.
1139 425 1170 458 ··'›.
1201 423 1252 457 13.
1282 424 1331 457 12.
1357 425 1388 457 6.
1414 424 1443 456 9.
1467 424 1516 457 10.
1538 424 1586 457 ll.
1611 425 1660 458 14.
1680 427 1711 458 8.

152 470 203 504 19.
238 469 287 502 15.
324 469 374 502 16.
407 469 458 502 17.
485 469 516 502 7.
546 469 596 502 18.
622 469 675 502 25.
701 470 755 501 21.
781 469 835 502 22.
860 469 911 502 26.
939 469 990 502 27.
1018 470 1071 503 28.
1099 472 1152 504 29.
1178 470 1231 503 30.
1257 468 1310 502 31.
1337 469 1391 502 232.
1415 469 1470 503 33.
1499 470 1552 503 236.
1578 470 1632 503 37.
1658 470 1712 503 38.

149 515 203 550 39.
228 513 281 548 40.
307 515 361 548 41.
386 514 441 548 42.
467 514 519 548 43.
546 514 608 554 44;
635 527 670 547 es
696 515 829 548 fclilen:
855 514 910 548 20.
935 515 989 547 223.
1015 516 1067 548 24.
1095 515 1147 548 34.
1175 515 1228 547 35.

243 561 468 603 „Expliciunt
493 560 642 601 rhythmi
673 561 804 592 domini
830 562 952 593 Petri
990 563 1191 594 Damiani
1218 561 1406 592 heremitae
1431 565 1465 594 et
1490 563 1644 603 episcopi
1670 562 1712 593 de

152 607 310 640 omnibus
344 606 555 638 01·‹liuil›us.“

614 607 754 645 ABG&
790 607 967 648 Incipiunt
1002 607 1151 648 rhythmi
1186 607 1316 638 domini
1352 607 1473 638 Petri
1512 608 1712 639 llamiani

152 658 216 686 etc.
243 652 307 684 wie
332 652 420 683 oben
446 654 491 689 (¹3
518 653 683 693 Sequitur
706 652 887 692 rhythmus
913 652 1043 683 domini
1070 653 1186 684 Petri
1219 652 1420 683 Damiani
1447 656 1509 684 ete.
1537 649 1575 683 E.

604 833 657 866 (58.
692 832 776 872 (53.)
814 830 862 865 De
888 829 1070 865 Abbatum
1097 829 1259 866 Miseria.

202 939 238 975 1.
271 937 405 985 Luget,
438 937 575 983 plorat,
607 937 838 974 lamentatur

327 999 457 1030 sancta
487 1004 585 1030 nunc
617 994 789 1039 ecclesia,

270 1049 364 1087 Cum
397 1061 547 1087 suorum
580 1054 723 1088 tantam
756 1050 861 1098 videt

329 1106 508 1144 abbatum
541 1107 731 1144 miseriam

266 1163 317 1200 Et
352 1174 478 1200 eorum
512 1163 789 1210 contemplatur

329 1220 479 1257 diversa
511 1221 691 1267 pericula.

203 1337 240 1373 2.
272 1332 419 1370 Nullus.
440 1343 560 1380 paene
591 1333 710 1370 abbas
740 1333 852 1370 modo

326 1390 427 1427 valet
458 1401 540 1426 esse
571 1390 787 1438 monachus,

270 1446 368 1484 Dum
403 1447 592 1483 diversum
627 1453 663 1482 et
692 1448 865 1484 nocivum

327 1504 484 1540 sustinet
518 1503 706 1551 negotium

269 1560 332 1599 Et.
367 1560 463 1607 quod
498 1561 604 1605 nolit,
638 1560 825 1596 sustinere

329 1617 432 1653 velut
461 1617 567 1653 incus
601 1617 759 1663 cogitur.

204 1732 241 1770 25.
273 1730 545 1767 Monachorum
564 1734 754 1777 tamquam
774 1741 904 1768 servus

328 1787 429 1823 intus
462 1785 537 1823 fcrt
567 1787 785 1833 superbiam

274 1843 323 1881 Et
355 1844 557 1880 multarum
591 1842 684 1880 foris
715 1854 841 1880 rerum

329 1901 488 1937 sustinet
521 1901 746 1943 molestiam,

274 1957 382 1994 Hanc
423 1957 572 1994 abbatis
609 1957 745 1994 collum
778 1961 906 2004 portat

330 2015 549 2051 servitutem
582 2015 780 2061 geminam.

205 2132 242 2166 4.
275 2127 509 2174 Spiritaliter
541 2127 716 2164 abbatem

332 2185 462 2221 volunt
493 2183 631 2221 fratres
663 2185 804 2229 vivere,

275 2241 323 2278 Et
359 2251 428 2287 per
460 2251 591 2278 causas
622 2242 836 2278 saeculares

334 2302 471 2346 cogunt
502 2298 609 2335 illum
640 2308 821 2346 pergere,

276 2355 350 2392 Per
380 2358 457 2392 tam
486 2355 614 2401 itaque
647 2355 799 2391 diversa

333 2411 419 2464 quis⁴
447 2411 548 2448 valet
578 2412 785 2448 incedere?

205 2529 243 2561 ἵ).
276 2523 386 2573 Nam,
421 2525 507 2562 dum
532 2525 688 2574 equitat,
719 2536 805 2562 mox
828 2535 909 2562 esse

334 2581 473 2618 dieitur
503 2582 666 2628 vagatio,

275 2638 367 2675 Eius
399 2649 558 2685 namque
590 2638 780 2675 hebetudo

333 2700 388 2731 est
423 2695 636 2732 claustralis
667 2695 793 2742 statio,

279 2751 468 2798 Quidquid
501 2762 650 2798 semper
671 2751 784 2788 miser
806 2748 909 2800 facit,

333 2807 371 2845 fit
404 2809 492 2845 inde
525 2808 722 2846 detractio.

1017 937 1054 974 6.
1088 936 1359 983 Delinquentes
1392 937 1478 974 dum
1512 936 1700 987 emendat,

1144 1004 1272 1030 omncs
1304 994 1468 1031 clamant
1497 993 1667 1043 impium,

1089 1049 1127 1087 Si
1159 1050 1384 1096 quandoque
1415 1050 1491 1086 illis
1523 1054 1666 1097 parcet,

1145 1106 1275 1143 dicunt
1307 1117 1388 1143 esse
1419 1107 1610 1154 tepidum,

1088 1164 1177 1209 Quis
1209 1168 1363 1209 portare
1395 1174 1483 1210 ergo
1515 1163 1613 1200 valet

1144 1220 1277 1267 vulgus
1305 1224 1380 1256 tam
1413 1220 1656 1267 ambiguum?

1021 1335 1056 1371 7.
1089 1333 1251 1370 Phinees
1283 1333 1314 1369 si
1345 1333 1525 1380 imitatur,

1146 1388 1240 1436 fugit
1274 1390 1331 1425 vel
1365 1389 1580 1437 expellitur,

1089 1446 1128 1483 Si
1159 1447 1260 1495 Heli,
1292 1450 1381 1482 tunc
1411 1446 1594 1482 irridetur

1144 1508 1257 1549 atque
1286 1502 1590 1548 parvipenditur,

1087 1559 1262 1607 Odiosus,
1295 1559 1325 1596 si
1357 1564 1413 1596 est
1445 1557 1607 1608 fervens,

1145 1620 1181 1652 et
1214 1616 1312 1665 vilis,
1346 1617 1377 1652 si
1409 1616 1571 1662 tepidus.

1018 1732 1053 1769 8.
1087 1731 1200 1768 Valet
1228 1729 1359 1767 forsan
1392 1729 1593 1765 emendare

1145 1785 1259 1829 facta,
1292 1786 1323 1822 si
1355 1786 1430 1822 sint
1460 1785 1571 1828 levia,

1088 1845 1137 1882 Et
1163 1854 1259 1890 quae
1283 1843 1375 1879 duas
1396 1846 1540 1878 tautum
1562 1846 1720 1888 poscant

1146 1901 1224 1936 sive
1255 1910 1367 1936 unam
1398 1900 1559 1946 veniam,

1090 1956 1278 1994 Graviora
1308 1966 1403 2002 quac
1434 1960 1532 2002 sunt,
1564 1955 1681 1992 abbas

1147 2013 1362 2059 supprimit,
1395 2023 1442 2049 ne
1472 2016 1615 2058 pereat.

1022 2129 1059 2166 9.
1092 2126 1189 2164 Nam
1221 2126 1253 2162 si
1283 2126 1373 2162 velit
1406 2126 1453 2162 de
1482 2126 1675 2162 immundo

1148 2183 1250 2229 loqui
1281 2183 1464 2229 quaedam
1497 2182 1602 2231 vitio,

1092 2239 1365 2276 Monacliorum
1399 2239 1579 2276 intestina

1150 2296 1270 2332 oritur
1301 2296 1449 2337 seditio,

1093 2353 1143 2390 Et
1174 2353 1320 2389 occulte
1351 2353 1478 2389 statim
1510 2352 1588 2388 eius

1149 2413 1337 2446 tractatur
1366 2409 1546 2456 proditio.

997 2525 1060 2563 10.
1094 2523 1132 2561 Si
1164 2523 1389 2569 quandoque
1420 2523 1477 2558 vel
1510 2522 1649 2560 ieiunat

1150 2580 1208 2616 vel
1240 2584 1343 2615 tenet
1374 2579 1580 2627 silentium,

1094 2638 1222 2674 Vanae
1254 2635 1357 2672 laudi
1387 2647 1473 2672 mox
1505 2635 1679 2672 abbatem

1152 2693 1281 2729 dicunt
1311 2702 1392 2728 esse
1426 2691 1608 2740 deditum,

1093 2749 1155 2798 Et,
1190 2749 1218 2785 si
1252 2748 1418 2795 loquitur
1448 2749 1506 2785 vel
1538 2749 1694 2796 mandit,

1151 2812 1189 2842 ut
1222 2803 1284 2842 fur
1315 2805 1617 2854 reprehenditur.
