1914 3223
825 172 907 213 623
938 174 942 179 ’

532 282 614 319 404.
649 284 707 325 (6.)
742 284 800 319 De
825 284 967 321 sancto
997 284 1206 321 Udalrico.

323 457 597 495 Introitus.

171 581 246 619 Hie
276 580 477 619 Odelrieus
509 581 688 618 deserens

171 638 294 676 Huius
324 638 426 676 vitae
455 638 645 675 miseriam

173 694 329 744 Christi,
363 694 453 732 solis
485 694 664 742 iustitiae,

172 750 440 789 Desideratam
475 751 616 799 regiam

173 807 356 846 Gaudens
387 808 545 845 intravit
577 807 702 856 hodie,

172 864 347 912 Adeptus
380 865 475 902 caeli
506 864 676 912 gloriam.

327 1067 601 1107 Graduale.

176 1191 270 1230 Sunt
300 1196 457 1239 apertae
485 1192 580 1230 caeli
611 1195 744 1238 portae

175 1249 354 1287 Odelrico
386 1253 535 1296 sumpta
566 1253 668 1285 sorte

170 1304 428 1352 Supernorum
460 1316 543 1343 cum
575 1306 742 1352 cohorte,

170 1361 313 1410 Quibus
344 1362 423 1400 vita
454 1362 536 1400 sine
567 1366 700 1409 morte,

168 1486 213 1523 In
244 1497 317 1534 qua
348 1487 488 1524 sanctis
518 1486 696 1534 gaudium

227 1547 285 1580 est
314 1544 396 1581 sine
425 1553 598 1581 maerore

171 1599 365 1648 Beataque
395 1601 545 1647 requies

228 1660 286 1694 est
316 1657 398 1694 sine
428 1657 571 1696 labore.

803 355 923 386 Missa.

1156 458 1401 497 Alleluia.

994 536 1065 573 Hic
1096 537 1296 574 Odelricus
1327 537 1499 584 pontifex

995 593 1146 630 Caelum
1179 595 1352 631 ascendit
1383 594 1508 642 hodie,

994 650 1132 696 Optata
1164 651 1226 697 qui
1258 651 1469 697 perfruitur

993 706 1134 743 Beatae
1167 707 1246 744 vita
1275 708 1428 754 gloriae.

1102 818 1460 860 Offertorium.

994 901 1200 945 Aecep'tam
1234 900 1357 936 laudis
1389 900 1550 937 Domino

994 955 1072 992 Nos
1103 954 1302 992 offeramus
1334 956 1506 1002 hostiam,

992 1011 1139 1048 Dantes
1172 1012 1250 1049 eius
1279 1012 1468 1059 obsequiis

993 1067 1072 1105 Nos
1101 1079 1171 1114 per
1202 1069 1300 1106 vitae
1332 1069 1567 1120 munditiam,

992 1124 1061 1171 Qui
1092 1125 1259 1162 Odelriei
1290 1126 1476 1172 praesulis

993 1181 1212 1228 Peragimus
1240 1182 1472 1221 memoriam.

1130 1295 1430 1334 Communio.

992 1373 1133 1411 Christi
1164 1373 1232 1411 sub
1264 1373 1373 1420 panis
1401 1375 1528 1421 specie

993 1430 1137 1477 Corpus
1170 1431 1268 1477 quod
1300 1441 1421 1476 nuper
1450 1431 1573 1478 latuit,

991 1488 1026 1524 A
1058 1487 1257 1524 sacerdote
1288 1487 1459 1537 sumitur,

992 1544 1096 1582 Sicut
1126 1544 1298 1581 Christus
1329 1544 1519 1591 instituit3

991 1600 1199 1645 Conficere‚
1232 1601 1406 1647 recipere

991 1657 1076 1695 Hoc
1106 1657 1305 1696 Odelrieus
1336 1656 1486 1697 meruit.
