1914 3223
707 160 1015 200 —423-

79 273 190 305 dieser
221 272 491 305 Handsehriften
528 273 597 304 und
631 272 771 304 Drucke
808 283 850 304 zu
883 273 1068 311 sammeln,
1106 273 1149 304 da
1179 273 1240 305 das
1275 273 1433 305 Resultat
1467 284 1531 304 nur
1563 275 1640 305 eine

80 318 283 360 Sammlung
307 328 375 350 von
399 319 589 350 Irrtiimern
615 319 689 350 sein
718 318 856 350 k6nnte.
899 318 1193 359 Beispielshalbcr
1219 320 1313 350 seien
1331 318 1386 350 (lie
1405 318 1642 359 Abweichung·

78 365 172 396 eines
198 364 295 395 Miss.
321 374 382 395 ms.
408 365 677 395 Constantieuse
703 374 792 395 sace.
822 361 872 395 15.
905 364 987 395 cod.
1015 364 1230 405 Wolfeggen.
1257 375 1334 395 S.1l.
1361 365 1504 395 notiert:
1536 363 1587 399 ll»,
1623 360 1636 395 l

79 409 174 445 Anus
205 409 327 441 ferens.
353 427 396 432 —-
425 407 492 447 lb,
526 407 547 439 3
572 409 697 441 Semen
723 409 861 440 mulcet.
888 426 930 431 —
956 407 1026 446 212,
1044 406 1082 440 ·3
1108 409 1197 441 haec
1217 406 1322 441 nefas.
1351 427 1393 430 q
1419 407 1487 447 51»,
1526 408 1539 440 l
1570 410 1640 440 Nos

79 453 236 486 inundat.

476 553 558 589 391.
595 553 651 594 (3.)
687 554 744 588 De
770 553 1016 589 Visitatione
1042 554 1090 589 B.
1116 554 1170 589 M.
1198 554 1243 590 V.

693 618 882 660 Sequentia
907 618 1036 650 Altera.

78 711 148 750 la.
186 710 307 748 Decet
336 710 446 747 huius
479 710 624 747 cunctis
654 710 757 747 horis
899 711 917 748 1
936 710 972 750 b.
1011 710 1091 747 Nec
1112 710 1321 757 indignum,
1350 710 1418 746 sed
1440 710 1641 755 benignum

190 767 295 806 Festi
327 777 418 805 voce
451 767 631 804 dulcioris
1010 767 1112 804 Voce
1142 767 1247 803 cordi
1281 767 1372 804 dare
1403 767 1547 813 signum

246 823 391 861 Facere
422 823 638 860 memoriam
1067 824 1214 860 Mariae
1246 824 1282 860 in
1315 823 1485 870 gloriam.

78 916 148 953 2³2.
188 915 414 952 Innovemus
444 918 568 951 mente
599 925 701 962 sana,
898 913 972 952 2b.
1010 914 1279 961 Paranympho
1311 914 1499 963 comitata,

189 971 316 1008 Mater
346 971 447 1017 quod
479 972 575 1017 petit
607 976 784 1008 montana
1009 972 1150 1009 Fuerat
1182 982 1255 1017 quo
1287 971 1463 1013 salutata,

246 1026 421 1065 Salutare
451 1028 671 1076 gravidam:
1065 1027 1200 1065 Senem
1232 1028 1371 1064 mulcet
1401 1026 1593 1073 pavidam.

77 1119 148 1158 3a.
186 1115 280 1155 Rem
313 1118 474 1155 miratur
504 1117 572 1155 sed
604 1122 801 1166 matrona,
899 1118 972 1156 3b.
1008 1118 1072 1155 Ad
1103 1129 1162 1155 me
1194 1119 1340 1155 veniret
1370 1118 1470 1164 quod
1501 1117 1565 1153 illa

190 1174 316 1223 Unde,
348 1175 484 1223 inquit,
515 1179 622 1212 tanta
656 1175 755 1212 dona
1010 1175 1137 1213 Mater
1167 1175 1239 1212 Dei
1270 1179 1305 1211 et
1337 1174 1488 1217 ancilla,

244 1231 342 1269 Mihi
374 1231 514 1268 dantur
544 1231 669 1277 lia-alie,
1070 1233 1268 1279 Sceptrum
1300 1231 1420 1268 omnis
1451 1228 1625 1279 gloriae?

76 1323 151 1361 43.
190 1321 342 1360 Gaudet
372 1322 521 1359 clausus
552 1333 620 1359 sua
651 1327 784 1370 matre,
897 1322 971 1361 4b.
1008 1323 1092 1360 Erit
1123 1333 1278 1369 maguus
1309 1321 1435 1359 infans
1466 1321 1551 1367 rite,

192 1378 314 1416 Sentit
344 1379 490 1430 prolem
522 1378 602 1415 sine
633 1383 756 1425 patre,
1010 1380 1150 1426 Regem
1183 1379 1290 1427 caeli,
1322 1390 1458 1426 agnum
1491 1377 1591 1415 vitae

246 1436 397 1482 Agnum
427 1435 499 1472 Dei
530 1437 751 1482 praedicat3
1067 1436 1224 1473 Clausus
1255 1436 1391 1482 plausu
1421 1435 1578 1473 indicat.

78 1527 150 1566 52..
187 1525 329 1572 Nequit
358 1536 473 1562 senex
504 1526 709 1573 immorari,
896 1526 968 1567 5b.
1006 1526 1236 1564 Exsultabat
1267 1526 1377 1563 modo
1407 1526 1518 1573 miro,

189 1582 303 1629 Rapit
335 1594 469 1620 manus
500 1594 613 1620 manu
644 1583 728 1630 pari
1009 1583 1275 1632 Circumplexa
1304 1583 1402 1619 hanc
1432 1583 1470 1619 in
1500 1582 1582 1629 giro

245 1639 297 1676 Et
326 1639 437 1676 nimis
469 1639 657 1688 celeriter,
1066 1640 1274 1678 Salutando
1306 1640 1481 1679 dulciter.

77 1730 148 1770 Ga.
187 1728 335 1768 Clamat
364 1741 478 1769 senex
510 1741 602 1768 voce
634 1731 751 1779 clara,
894 1731 969 1770 6b.
1007 1732 1132 1778 Salve,
1164 1731 1264 1768 inter
1294 1731 1471 1767 mulieres

188 1786 418 1833 Amplexata
448 1792 505 1826 tot
535 1788 736 1834 praeclara
1006 1788 1060 1825 Te
1090 1788 1258 1834 respexit
1290 1788 1386 1825 caeli
1417 1787 1540 1832 heres,

190 1844 358 1891 Insignia
386 1844 468 1881 Deo
501 1855 588 1882 cara
1006 1845 1195 1892 Meruisti,
1228 1845 1328 1891 quod
1361 1844 1510 1881 videres

248 1901 347 1937 Voce
378 1902 549 1948 pandens
580 1901 722 1939 veteri:
1064 1902 1179 1940 Casta
1209 1900 1373 1960 fructum
1403 1901 1516 1939 uteri.

79 1989 146 2029 7a.
185 1991 257 2028 Illa
287 1991 353 2028 sed
385 1991 602 2039 repudiavit
895 1992 967 2031 7b.
1006 1992 1179 2032 Clemens
1210 1992 1316 2040 virgo
1348 1996 1461 2039 atque
1491 1991 1565 2040 pia,

188 2047 371 2097 Laudem,
402 2048 484 2085 Deo
514 2048 734 2095 assignavit,
1005 2049 1063 2086 Tu
1093 2060 1160 2086 nos
1193 2048 1290 2095 fove,
1323 2060 1344 2086 o
1371 2048 1510 2095 Maria,

188 2104 345 2150 Quando
376 2105 537 2152 supplex
570 2105 788 2143 decantavit
1004 2104 1144 2143 Partus
1184 2116 1344 2153 namque
1374 2105 1422 2142 tis
1453 2116 1520 2142 nos
1551 2105 1640 2152 quia

246 2161 458 2199 Contexens
489 2162 736 2209 Maynificat.
1062 2163 1151 2200 Sola
1184 2173 1271 2210 spes
1302 2161 1482 2200 vivificat.

167 2238 240 2270 Fol.
268 2237 333 2271 143
343 2249 374 2271 a.
399 2256 443 2263 -
470 2239 601 2282 „Prosa
626 2237 814 2282 sequitur.“

472 2374 554 2410 39⁶2.
590 2375 648 2417 (4.)
682 2375 740 2409 De
765 2374 1012 2411 visitatione
1038 2375 1086 2411 B.
1114 2375 1167 2410 Μ.
1194 2375 1241 2411 V.

687 2440 877 2481 Sequentia
901 2440 1032 2472 Tertia.

82 2527 152 2566 la.
189 2529 282 2576 Ave,
314 2528 421 2567 verbi
453 2530 525 2567 Dei
555 2541 706 2577 parens,
895 2531 967 2572 lb.
1004 2533 1099 2578 Ave,
1131 2532 1232 2569 omni
1262 2542 1380 2568 naevo
1412 2540 1543 2568 carens

247 2585 444 2634 Virginum
474 2587 681 2635 humilitas,
1063 2589 1228 2626 Humilis
1259 2588 1477 2635 virginitas!

81 2675 150 2711 2a.
189 2674 333 2726 Gaude,
366 2687 461 2723 quae
492 2677 546 2714 sic
576 2678 789 2724 gravidaris
895 2678 968 2718 ab.
1007 2679 1153 2727 Gaude,
1185 2689 1280 2726 quae
1310 2679 1365 2715 sic
1394 2677 1563 2715 oneraris

247 2733 328 2770 Nec
358 2734 528 2781 gravaris
558 2733 649 2781 filio,
1065 2736 1187 2774 Onere
1217 2735 1452 2783 gratissimo!

84 2821 153 2858 38.
191 2815 315 2871 Salve,
347 2824 450 2861 lesse
480 2825 600 2871 stirpe
630 2829 714 2862 orta
894 2825 966 2865 3b.
1006 2826 1130 2871 Salve,
1163 2827 1291 2864 clausa
1320 2827 1454 2873 templi
1484 2828 1608 2872 porta,

254 2879 409 2927 virgula
439 2878 650 2929 fructifera,
1063 2883 1140 2920 Soli
1172 2884 1252 2921 Deo
1283 2884 1436 2931 pervia!
