2031 3289
927 200 977 204 —-
1039 177 1118 215 100
1177 198 1231 203 —

502 285 558 328 Et
587 300 686 326 nova
717 288 911 325 dulcisono
941 287 1148 325 modularis
1179 288 1345 325 carmina
1375 288 1536 337 plectro,

559 344 716 394 Sponsa,
750 344 888 391 hymno
919 344 1084 381 exsultas
1115 348 1163 393 et,
1195 354 1305 392 nova,
1337 343 1547 383 dulcisono.

502 397 640 439 Nullus
672 400 719 437 ab
751 400 947 437 altithroni
978 399 1156 437 comitatu
1186 404 1361 447 segregat
1390 400 1489 447 agni,

559 458 676 503 Quam
709 455 845 493 affeetu
875 456 1015 493 tulerat
1046 456 1171 493 nullus
1201 456 1248 493 ab
1279 456 1490 495 altithroni.

392 567 555 599 Historia
588 577 650 598 ms.
684 567 766 599 eccl.
799 567 913 608 gentis
938 566 1128 608 Anglorum
1165 567 1248 598 anni
1275 563 1351 598 737.
1402 566 1484 598 cod.
1510 567 1772 608 Cantabrigien.
1797 567 1855 599 Kk

301 613 330 642 V
358 604 408 644 1.6
428 613 466 643 A.
493 613 647 643 —Hist.
674 623 734 643 ms.
761 612 842 644 eccl.
868 615 951 653 gent
940 613 982 643 tis
999 612 1189 653 Anglorum
1215 622 1304 643 5355.
1324 609 1355 643 8.
1380 611 1462 644 Cod.
1481 612 1674 643 Londinen.
1693 612 1809 644 Tiber.
1827 612 1854 645 C

297 658 333 689 II
366 658 406 688 B.
438 675 482 678 —
511 658 604 688 Hist.
639 668 700 688 mS.
735 657 817 688 eccl.
849 658 962 698 gentis
987 657 1178 698 Anglorum
1211 666 1300 688 saec.
1331 654 1363 688 8.
1412 657 1494 688 Cod.
1521 657 1715 688 Londinen.
1740 657 1855 689 Tiber.

297 703 328 734 A
361 702 454 733 XIV.
488 701 524 734 C.
559 719 603 723 —
631 702 724 733 Hist.
755 713 817 733 ms.
851 702 932 733 eccl.
965 704 1078 744 gentis
1104 702 1294 743 Anglorum
1327 712 1415 733 saec.
1451 700 1502 733 10
1551 702 1634 734 Cod.
1660 702 1854 734 Londinen.

300 747 397 778 Harl.
423 743 524 778 4978.
552 748 594 778 D.
619 764 662 768 —
689 748 781 778 Hist.
805 757 868 778 ms.
894 747 976 778 eccl.
1000 748 1113 788 gentis
1138 747 1328 788 Anglorum
1353 757 1443 779 saec.
1471 744 1522 809 181.
1549 747 1632 781 Cod.
1660 747 1854 780 Londinen.

299 793 382 833 Reg.
412 790 454 823 13
479 792 505 824 C
534 790 565 823 5.
603 792 644 823 E.
670 809 713 813 ——
737 792 869 824 Homil.
895 803 956 823 ms.
982 792 1381 824 Benedictoburanums
1367 802 1456 824 3555.
1482 789 1536 823 ’9
1562 792 1648 824 Clm.
1672 793 1854 824 Monacen.

298 835 398 868 4547.
425 837 501 868 add.
531 847 619 868 saec.
648 835 700 868 11.
718 838 755 869 F.
781 854 824 858 —
845 837 989 869 Collect.
1014 847 1076 868 ms,
1090 836 1317 879 Sangallense
1342 847 1430 869 saec.
1460 835 1510 868 10.
1552 837 1634 868 Cod.
1654 837 1748 878 Sang
1751 837 1854 869 allen.

298 879 376 914 265.
403 882 443 914 G.
468 899 513 903 —
536 883 635 913 Pass.
665 893 727 913 ms.
752 883 958 914 Zwettlense
983 892 1062 914 5355
1099 880 1150 913 12.
1200 882 1283 914 Cod.
1308 883 1484 914 Zwettlen.
1509 879 1563 913 24.
1589 883 1634 914 Η.

392 925 408 958 1
441 928 638 969 gubernans
673 927 802 968 korrig.
835 928 872 958 in
907 928 1079 970 gubernas
1112 928 1156 959 D.
1189 944 1231 949 —
1267 925 1288 958 2
1319 927 1417 959 Adue
1452 927 1582 970 korrig.
1620 928 1656 958 in
1689 937 1777 959 anue
1809 928 1853 968 A;

297 972 387 1004 alme
413 973 508 1004 Deus
534 973 576 1005 G.
601 990 646 994 —
669 970 690 1004 3
714 983 777 1003 nos
804 974 923 1014 paucis
949 972 985 1004 C.
1011 991 1054 995 —
1079 970 1100 1004 6
1124 972 1277 1004 lubricus
1304 972 1432 1015 korrig.
1461 973 1497 1004 in
1524 973 1669 1004 lubricis
1694 972 1743 1012 A3
1778 972 1854 1005 lub-

297 1018 390 1049 ricus
413 1017 488 1049 ΡΗ.
523 1035 568 1039 -
597 1016 617 1049 7
650 1018 773 1057 loquor
797 1019 834 1049 F.
859 1035 903 1039 —
927 1015 948 1049 8
973 1018 1070 1056 Quae
1095 1018 1259 1049 mundum
1287 1017 1499 1055 exhilarant,
1531 1018 1623 1049 dona
1650 1017 1718 1049 FG.
1744 1034 1788 1038 —
1815 1016 1855 1049 15

297 1063 418 1104 genuit
449 1062 592 1094 custode
623 1064 777 1104 germine
807 1063 845 1094 F.
878 1080 920 1085 —
959 1061 1000 1094 16
1032 1063 1200 1104 virgineis
1232 1063 1364 1103 korrig.
1396 1064 1430 1094 in
1462 1064 1638 1105 virgineos
1664 1062 1701 1094 O.
1734 1079 1776 1083 —
1815 1061 1854 1095 17

296 1110 410 1139 cessat
433 1107 513 1149 BE3
547 1107 681 1149 Agathe
713 1108 842 1149 korrig.
875 1109 910 1138 in
936 1108 1073 1150 Agatha
1097 1108 1144 1147 Ag
1175 1107 1332 1149 Agathae
1358 1108 1527 1148 BCEFG3
1559 1108 1712 1149 Agathes
1738 1109 1783 1139 H.
1811 1124 1854 1130 -

299 1150 339 1184 18
371 1153 515 1184 Eulalia
547 1154 673 1195 perfert
696 1154 743 1192 F3
781 1153 924 1184 Eulalia
952 1157 988 1184 et
1018 1153 1149 1194 profert
1177 1153 1223 1184 H.
1254 1170 1298 1174 ——
1333 1151 1372 1184 19
1403 1153 1506 1185 kasta
1536 1153 1608 1184 fera
1638 1153 1692 1192 H;
1724 1152 1854 1185 lumine

297 1198 403 1230 Τ5513
427 1198 468 1231 G.
501 1216 546 1219 —
578 1196 621 1230 20
650 1208 766 1230 sacras
799 1198 928 1238 korrig.
957 1200 994 1229 in
1025 1208 1125 1229 sacra
1149 1198 1195 1238 A;
1228 1208 1344 1230 sacras
1370 1198 1540 1237 BCFGH3
1574 1198 1648 1230 fera
1672 1198 1718 1229 H.
1742 1215 1787 1219 —
1810 1196 1852 1230 21

296 1253 347 1284 sq.
378 1243 516 1285 gladius
542 1244 672 1285 korrig.
697 1245 735 1274 in
758 1243 895 1285 gladios
920 1244 962 1275 D.
988 1261 1032 1264 —
1057 1240 1100 1274 23
1125 1244 1254 1275 Multos
1278 1245 1315 1274 in
1340 1243 1422 1275 orbe
1446 1243 1523 1282 FG3
1555 1242 1637 1285 figet
1660 1243 1791 1285 korrig.
1817 1245 1854 1275 in

296 1290 393 1330 viget
418 1289 456 1320 B.
482 1305 526 1310 —
551 1287 594 1320 24
619 1289 746 1320 multos
773 1289 842 1321 FG.
867 1305 911 1309 ——
934 1286 989 1320 25.
1014 1289 1142 1320 Nostra
1166 1289 1246 1320 aliis
1272 1290 1402 1320 sacrior
1427 1288 1484 1320 sed
1512 1292 1669 1330 tempora
1693 1288 1769 1326 FG;
1796 1289 1853 1321 be-

295 1335 370 1365 avit
402 1334 534 1375 korrig.
560 1336 596 1365 in
627 1334 729 1366 beata
755 1334 793 1365 B.
820 1351 863 1356 —-
889 1331 931 1365 26
956 1330 1185 1375 Aedilthryda
1209 1334 1286 1373 AC3
1317 1331 1501 1375 Etildryda
1524 1334 1570 1374 Β;
1603 1333 1779 1365 Ediltrida
1803 1332 1852 1376 D3

294 1378 526 1420 Atheldrytha
557 1379 605 1420 E;
637 1379 851 1411 Aedildruda
875 1379 950 1420 FG3
980 1378 1167 1410 Ediltruda
1197 1380 1249 1419 H3
1282 1382 1402 1410 nostra
1435 1379 1515 1410 aliis
1549 1380 1679 1410 sacrior
1710 1378 1780 1411 FG.
1812 1396 1853 1400 —

294 1422 337 1456 27
363 1428 545 1456 stemmata
571 1425 607 1456 F.
643 1442 686 1447 —
715 1423 758 1456 29
784 1434 835 1465 sq.
860 1425 1014 1466 percepit
1039 1424 1170 1465 korrig.
1196 1425 1233 1455 iu
1258 1425 1407 1466 percipit
1430 1425 1469 1456 B.
1494 1442 1537 1446 —
1562 1422 1603 1455 31
1631 1434 1759 1465 sponsa
1783 1424 1853 1457 FG.
1895 1427 1897 1430 ⁴

294 1468 338 1501 33
363 1469 517 1502 aetherei
544 1469 674 1512 korrig.
700 1471 736 1501 in
761 1469 907 1501 aetherii
933 1469 982 1509 E;
1008 1470 1079 1501 iam
1103 1469 1199 1501 caelo
1225 1470 1383 1510 sequaris
1408 1470 1453 1501 H.
1475 1487 1520 1490 —
1544 1466 1588 1500 36
1613 1479 1724 1501 annos
1747 1469 1786 1501 F.
1809 1487 1854 1491 —

294 1513 338 1547 37
370 1516 487 1546 floruit
517 1516 621 1546 astris
647 1516 693 1546 F..
717 1533 760 1537 —
793 1512 836 1546 39
862 1515 1074 1547 Novembres
1106 1515 1236 1556 korrig.
1271 1516 1308 1546 iu
1332 1515 1540 1546 Novembris
1563 1514 1610 1555 E;
1646 1514 1852 1546 Novembris

295 1559 371 1600 CD3
406 1561 460 1591 bis
494 1564 571 1591 octo
604 1570 797 1601 novemque
822 1561 868 1591 H.
897 1577 941 1580 —
971 1558 1016 1591 40
1048 1563 1144 1599 putet
1175 1559 1267 1591 korr.
1294 1561 1330 1591 in
1356 1563 1471 1600 putret
1495 1561 1540 1599 133
1578 1563 1675 1601 patet
1699 1559 1792 1591 korr.
1816 1561 1853 1591 in

294 1609 392 1647 putet
416 1604 461 1644 C3
492 1605 597 1645 pudet
622 1606 690 1638 FG.
722 1622 766 1626 —
791 1602 834 1635 42
859 1605 1033 1636 Inviolate
1057 1603 1127 1637 FG.
1154 1622 1194 1626 ——
1221 1602 1265 1636 43
1291 1616 1340 1647 sq.
1366 1605 1477 1636 Ydros
1503 1605 1630 1646 korrig.
1657 1606 1692 1636 in
1717 1604 1852 1646 Ydrops

293 1651 332 1682 B.
359 1668 401 1672 —
427 1648 471 1682 43
496 1651 585 1683 abiit
609 1650 738 1692 korrig.
766 1651 802 1681 in
827 1651 902 1682 abit
925 1651 971 1691 B;
997 1650 1094 1682 festis
1121 1650 1212 1682 korr.
1237 1651 1275 1681 in
1299 1651 1408 1681 vestis
1435 1651 1472 1682 C.
1496 1666 1540 1670 —
1564 1648 1608 1681 45
1625 1650 1731 1681 Telus
1759 1650 1795 1680 in
1812 1649 1852 1682 G.

293 1713 336 1718 —
360 1693 404 1727 47
436 1696 502 1727 tibi
534 1695 620 1727 fehlt
645 1697 687 1728 D.
719 1712 762 1717 —
796 1693 837 1726 51
865 1706 915 1737 sq.
940 1696 980 1726 In
1004 1705 1095 1727 nova
1121 1696 1164 1736 F3
1196 1696 1261 1727 lies
1286 1695 1357 1734 En,
1390 1697 1507 1727 nova?
1533 1713 1575 1718 —
1600 1692 1644 1726 53
1668 1696 1851 1726 comitatus

293 1744 434 1818 {lgfleigtff
447 1741 502 1816 5³3
534 1742 701 1773 comitatu
737 1750 898 1782 segreger
923 1741 976 1779 H3
1012 1744 1172 1783 segregat
1195 1741 1278 1772 almi
1304 1741 1348 1773 G.
1376 1758 1415 1761 ψ
1443 1739 1486 1772 54
1511 1740 1636 1772 affectu
1661 1740 1790 1781 korrig.
1816 1741 1852 1771 in

387 1831 538 1873 „Incipit
562 1832 635 1862 vita
659 1835 800 1863 sanctae
829 1831 1031 1863 Edildrudis
1055 1829 1223 1873 virginis“
1251 1831 1294 1869 F;
1333 1830 1487 1871 „Bedae‚
1517 1830 1637 1862 famuli
1664 1830 1746 1862 Chri
1749 1830 1794 1861 sti
1818 1833 1852 1862 et

293 1877 502 1930 presbyteri,
527 1876 672 1918 explicit
695 1877 784 1909 liber
807 1877 849 1908 de
873 1877 1063 1908 virtutibus
1088 1878 1199 1908 sancti
1224 1855 1399 1913 Cudberti,
1424 1874 1721 1907 Lindisfarnensis
1747 1875 1851 1907 eccle-

292 1924 365 1954 siae
397 1923 562 1964 episcopi.
612 1918 742 1963 Incipit
773 1932 912 1953 carmen
941 1921 1095 1953 eiusdem
1128 1921 1170 1953 de
1201 1922 1404 1963 virginitate
1440 1921 1655 1952 Edildrudae
1687 1917 1846 1972 regina&

292 1967 332 2000 G.
374 1967 469 1999 Beda
492 1967 586 1998 ffihrt
610 1968 646 1998 in
671 1968 785 1998 sciner
802 1968 894 1999 Hist.
920 1967 1001 1998 eccl.
1027 1967 1086 2004 IV,
1112 1964 1155 1998 20
1179 1966 1246 1998 den
1264 1968 1424 2007 Hymnus
1449 1967 1512 1997 mit
1530 1965 1596 1998 den
1613 1967 1658 1997 W
1661 1969 1758 1998 orten
1775 1967 1847 1997 ein:

293 2012 460 2053 „Videtur
491 2015 723 2054 opportunum
760 2012 841 2044 huic
865 2012 1032 2043 historiae
1058 2015 1091 2043 et
1114 2011 1280 2052 hymnum
1306 2012 1520 2053 xirginitatis
1545 2012 1714 2049 inserere,
1747 2021 1848 2053 quem

291 2062 372 2090 ante
409 2068 519 2089 annos
552 2057 720 2099 plurimos
755 2059 790 2089 in
816 2057 952 2089 laudem
978 2067 1019 2088 ac
1042 2057 1263 2099 praeconium
1293 2057 1446 2088 eiusdem
1471 2057 1612 2098 reginae
1636 2066 1677 2088 ac
1701 2065 1848 2098 sponsae

292 2103 423 2135 Christi
447 2121 492 2125 —
517 2106 551 2134 et
575 2102 652 2134 ideo
678 2104 849 2135 veraciter
874 2103 1025 2144 reginae,
1055 2104 1137 2144 quia
1162 2112 1310 2144 sponsae
1336 2101 1465 2133 Christi
1493 2120 1533 2124 —
1559 2102 1714 2143 elegiaco
1741 2106 1846 2132 metro

291 2149 567 2189 composuimus,
600 2152 634 2180 et
666 2148 796 2179 imitari
831 2158 960 2179 morem
992 2155 1112 2179 sacrae
1133 2148 1344 2189 scripturae,
1377 2148 1475 2178 cuius
1500 2146 1668 2178 historiae
1693 2147 1846 2178 carmina

293 2194 441 2236 plurima
474 2193 585 2224 indita
616 2197 650 2224 et
682 2193 767 2225 haec
801 2197 907 2225 metro
942 2202 982 2224 ac
1006 2193 1164 2225 versibus
1189 2196 1350 2224 constant
1374 2203 1428 2224 ess
1431 2203 1449 2224 e
1473 2189 1698 2234 compositaf‘
1749 2190 1848 2223 Steht

292 2239 380 2270 auch
406 2240 443 2270 in
468 2238 550 2270 Cod.
571 2240 681 2279 C·1pit.
701 2239 881 2271 Colonien.
909 2235 981 2269 106.
1010 2247 1098 2270 saec.
1124 2236 1156 2269 9.
1180 2255 1225 2259 —
1246 2237 1343 2269 Nach
1362 2237 1531 2278 Analogie
1557 2237 1670 2269 dieses
1688 2238 1845 2278 Hymnus

290 2284 366 2316 sind
392 2284 447 2315 die
472 2283 532 2315 des
556 2284 721 2315 Wulstan
744 2294 813 2315 von
837 2283 1058 2315 winchester
1081 2283 1226 2325 gebaut3
1254 2283 1321 2325 vgl.
1348 2283 1446 2314 Anal.
1474 2282 1635 2319 XLVIII,
1662 2280 1683 2314 9
1707 2282 1740 2314 ff.

382 2330 450 2361 Die
484 2328 659 2361 Collation
692 2329 752 2361 der
784 2327 985 2370 englischen
1017 2328 1289 2360 Handschriften
1322 2327 1498 2360 verdanke
1534 2328 1588 2359 ich
1623 2328 1704 2359 Rev.
1730 2324 1773 2359 Η.
1797 2327 1844 2358 M.

292 2375 496 2411 Bannister
533 2374 589 2406 die
625 2374 686 2405 des
719 2374 959 2415 Sangallensis
997 2374 1154 2415 besorgte
1191 2374 1228 2405 in
1258 2373 1566 2416 liebenswiirdjger
1598 2373 1716 2405 Weise
1754 2371 1844 2403 Herr

291 2419 553 2453 Stiftsarchivar
576 2418 709 2461 Joseph
733 2419 872 2451 Miiller.

470 2609 529 2644 80.
565 2609 624 2651 (2.)
659 2609 716 2644 De
743 2608 937 2653 operibus
962 2609 1014 2645 vl
1039 2609 1191 2644 dierum
1219 2608 1260 2644 et
1285 2609 1332 2643 (15.
1360 2608 1411 2644 VI
1437 2607 1654 2643 aetatibus.

306 2715 343 2753 1.
380 2714 506 2753 Primo
538 2714 639 2751 Deus
672 2714 767 2751 caeli
797 2713 947 2761 globum
1116 2715 1154 2752 2.
1187 2714 1238 2751 At
1268 2724 1337 2760 per
1368 2713 1448 2750 dies
1479 2711 1664 2749 aetatibus

376 2771 591 2817 Molemque
621 2775 746 2808 terrae
777 2770 959 2816 condidit,
1185 2769 1369 2807 Labeatis
1400 2769 1483 2806 aevi
1515 2777 1697 2815 congruos

375 2827 532 2864 Terram
564 2827 631 2864 sed
662 2826 803 2864 umbm's
834 2826 1002 2864 abditam
1185 2825 1343 2864 Ornavit
1372 2825 1500 2862 orbem
1531 2829 1568 2862 et
1597 2823 1750 2861 aethera

374 2882 549 2929 Abyssus
579 2883 655 2920 alta
686 2887 845 2920 texerat.
1186 2882 1441 2928 Cunctamque
1462 2880 1592 2918 mundi
1612 2879 1836 2917 machinam.

1968 2818 1974 3028 ἑ

1886 3035 2031 3289 M
