2031 3289
2 2975 19 3044 mr»
0 2686 25 2956 tv-2-·-·2.-<„0-=2
0 2614 11 2650 ἑ»
0 2558 3 2567 ’

8 3103 15 3137 .σ;
0 3034 25 3078 ἈΫΔΑ

961 165 1266 206 —470—

348 285 414 322 25.
448 284 548 320 Puer
581 282 844 328 elephanticus

504 338 593 375 Tibi
624 341 902 385 praesentatur.

448 396 524 433 Per
557 401 594 432 te
625 404 771 440 quoque
803 393 913 429 citius

507 450 670 488 Sanitati
700 451 823 495 datur,

448 507 636 554 Alterque
666 517 737 554 pro
770 505 898 542 debito

506 563 686 600 Graviter
716 560 881 599 afflictus

450 620 531 656 Tuo
563 622 694 656 sancto
725 619 861 655 merito

508 676 625 712 Liber
656 680 712 711 est
744 674 910 712 effectus.

352 837 418 873 26.
452 834 513 872 Sic
545 834 592 870 ab
623 833 844 871 adversario

508 891 607 927 Puer
638 894 859 935 venenatur,

450 947 545 985 Eius
582 947 675 984 cutis
706 946 812 984 vario

511 1003 646 1043 Colore
677 1007 844 1039 mutatur

451 1061 503 1097 Et
532 1061 706 1106 leprosus
738 1059 919 1105 creditur,

508 1117 613 1154 Tuae
643 1116 779 1162 pietati

454 1175 724 1211 Praesentatus
755 1172 931 1209 redditur

509 1229 661 1268 Primae
692 1229 858 1266 sanitati.

356 1388 426 1427 27.
457 1387 553 1425 Erat
583 1387 622 1423 in
654 1386 861 1433 Campania

513 1444 620 1481 Tunc
651 1443 917 1480 alimentorum

454 1501 624 1538 Maxima
653 1500 795 1547 inopia,

512 1557 840 1594 Subdiaconorum

453 1614 531 1652 Uni
563 1613 714 1660 quando
744 1612 933 1649 modicum

512 1670 595 1708 Olei
628 1669 780 1719 dedisti,

456 1728 544 1774 Vas,
578 1726 679 1773 quod
710 1730 793 1763 erat
824 1736 994 1772 vacuum,

514 1785 670 1821 Plenum
703 1782 920 1820 reddidisti.

359 1944 430 1983 28.
465 1943 660 1980 Seniorem
691 1941 916 1980 monachum

517 2000 687 2037 Daemon
719 1999 807 2036 dum
837 1998 997 2035 intravit

458 2057 655 2094 Audacter
685 2066 760 2093 non
792 2055 978 2092 modicum

516 2113 689 2160 Eumque
718 2112 884 2158 vexavit,

462 2170 559 2206 Dum
592 2170 625 2206 ei
657 2169 892 2206 solummodo

519 2227 682 2273 Alapam
715 2225 868 2271 dedisti,

463 2283 695 2328 Daemonem
728 2282 904 2319 continuo

519 2340 580 2377 Ab
611 2350 655 2377 eo
686 2339 877 2386 expulisti.

366 2491 433 2528 29.
466 2488 576 2526 Zalla
603 2488 756 2535 quidam
789 2487 939 2524 nomine

522 2544 719 2582 Rusticum
752 2544 997 2581 constrictum

467 2601 574 2639 Loris
605 2605 720 2647 tenet,
753 2601 882 2647 utique

524 2657 703 2696 Graviter
733 2656 929 2704 afflictum,

467 2716 584 2760 Quem
616 2719 726 2761 pater
757 2714 1017 2752 sanctissimus

526 2771 585 2808 Ab
617 2781 660 2808 eo
690 2771 866 2819 absolvit,

470 2828 559 2867 Solo
590 2828 671 2864 visu
704 2828 814 2864 citius

529 2886 628 2921 Lora
659 2884 745 2920 dum
779 2884 944 2921 resolvit.

1167 281 1234 318 30.
1266 279 1296 317 O
1328 282 1438 324 pater
1470 277 1721 323 sanctissime,

1321 335 1414 371 Plus
1444 346 1554 381 quam
1585 339 1626 371 tu
1653 335 1807 373 valebat

1267 391 1383 429 Soror
1412 391 1479 428 illo
1510 395 1694 437 tempore,

1325 447 1486 484 Imbrem
1520 448 1606 485 dum
1638 448 1814 486 trahebat

1267 504 1325 541 De
1358 504 1461 540 caelo
1493 504 1614 540 oratio

1322 560 1439 606 Eius3
1472 559 1526 606 fit,
1559 561 1659 607 quod
1691 561 1807 607 cupit,

1268 617 1365 653 Nam
1392 628 1477 653 mox
1508 616 1705 654 inundatio

1327 673 1482 710 Pluviae
1514 673 1652 719 erupit.

1168 833 1234 870 31.
1270 833 1359 869 Post
1390 832 1460 868 hoc
1493 831 1554 868 die
1585 831 1699 868 tertia

1325 890 1369 926 In
1402 888 1498 925 cella
1529 889 1614 925 dum
1648 886 1766 937 fuisti,

1268 945 1435 982 Elevans
1466 945 1505 982 in
1536 956 1626 982 aera

1327 1002 1464 1038 Oculos
1495 1002 1626 1038 vidisti

1270 1058 1447 1094 Animam
1478 1059 1740 1096 sanctissimae

1329 1114 1478 1151 Sororis
1513 1115 1591 1151 Deo
1623 1126 1734 1153 carae

1273 1171 1316 1207 In
1349 1171 1544 1208 columbae
1575 1173 1702 1218 specie

1329 1228 1463 1266 Caelos
1492 1233 1707 1274 penetrare.

1177 1387 1242 1424 32.
1278 1385 1416 1422 Vidisti
1447 1385 1494 1423 ab
1526 1387 1670 1433 angelis

1330 1443 1506 1480 Animam
1538 1443 1717 1481 Germani

1244 1502 1246 1504 ’
1275 1497 1428 1536 Deferri
1459 1500 1642 1537 antistitis

1330 1556 1373 1592 In
1407 1556 1550 1593 caelum
1581 1556 1772 1606 Capuani3

1275 1612 1408 1649 Testes
1439 1613 1548 1649 huius
1579 1613 1742 1651 tribuam

1332 1669 1541 1706 Diaconum
1573 1669 1821 1717 Servandum,

1277 1725 1543 1772 Theopropum
1577 1726 1702 1773 etiam,

1335 1783 1486 1820 Patrem
1518 1784 1788 1822 venerandum.

1179 1942 1244 1981 33.
1277 1941 1383 1978 Inter
1412 1945 1468 1978 tot
1499 1942 1691 1992 miracula,

1335 1998 1461 2043 Pater,
1493 1999 1555 2045 qui
1587 1998 1771 2044 cIarebas,

1279 2054 1354 2092 Per
1385 2054 1580 2092 doctrinae
1611 2055 1738 2093 studia

1336 2111 1463 2148 Etiam
1495 2111 1679 2162 fulgebas,

1280 2168 1386 2216 Quod
1418 2169 1455 2204 in
1487 2176 1619 2206 sancta
1649 2169 1779 2215 regula

1338 2225 1463 2262 Satius
1495 2225 1726 2274 praetendis,

1281 2283 1324 2319 In
1355 2293 1440 2329 qua,
1473 2286 1536 2319 tua
1567 2293 1684 2329 opera

1338 2339 1487 2384 Quanta
1517 2339 1605 2386 sint,
1637 2338 1818 2377 ostendis.

1188 2488 1254 2526 34.
1287 2486 1358 2524 Tui
1389 2486 1540 2532 quando
1571 2485 1696 2523 obitus

1340 2543 1451 2580 Diem
1483 2542 1733 2589 prophetasti,

1285 2599 1435 2637 Erectis
1466 2610 1612 2636 sursum
1645 2598 1818 2636 manibus

1343 2655 1525 2702 Spiritum
1557 2654 1710 2703 efflasti,

1288 2712 1359 2750 Via
1390 2716 1509 2749 strata
1540 2712 1654 2758 pallis

1343 2770 1387 2807 In
1417 2769 1561 2805 caelum
1592 2778 1710 2815 usque
1740 2767 1899 2805 tendens

1285 2826 1316 2863 T
1321 2836 1340 2862 e
1372 2826 1435 2862 dat
1468 2825 1562 2861 caeli
1593 2824 1753 2872 gaudiis⁷

1345 2881 1602 2928 Lampadibus
1634 2880 1894 2927 resplendens.
