1914 3223
91 2204 156 2244 10.

91 2475 154 2515 11.

94 2733 156 2774 12.

703 190 1009 230 —483—

142 335 151 345 .
183 306 297 352 Spem
328 310 469 342 certam
502 305 602 341 vitae
633 303 798 341 caelicae

181 362 373 400 Manentis
404 365 442 398 et
473 364 679 407 perpetuae

181 418 398 465 Resurgens
428 417 537 454 nobis
567 416 737 464 contulit,

181 476 286 522 Quae
318 475 383 512 diu
413 475 535 512 latens
567 473 727 511 exstitit.

143 604 150 612 .
183 576 325 614 Christi
355 586 441 613 nam
472 575 700 612 resurrectio

181 633 322 670 Nostra
353 632 473 669 scitur
504 631 721 680 provectio,

181 690 370 737 Quotquot
398 689 438 726 in
465 688 586 736 ipsum
609 687 812 737 credimus,

184 746 275 784 Cum
305 747 390 792 ipso
421 745 709 784 resurreximus,

141 878 148 886 .
181 850 223 886 In
256 848 340 895 ipso
370 857 498 884 sumus
529 846 667 893 singuli

182 904 291 942 Facti
322 902 630 951 superditissimi,

183 962 278 1000 Sunt
308 971 377 998 sua
407 969 578 1008 quaeque
610 959 769 1007 propria

180 1017 302 1055 Nobis
333 1016 435 1054 facta
466 1015 699 1053 communia:

142 1152 148 1158 .
182 1119 360 1167 Claritas,
392 1120 643 1166 perpetuitas,

181 1176 301 1213 Beata
331 1175 607 1218 immortalitas.

180 1232 341 1279 Gaudia,
373 1243 460 1279 pax,
494 1232 655 1269 deliciae

180 1289 241 1327 Ex
272 1289 352 1326 eius
383 1289 491 1326 nobis
523 1299 691 1328 munere.

182 1391 326 1428 Horum
358 1390 422 1437 pia
452 1390 634 1427 memoria

182 1447 254 1485 Die
285 1446 349 1485 fiat
383 1446 584 1495 dominica,

181 1504 240 1541 Ne
271 1514 488 1541 maneamus
517 1503 640 1552 inscii,

183 1560 260 1598 Cur
291 1561 372 1598 dies
404 1559 528 1597 fertur
557 1559 723 1599 Domini.

141 1692 149 1701 .
183 1662 265 1700 Hac
297 1662 358 1700 die
387 1673 545 1709 surgens
576 1662 760 1700 Dominus

184 1719 269 1756 Non
301 1719 485 1756 morietur
514 1719 690 1765 amplius,

185 1776 292 1822 Quod
324 1776 362 1812 in
392 1776 477 1822 ipso
508 1776 676 1823 realiter,

184 1833 230 1871 In
259 1832 368 1869 nobis
399 1832 448 1869 sit
478 1832 707 1872 mentaliter.

185 1934 268 1972 Hac
300 1934 361 1971 die
391 1934 620 1972 resurrectio

181 1993 216 2028 A
247 1991 379 2038 quovis
409 1990 476 2028 fiat
509 1992 613 2040 vitio,

183 2047 242 2084 Ne
271 2058 342 2094 per
372 2057 593 2084 consensum
624 2047 747 2086 libera

184 2104 284 2142 Huic
314 2104 534 2141 succumbat
561 2105 700 2143 anima.

186 2205 343 2243 Recolat
374 2210 461 2243 ante
492 2207 616 2244 omnia

187 2261 278 2299 Pius
310 2262 371 2299 die
403 2263 592 2300 dominica

185 2317 322 2355 Decem
354 2324 561 2370 praecepta
591 2319 744 2357 Domini

182 2375 450 2423 Articulosque
480 2375 583 2415 fidei.

187 2476 354 2515 Renovet
386 2481 424 2514 et
453 2479 657 2516 memoriae

184 2531 427 2572 Sacramenta
457 2535 640 2572 ecclesiae

185 2588 278 2627 Cum
309 2590 496 2628 similibus
529 2591 666 2628 ceteris

184 2644 295 2683 Fidei
324 2648 562 2687 necessariis,

186 2734 354 2773 Maxime
383 2747 483 2774 nunc
513 2748 618 2775 mens
649 2741 794 2787 caveat,

188 2791 246 2828 Ne
275 2793 403 2840 lingua
433 2793 570 2831 festum
600 2795 760 2842 polluat,

186 2847 388 2887 Offendens
418 2851 548 2898 lingua
577 2852 730 2898 gravius

185 2903 301 2949 Quam
331 2917 506 2944 manuum
537 2907 729 2954 operibus,

904 305 967 343 13.

903 574 967 614 14.

903 846 966 886 15.

907 1118 972 1156 16.

906 1389 971 1428 17.

905 1662 970 1702 18.

906 1934 971 1975 19.

906 2207 974 2248 20.

903 2478 971 2518 21.

905 2739 972 2778 22.

1001 304 1222 341 Instandum
1255 304 1328 341 iam
1360 304 1522 340 alacrius

998 361 1078 403 Pjis
1110 360 1270 407 actibus,
1303 360 1491 407 precibus,

998 417 1157 454 Devotis
1189 417 1382 454 exercitiis

999 473 1225 520 Sanctisque
1257 473 1473 512 desideriis.

1001 574 1162 613 Studeat
1192 575 1266 611 iam
1299 574 1505 621 praecipue

1000 631 1069 668 Pia
1100 641 1204 667 mens
1237 631 1476 677 requiescere

1000 687 1225 733 Tranquilla
1257 687 1490 724 conscientia

999 744 1043 781 In
1074 743 1169 791 Deo,
1202 744 1264 790 qui
1297 749 1354 780 est
1384 744 1522 783 omnia.

1000 846 1245 892 occupetque
1276 855 1321 882 ex
1353 845 1500 893 integro

983 902 1169 939 -Mentem
1201 901 1272 938 Dei
1306 902 1474 952 dilectio,

999 958 1051 997 Ut
1083 969 1188 995 mens
1221 959 1313 996 haec
1343 959 1539 997 sensibilia

1000 1015 1086 1052 Non
1119 1015 1259 1052 sentiat
1290 1019 1330 1052 ut
1361 1020 1521 1056 mortua.

1004 1119 1154 1163 Penset‚
1183 1117 1273 1164 quid
1296 1117 1356 1166 sit,
1382 1128 1454 1164 quo
1478 1117 1636 1168 venerit,

1004 1174 1081 1212 Ubi
1113 1175 1173 1220 sit,
1207 1184 1274 1210 cur
1304 1180 1433 1211 creata
1463 1174 1524 1221 sit,

1005 1232 1190 1278 Quorsum
1222 1230 1295 1267 erit
1326 1235 1363 1267 et
1394 1231 1539 1268 reditus

1006 1288 1115 1325 Votis
1147 1288 1292 1324 cunctis
1324 1292 1361 1324 et
1391 1287 1552 1328 actibus.

1002 1389 1063 1426 Ex
1094 1388 1176 1426 Deo
1206 1388 1245 1426 in
1272 1389 1457 1436 miserias,

1001 1445 1105 1482 Luce
1136 1445 1240 1483 venit
1269 1446 1307 1482 in
1338 1445 1528 1492 tenebras,

1001 1503 1105 1549 Quae
1136 1502 1186 1539 ad
1216 1502 1288 1539 Dei
1319 1502 1521 1549 imaginem

1001 1560 1122 1597 Facta
1154 1562 1192 1596 et
1222 1559 1521 1599 similitudinem.

1003 1661 1102 1699 Illuc
1130 1661 1180 1698 sit
1211 1661 1290 1698 eius
1321 1660 1480 1708 reditus,

1003 1718 1118 1758 Unde
1148 1718 1267 1764 ipsius
1298 1718 1433 1766 exitus,

1003 1775 1124 1812 Beata
1154 1775 1217 1820 sit,
1250 1785 1324 1812 non
1355 1774 1506 1820 misera,

1003 1831 1152 1869 Lucida
1182 1831 1243 1881 sit,
1276 1842 1351 1868 non
1382 1830 1526 1869 nubila.

1004 1934 1246 1972 Recordetur
1276 1933 1434 1980 originis

1003 1991 1102 2028 Suae
1133 1990 1279 2037 primae
1311 1989 1557 2038 praenobilis,

1004 2049 1059 2087 Ut
1089 2058 1130 2084 se
1161 2047 1305 2094 pudeat
1335 2046 1474 2083 vilibus

1001 2104 1190 2151 Occupari
1219 2103 1480 2142 terrestribus,

1007 2206 1200 2253 Spiritalis
1231 2206 1387 2253 origine,

1005 2263 1145 2300 Divina
1175 2268 1233 2299 est
1264 2268 1301 2299 et
1330 2273 1478 2311 genere,

1004 2320 1172 2357 Factura
1201 2319 1436 2356 nobilissima

1004 2377 1313 2424 Angelorumque
1344 2376 1459 2413 socia.

1002 2478 1126 2515 Homo
1166 2488 1278 2524 quam
1309 2477 1358 2514 sit
1388 2476 1639 2526 praenobilis,

1004 2534 1160 2572 Statura
1190 2538 1376 2571 monstrat
1406 2535 1590 2581 corporis,

1003 2591 1074 2637 Qui
1106 2594 1232 2627 rectus
1263 2595 1345 2627 suet
1376 2590 1556 2627 incedere

1003 2648 1144 2685 Erecto
1176 2658 1325 2684 sursum
1357 2647 1495 2693 capite.

1006 2738 1079 2775 Est
1109 2738 1233 2774 lumen
1264 2737 1389 2774 vultus
1422 2737 1574 2774 Domini

1003 2795 1078 2832 Suo
1111 2795 1338 2840 impressum
1371 2794 1502 2842 vultui,

1000 2851 1144 2888 Mentis
1176 2855 1217 2887 ut
1248 2851 1297 2887 sit
1327 2849 1473 2897 effigies

999 2908 1097 2945 Viva
1126 2907 1287 2945 hominis
1318 2906 1448 2945 facies.

1357 2971 1430 3005 31*
