1914 3223
357 509 390 545 1.

355 786 377 822 KQ

356 1063 378 1100 02

680 189 734 196 —
793 168 875 207 :323
937 190 986 196 —-

444 334 526 370 250.
563 334 622 375 (3.)
657 335 803 370 Versus
830 329 949 379 super·
975 335 1230 379 Evangelium

517 406 639 446 „Cum
674 409 803 436 natus
838 408 960 436 esset
992 403 1150 436 Iesus“.

441 507 530 545 Cum
564 518 659 554 puer
690 508 794 544 Iesus
824 508 966 544 deitate
984 508 1130 554 'plenus

439 564 661 601 Bethlehem
696 565 789 602 Iuda
823 565 1014 610 genetrice
1046 576 1190 602 summa

438 620 577 657 Editus
608 621 701 657 mire
731 620 800 657 sub
832 620 984 658 Herode
1016 631 1103 667 rege

555 677 703 714 Viseret
734 676 878 724 orbem,

384 814 393 823 .
439 784 530 821 Mox
562 795 693 821 recens
724 784 837 821 stella
870 783 981 821 simul
1013 789 1069 820 est
1098 785 1243 833 oborta,

438 841 555 887 Quam
585 841 684 888 magi
714 840 867 888 quidam
895 840 1040 877 oriente
1071 842 1189 879 visam

440 897 571 944 Usque
603 898 766 944 regalem
799 897 1027 934 comitantur
1057 899 1189 935 urbem

554 954 596 991 In
628 954 880 993 Hierusalem.

387 1094 394 1101 .
441 1061 490 1098 Et
523 1062 759 1108 requirentes
791 1062 885 1099 inibi
917 1065 1110 1099 manentes

442 1119 618 1165 Inquiunt
649 1119 746 1159 illis:
779 1120 961 1157 Reserate
992 1118 1112 1168 nobis,

440 1175 521 1220 Quo
551 1175 602 1211 sit
631 1175 693 1212 hic
724 1182 833 1213 natus
862 1176 974 1213 modo
1007 1179 1083 1212 tam
1115 1176 1298 1223 probatus

556 1231 638 1269 Rex
670 1232 945 1271 Hebraeorum.

443 1339 615 1376 Vidimus
646 1350 794 1386 mempe
824 1350 940 1388 super
970 1339 1042 1376 hoc
1070 1343 1225 1386 potente

440 1395 586 1434 Sideris
617 1397 702 1433 miri
735 1396 862 1434 radios
894 1396 1001 1445 oriri,

441 1453 553 1490 Hunc
584 1457 622 1489 ut
654 1463 815 1499 oremus⁷
847 1453 934 1490 ideo
965 1453 1135 1490 venimus

556 1509 732 1546 Partibus
763 1510 857 1548 istis,

391 1650 399 1657 .
446 1617 566 1654 Audit
599 1617 692 1654 haec
722 1624 888 1655 maestus
919 1618 1072 1654 nimium
1105 1618 1287 1656 scelestus

443 1675 570 1720 Atque
602 1684 682 1710 cum
716 1674 804 1711 totis
838 1675 1142 1720 Hierosolymitis

443 1731 593 1768 Anxius
626 1741 715 1767 cura
747 1731 895 1778 capitur
927 1732 1058 1769 dolosa

556 1787 686 1824 Hostis
717 1788 902 1826 Herodes,

444 1895 496 1932 Et
526 1906 665 1932 vocans
697 1900 850 1932 cunctos
881 1896 1011 1942 populi
1042 1895 1242 1942 magistros

445 1952 734 1999 Sciscitabatur,
767 1952 858 1999 quid
890 1953 938 1989 ad
970 1953 1064 1990 haec
1094 1956 1240 1999 agatur,

444 2009 558 2047 Unde
589 2009 639 2045 sit
669 2009 854 2057 Christus,
887 2009 952 2046 ubi
983 2009 1124 2057 quippe
1155 2013 1265 2046 natus

559 2065 791 2102 Inveniatur.

392 2203 400 2212 .
446 2173 500 2211 At
530 2173 704 2220 requisiti
734 2174 788 2211 ita
817 2177 905 2211 sunt
934 2173 1072 2212 locuti:

443 2230 666 2268 Bethlehem
698 2235 863 2268 castrum
891 2230 992 2277 parit
1022 2240 1111 2276 ergo
1140 2229 1346 2274 Christum,

445 2287 582 2333 Sicque
612 2297 746 2324 revera
776 2287 917 2336 legitur
946 2287 1135 2334 propheta

559 2344 660 2381 Hinc
693 2344 899 2382 cecinisse:

446 2446 670 2483 Bethlehem
702 2445 810 2495 Iuda,
843 2445 918 2482 eris
949 2444 1051 2482 haud
1081 2444 1225 2481 minuta

446 2503 551 2540 Inter
580 2501 715 2539 affines
747 2512 945 2549 procerum
979 2501 1164 2550 cohortes,

446 2559 562 2597 Exiet
594 2569 751 2606 namque
782 2570 900 2595 novus
931 2562 1064 2595 auctor
1094 2568 1116 2594 a
1146 2561 1196 2605 te,

563 2615 635 2662 Qui
665 2621 773 2662 regat
802 2626 945 2654 omnes.

449 2718 557 2755 'Pane
587 2717 706 2764 magis
736 2717 813 2754 illis
844 2717 989 2764 pariter
1019 2715 1162 2754 vocatis

449 2774 583 2821 Coepit
616 2774 763 2810 occulte
793 2773 840 2811 ab
873 2774 927 2810 eis
957 2777 1102 2819 notare,

446 2831 606 2878 Quando
638 2830 876 2877 praedictum
906 2829 1017 2866 iubar
1047 2832 1148 2866 esset
1174 2833 1310 2875 ortum,

564 2887 672 2933 Quod
703 2886 775 2924 sibi
808 2885 926 2924 fulsit.

1347 2949 1422 2984 21*
