2031 3289
0 3012 9 3289 Μιυυιιψ
0 2861 9 3004 ...n-uu.
0 2565 8 2843 ——n--a-m
0 2273 9 2554 „nn-»annm
0 2249 4 2261 ν
0 2221 6 2240 u
0 2124 8 2210 --··.-
0 1990 9 2116 -vv——wv

368 330 433 370 85.

368 721 434 760 86.

369 1113 434 1151 87.

370 1499 435 1537 88.

371 1884 436 1922 89.

371 2271 437 2308 90.

372 2656 437 2694 91.

969 207 1162 253 —250
1224 235 1273 242 -ο

467 328 750 376 Incorruptibili

467 386 549 423 Nec
578 386 679 423 ultra
708 383 836 431 fragili

523 443 655 480 Carnis
686 441 772 478 huic
802 440 954 477 vasculo

465 499 549 536 Non
582 498 808 545 dissolubili,

467 555 541 592 Sed
573 565 722 601 semper
751 553 879 591 stabili

523 612 695 658 Iungitur
730 610 891 649 vinculo.

466 720 571 757 Tunc
602 719 718 756 Satan
747 718 903 754 territus

466 775 619 813 Emittit
649 774 805 821 spiritus

524 832 581 869 De
615 831 737 868 caecis
768 830 904 877 caveis,

467 889 566 934 Quos
596 888 701 935 prius
733 891 898 934 ceperat,

468 947 568 991 Quos
599 945 835 992 adligaverat

525 1001 677 1039 Catenis
708 1001 841 1048 igneis,

468 1111 552 1149 Non
585 1109 792 1147 infelicium

469 1168 626 1205 Solvens
657 1166 898 1214 supplicium,

524 1224 599 1263 Sed
629 1228 714 1261 acta
744 1223 917 1270 nequiter

468 1282 523 1321 Ut
552 1292 631 1318 cum
666 1279 886 1327 corporibus

467 1339 519 1375 Et
549 1349 632 1374 cum
663 1337 860 1385 spiritibus

524 1395 647 1432 Luant
677 1394 891 1441 dupliciter.

468 1497 530 1535 Sic
561 1501 597 1533 et
627 1495 827 1544 aethereis,

469 1554 532 1591 Sic
563 1557 599 1590 et
631 1552 807 1590 tartareis

524 1610 730 1647 Exhaustis
763 1609 934 1646 domibus

469 1667 558 1706 Sola
587 1666 799 1708 mirabitur,

469 1723 626 1770 Quando
657 1722 867 1771 replebitur

525 1780 653 1817 Tellus
684 1779 908 1818 hominibus

469 1883 566 1920 Nam
598 1893 643 1919 ex
672 1882 894 1920 innumeriS.

469 1942 566 1987 Quos
597 1944 760 1977 matrum
791 1938 908 1975 uteris

526 1996 726 2034 Paullatim
759 1994 923 2041 fuderat,

468 2053 606 2091 Omnes
636 2053 801 2102 insolito,

470 2110 650 2155 Quoniam
683 2109 820 2154 subito,

524 2167 642 2203 Partu
672 2170 882 2213 regenerat.

469 2270 498 2307 O
531 2280 640 2316 quam
672 2268 853 2305 terribilis

470 2326 519 2363 Et
553 2325 804 2363 formidabilis

525 2383 629 2419 Haec
661 2382 742 2419 dies
773 2382 904 2422 irruet,

473 2440 568 2487 Heu,
597 2439 681 2486 heu,
713 2449 823 2485 quam
854 2437 1031 2487 luridum,

476 2497 571 2543 Heu,
604 2495 686 2541 heu,
720 2506 828 2543 quam
862 2494 1054 2531 turbidum

529 2553 634 2589 Tunc
666 2552 807 2589 vultum
838 2551 989 2588 induet!

471 2655 577 2692 Haec
607 2655 747 2691 luctum
783 2653 944 2702 regibus

471 2713 573 2749 llaec
605 2711 795 2757 planctum
829 2709 1001 2757 gentibus

526 2768 658 2805 Dirum
688 2767 858 2815 incutiet,

471 2826 563 2862 Cum
595 2835 686 2873 prae
719 2824 923 2869 doloribus,

469 2881 610 2918 Mentis
642 2881 844 2928 angoribus

528 2939 690 2984 Quisque
723 2937 884 2975 deficiet.

1179 329 1245 366 92.

1185 718 1250 755 93.

1184 1109 1250 1146 94.

1185 1497 1248 1532 95.

1185 1881 1254 1920 96.

1189 2266 1254 2304 97.

1188 2653 1254 2690 98.

1278 327 1402 366 Caelis
1433 326 1667 375 ardentibus,

1276 383 1405 421 Terris
1437 383 1684 421 trementibus

1335 440 1454 478 Iudex
1483 440 1674 488 adveniet,

1279 497 1394 542 Quem
1425 496 1686 534 admirabilem

1279 554 1405 600 Atque
1435 553 1644 590 terribilem

1336 609 1448 647 Orbis
1480 606 1707 656 conspiciet(

1283 717 1389 753 Tunc
1420 726 1530 753 cruce
1560 716 1717 763 praevia

1281 773 1419 810 Mortis
1449 773 1612 820 insignia

1336 829 1393 866 De
1424 829 1538 867 caelis
1568 827 1730 877 adferet,

1279 886 1337 923 Ea
1367 885 1580 923 volentibus

1279 946 1406 990 Atque
1436 942 1649 979 nolentibus

1335 999 1512 1036 Terrenis
1543 997 1696 1038 inferet.

1284 1107 1442 1145 Videbit
1471 1108 1646 1156 populus,

1281 1164 1330 1201 Et
1361 1165 1480 1202 omnis
1511 1165 1640 1201 oculus

1340 1221 1449 1258 Hunc
1479 1221 1741 1271 admirabitur,

1281 1278 1332 1315 Et
1362 1278 1425 1325 qui
1456 1277 1674 1315 crediderat

1281 1336 1332 1372 Et
1360 1335 1423 1382 qui
1454 1335 1651 1383 deriserat,

1337 1392 1448 1428 Hunc
1478 1390 1813 1438 contemplabitur.

1282 1494 1434 1540 Iudaee‚
1467 1494 1626 1541 respice,

1282 1551 1352 1596 En,
1388 1551 1502 1599 Iesus,
1538 1550 1690 1597 despice

1338 1608 1453 1651 Quem
1484 1607 1572 1644 olim
1604 1617 1816 1653 spreveras,

1280 1664 1353 1707 En,
1387 1664 1456 1700 tibi
1487 1663 1656 1710 cognitus

1283 1721 1332 1757 Et
1363 1721 1552 1767 quondam
1583 1719 1758 1757 subditus

1338 1778 1473 1827 Homo,
1505 1787 1614 1824 quem
1646 1777 1809 1816 videras,

1285 1879 1356 1923 En,
1389 1883 1525 1916 cuncta
1553 1883 1753 1928 temperat,

1283 1936 1355 1982 En,
1389 1936 1502 1973 caelis
1533 1935 1711 1986 imperat,

1338 1994 1455 2040 Quem
1486 1991 1831 2039 blasphemaveras,

1284 2049 1512 2086 Cunctorum
1543 2050 1687 2096 pariter

1285 2105 1393 2143 Nunc
1427 2107 1535 2144 sedet
1565 2105 1721 2151 arbiter,

1339 2165 1455 2209 Quem
1486 2162 1739 2201 crucifixeras,

1286 2266 1427 2314 Regem
1459 2265 1675 2302 caelestium

1285 2325 1411 2369 Atque
1440 2322 1676 2359 terrestrium

1342 2381 1463 2417 Iesum
1496 2378 1705 2425 considera,

1287 2435 1399 2473 Cuius
1435 2435 1644 2484 imperium⁷

1288 2493 1401 2531 Cuius
1430 2493 1608 2530 iudicium

1345 2550 1582 2587 Tremiscunt
1612 2549 1779 2586 aethera.

1287 2653 1421 2691 Credis
1451 2651 1576 2689 adhuc
1605 2651 1739 2698 Deum,

1286 2710 1376 2746 Cum
1407 2709 1458 2745 sis
1488 2709 1561 2745 iam
1593 2718 1661 2754 per
1691 2717 1773 2744 eum

1341 2765 1566 2802 Tradendus
1596 2763 1744 2814 inferis,

1286 2824 1316 2859 A
1349 2833 1421 2869 quo
1452 2822 1523 2858 iam
1556 2819 1728 2858 flammea

1285 2878 1481 2915 clauderis
1512 2888 1626 2915 cavea

1339 2935 1566 2974 Coniunctus
1597 2933 1773 2971 miseris?
