1914 3223
743 170 798 178 —-—
858 146 934 191 187

123 273 162 310 5.
194 268 366 308 Terror-is
395 277 438 305 ac
469 265 639 313 caliginis

252 326 334 363 Illic
365 324 477 373 plena
506 327 590 359 sunt
622 321 757 366 omnia,

195 385 311 421 Curat
341 381 400 418 hic
431 391 475 417 ex
507 378 717 427 contrariis,

254 438 460 477 paraclitus
491 435 691 474 contraria.

307 495 457 532 Summa
486 504 628 530 summo
657 491 733 538 regi

363 552 442 590 Deo
471 549 519 587 sit.
549 548 680 596 gloria²

306 607 419 645 Cuius
451 610 584 643 cuncta

364 663 568 701 subsistunt
601 662 733 714 gratia,

306 721 363 758 Ex
394 731 476 769 quo,
511 730 578 767 per
608 729 729 765 quem,

363 777 398 814 iu
430 787 502 823 quo
531 781 614 812 sunt
647 774 782 812 omnia.

934 267 969 302 (3.
1003 264 1139 300 Omnes
1170 261 1295 300 aufert
1326 261 1516 298 molestias

1059 320 1198 357 Divina
1229 319 1447 363 consolatio,

1003 377 1137 416 cordis
1169 367 1297 413 exarat
1331 376 1490 419 tabulas,

1063 434 1113 472 Ut
1144 438 1342 480 reparetur
1374 432 1482 469 ratio.

1119 490 1268 527 Summa
1299 500 1442 526 summo
1472 489 1551 536 regi

1160 547 1239 584 Deo
1270 547 1317 583 sit
1348 545 1479 593 gloria,

1118 604 1231 641 Cuius
1263 608 1398 639 cuncta

1172 660 1378 696 subsistunt
1411 659 1545 708 gratia,

1106 717 1161 753 lssx
1193 728 1277 763 quo,
1311 727 1379 764 per
1409 727 1529 765 quem,

1175 774 1211 810 in
1243 784 1315 820 quo
1347 778 1433 810 sunt
1463 774 1599 812 omnia.

494 868 530 904 7.
562 865 828 913 Apostolorum
861 864 1048 912 precibus,

618 923 716 969 Quos
748 922 817 958 hae
848 922 886 958 in
919 922 979 958 dio
1011 932 1220 968 consecras,

565 980 689 1017 Isdem
721 989 787 1015 nos
819 977 1108 1015 charismatibus

622 1035 822 1084 Consu-ma,
855 1046 947 1082 quos
980 1045 1190 1081 regeneras

676 1092 826 1130 Summa
857 1101 999 1128 summo
1030 1091 1108 1138 regi

733 1149 812 1186 Deo
843 1149 889 1185 sit
922 1148 1055 1198 gloria,

675 1206 787 1244 Cuius
820 1210 953 1242 cuncta

731 1262 940 1299 subsistunt
969 1261 1102 1308 gratia,

678 1318 734 1355 Ex
766 1329 849 1367 quo,
882 1329 951 1365 per
978 1329 1100 1365 quem,

731 1376 767 1411 in
799 1386 872 1422 quo
902 1379 988 1411 sunt
1017 1374 1152 1413 omnia.

217 1468 243 1498 B
275 1466 332 1498 fol.
358 1463 442 1497 901).
471 1483 511 1486 —
538 1467 564 1494 t)
590 1464 647 1497 fol.
676 1462 781 1496 1021).
806 1482 849 1486 --
874 1464 912 1503 4,
942 1463 956 1495 1
983 1465 1113 1496 Tamus
1141 1466 1177 1495 C.
1203 1482 1246 1485 —
1270 1462 1309 1499 4,
1335 1461 1356 1493 3
1381 1473 1432 1504 sq.
1459 1462 1679 1505 Splendentis

127 1514 160 1543 in
186 1513 333 1553 speciem
360 1512 449 1553 ignis
474 1511 566 1542 clarc
593 1512 629 1541 B.
656 1528 698 1531 —
725 1509 755 1549 7,
786 1509 798 1541 l
825 1520 899 1552 sqq.
927 1510 1041 1541 fohlon
1067 1511 1105 1540 Β.

675 1665 745 1701 182.
781 1666 861 1707 (72.)
897 1665 948 1701 Ad
973 1664 1127 1702 Laudes.

131 1763 165 1800 1.
198 1761 462 1808 Apostolorum
494 1766 647 1808 pectora

252 1817 410 1854 Divinus
442 1818 591 1864 replens
619 1818 774 1864 spiritus

197 1874 320 1912 Corda
350 1875 445 1911 ditat
475 1874 673 1920 sententia,

254 1931 416 1977 Linguas
445 1931 602 1978 loquelis
633 1931 815 1968 omnibus.

307 1987 456 2024 Summa
486 1998 628 2024 summo
660 1988 736 2034 regi

363 2045 443 2082 Deo
473 2045 521 2081 sit
553 2045 684 2091 gloria,

307 2100 418 2138 Cuius
450 2106 584 2138 cuneta

360 2157 569 2195 subsistunt
598 2158 730 2205 gratia,

307 2214 365 2251 Ex
396 2225 479 2263 quo,
513 2225 581 2261 per
610 2226 730 2261 quem,

362 2271 400 2307 in
431 2282 502 2317 quo
532 2276 617 2308 sunt
647 2273 781 2310 omnia.

131 2363 164 2398 2.
198 2360 247 2399 Ut
279 2361 460 2408 superbos
492 2362 723 2409 disperserat

253 2417 422 2464 Linguae
448 2420 636 2465 quondam
670 2420 817 2466 divisio,

195 2473 256 2511 Sic
288 2474 443 2511 humiles
478 2486 575 2512 nunc
602 2483 777 2523 aggregat

252 2530 493 2567 Diversarum
526 2532 707 2569 collectio.

306 2587 455 2624 Summa
486 2599 629 2624 summo
660 2590 737 2636 regi

364 2644 440 2680 Deo
471 2644 520 2681 sit
549 2645 680 2691 gloria,

304 2701 418 2737 t'uius
451 2706 584 2738 cuncta

361 2757 569 2794 subsistunt
600 2758 732 2804 gratia,

305 2813 361 2850 Ex
393 2824 477 2860 quo.
512 2824 579 2861 per
608 2825 731 2861 quem,

360 2871 396 2906 in
429 2882 500 2917 quo
530 2877 615 2908 sunt
645 2872 783 2910 omnia.

937 1762 974 1798 53.
1011 1760 1174 1797 Laudari
1205 1759 1341 1808 linguis
1373 1759 1544 1796 omnibus

1060 1817 1109 1854 Et
1141 1816 1355 1863 praedicari
1388 1817 1516 1852 debuit
1569 1851 1580 1857 ,

1007 1874 1048 1910 ln
1080 1874 1223 1910 cunctis
1255 1874 1384 1910 mundi
1415 1873 1600 1921 partibuS‚

1063 1931 1132 1977 Qui
1154 1931 1234 1977 has,
1258 1931 1321 1977 qui
1338 1934 1472 1967 cuncta,
1494 1930 1675 1968 condidit.

1119 1987 1270 2024 Summa
1300 1998 1444 2024 summo
1472 1987 1551 2034 regi

1174 2044 1254 2080 Deo
1285 2044 1332 2080 sit
1364 2044 1498 2092 gloria,

1118 2101 1230 2139 Cuius
1263 2105 1396 2136 cuncta

1173 2157 1381 2194 subsistunt
1412 2158 1546 2206 gratia,

1117 2214 1175 2251 Ex
1205 2225 1288 2263 quo,
1321 2225 1389 2260 per
1418 2225 1541 2262 quem,

1172 2271 1210 2307 in
1241 2282 1313 2317 quo
1345 2276 1430 2308 sunt
1460 2271 1596 2309 omnia.

937 2365 974 2399 4.
1009 2362 1121 2399 Ioelis
1152 2362 1404 2398 testimonium

1065 2418 1299 2466 Completum
1332 2429 1413 2454 esse
1444 2418 1626 2464 novimus,

1009 2476 1142 2512 Petrus
1175 2475 1481 2511 calumniantium

1060 2533 1166 2578 Quod
1199 2531 1354 2578 opponit
1387 2531 1600 2570 latratibus,

1119 2590 1268 2625 Summa
1300 2600 1443 2624 summo
1475 2589 1553 2636 regi

1175 2645 1252 2682 Deo
1284 2645 1331 2681 sit
1361 2646 1493 2691 gloria,

1120 2702 1234 2739 Cuius
1267 2707 1401 2738 cuncta

1176 2759 1382 2794 subsistunt
1415 2758 1549 2804 gratia⁷

1121 2815 1175 2852 Ex
1209 2826 1294 2861 quo,
1327 2826 1395 2861 por
1425 2825 1546 2861 quem,

1176 2873 1214 2909 in
1245 2883 1317 2918 quo
1347 2877 1433 2909 sunt
1463 2872 1600 2911 omnia.
