1914 3223
55 343 58 346 .
85 305 159 343 6a.
202 304 318 342 Vultu
350 308 437 341 sunt
467 304 616 341 leonino

198 361 247 398 ad
279 361 532 398 resistendum

198 416 351 455 fortiter
383 418 557 460 diabolo;

86 521 154 559 78.
195 576 404 624 quadrigae

195 636 283 670 tuae
313 633 486 683 salvatio,

86 736 153 773 83.⁴
201 734 346 782 Auriga
376 735 431 771 tui
463 745 594 772 currus

196 801 310 838 super
340 791 408 828 hos
437 801 552 838 equos

196 848 396 895 scandens,
428 848 602 897 Domine,

198 950 253 989 Ut
282 949 454 987 subvecti

196 1006 268 1044 hoc
298 1006 336 1043 in
367 1017 479 1043 curru

199 1063 316 1100 maris
348 1063 395 1100 de
425 1064 590 1101 tumultu

199 1124 349 1167 portum
381 1125 588 1167 perpetuae

200 1177 460 1224 contingamus
490 1177 650 1224 patriae.

85 951 156 990 92..

197 519 261 557 Sic
291 524 379 557 sunt
409 520 520 569 enim,
553 519 718 569 Christe,

826 190 908 230 369
968 212 1019 218 —-

896 275 926 343 '6
940 301 976 343 b.

1017 304 1194 350 Aquilam
1226 309 1314 340 tune
1345 303 1575 353 exprimunt,

1016 361 1054 397 in
1087 371 1216 397 verum
1249 360 1365 397 solem

1014 417 1133 464 figunt
1166 421 1207 454 ut
1240 417 1431 456 intuitum.

907 519 979 557 7b.
1021 519 1243 565 Quadrifida
1276 529 1387 556 cruce

904 735 975 775 8b.

900 950 974 990 eb.

1018 587 1127 622 quam
1160 580 1265 613 rotae

1019 633 1110 669 dant
1141 633 1394 679 evangelicae.

1020 735 1128 772 Viam
1159 733 1220 771 fac
1252 735 1356 782 equis
1389 735 1462 771 tuis

1017 792 1054 828 in
1087 792 1165 829 luto
1196 792 1313 828 multo

1018 848 1138 885 nostri
1168 849 1345 894 pectoris.

1015 949 1093 989 Ubi
1124 954 1289 996 sanctus,

1013 1010 1178 1052 sanctus,
1210 1011 1362 1043 sanctus

1013 1067 1102 1101 nato
1132 1063 1248 1100 maris
1279 1063 1413 1101 stellae

1014 1120 1084 1157 tibi
1116 1120 1318 1157 clamemus

1014 1177 1073 1214 his
1104 1187 1186 1214 oum
1216 1176 1455 1215 animalibuS.

531 1281 596 1319 10.
641 1280 806 1326 Quorum
837 1280 887 1317 sit
916 1280 1025 1317 nobis

644 1337 838 1374 oculorum
869 1336 1073 1374 multitudo

641 1393 762 1431 bonae
791 1394 893 1431 vitae
923 1393 1222 1440 circumspectio.

174 1505 278 1538 Grad.
312 1516 375 1537 ms.
411 1506 669 1546 Secoviense(?)
700 1516 789 1538 saec.
818 1505 867 1538 12.
920 1506 1001 1538 Cod.
1027 1505 1270 1537 Vindobonen.
1300 1501 1424 1535 13314.
1451 1503 1528 1534 add.
1554 1512 1647 1534 saec.

86 1548 137 1582 12.
164 1551 203 1582 A.
223 1568 265 1572 —-
284 1550 447 1593 Sequent.
474 1562 535 1582 ms.
554 1552 764 1584 Seeoviense
789 1562 879 1584 saec.
907 1550 958 1584 12.
1001 1551 1083 1584 Cod.
1111 1550 1276 1583 Graeeen.
1305 1547 1402 1581 1584.
1428 1549 1465 1579 B.
1483 1565 1527 1569 —
1544 1549 1643 1579 Miss.

82 1607 146 1628 ms.
164 1595 372 1628 Secoviense
397 1607 487 1628 saec.
515 1594 566 1628 12.
592 1608 644 1629 ex.
678 1597 762 1630 Cod.
779 1598 947 1631 Graecen.
970 1595 1038 1629 479
1067 1597 1104 1629 O.
1123 1614 1164 1618 —
1183 1595 1286 1627 Grad.
1305 1606 1367 1626 ms.
1386 1594 1641 1627 Ottoburanum

83 1651 173 1674 saec.
202 1639 253 1674 12.
294 1642 379 1673 Clm.
405 1643 587 1674 Monacen.
613 1640 740 1675 27130.
760 1644 804 1675 D.
822 1660 865 1665 -—
883 1644 1011 1685 Hymn.
1038 1646 1072 1675 et
1089 1643 1252 1684 Sequent.
1278 1651 1339 1672 ms.
1358 1640 1640 1671 Emmeramense

82 1697 171 1719 saec.
201 1685 251 1719 15.
302 1687 389 1720 Clm.
415 1689 596 1720 Monacen.
624 1686 666 1720 14
677 1686 752 1721 667.
778 1689 820 1720 E.
844 1707 889 1712 -—

174 1731 241 1771 2a,
275 1730 296 1764 3
322 1733 508 1775 loquentur
531 1735 578 1773 133
609 1734 766 1776 loquitur
790 1736 833 1766 D.
857 1753 903 1758 —
927 1733 978 1766 33
1003 1734 1073 1766 und
1098 1735 1120 1766 b
1145 1731 1344 1775 umgestellt
1368 1730 1435 1762 BC.
1464 1747 1506 1752 —
1530 1726 1596 1767 31),
1623 1726 1644 1760 3

83 1782 242 1810 eructans
276 1779 345 1810 AB.
370 1796 416 1800 —-
439 1777 507 1818 5b,
540 1777 562 1811 3
588 1781 625 1811 in
650 1789 711 1811 ara
735 1781 848 1811 crucis
873 1781 918 1813 D.
942 1797 987 1802 —-
1012 1778 1078 1820 Ta,
1114 1778 1129 1812 1
1156 1780 1226 1811 Hie
1251 1782 1330 1828 sunt
1356 1777 1424 1807 BC.
1451 1792 1493 1797 —-
1518 1771 1588 1813 8b,
1624 1771 1645 1805 2

83 1825 119 1855 in
145 1824 252 1856 multo
278 1824 351 1856 luto
378 1825 419 1856 D.

153 2978 316 3010 Dreves,
343 2981 546 3009 1,at0inisehe
567 2981 856 3016 Hymnendiehter,
895 2983 938 3010 11.

1392 2982 1435 3017 24
