1914 3223
175 487 228 523 15

177 1050 227 1087 25

176 1333 226 1370 30

178 1616 229 1653 35

175 1900 229 1937 40

170 2185 221 2221 45

174 2466 224 2503 50

172 2749 222 2786 55

713 145 990 186 -77-

278 259 415 298 Mollia
445 269 676 306 purpureum
707 259 866 306 pingunt
900 260 1058 297 violaria
1087 270 1272 306 campum,

338 316 453 352 Prata
483 316 607 352 virent
636 314 774 361 herbiS,
810 316 945 352 emicat
977 316 1094 352 herba
1125 316 1253 354 comis.

280 372 469 411 Paulatim
501 371 660 408 subeunt
694 371 878 408 stillantia
909 372 1051 422 lumina
1081 371 1213 409 florum

338 428 598 475 Arridentque
629 427 748 464 oculis
780 428 949 474 gramina
981 429 1098 465 tincta
1129 429 1218 466 suis.

282 484 431 523 Semine
463 484 636 531 deposito
667 485 811 521 lactans
843 494 949 531 seges
980 484 1088 521 exilit
1118 486 1231 523 arvis,

337 541 534 587 Spoudeus
567 540 755 587 agricolae
787 540 938 577 vincere
968 551 1079 587 posse
1111 541 1259 579 famem.

280 597 446 637 Caudice
479 598 632 634 desecto
663 597 836 634 lacrimat
867 608 934 633 sua
964 598 1103 644 gaudia
1135 598 1290 643 palmes,

336 654 447 692 Unde
478 664 620 690 merum
652 653 806 699 tribuat,
841 653 905 690 dat
935 653 1047 690 modo
1078 654 1165 690 vitis
1197 665 1341 700 aquam.

280 710 430 749 Cortice
463 711 509 747 de
540 710 672 748 matris
703 714 834 746 tenera
863 710 1039 756 lanugine
1069 721 1226 757 surgens

337 767 548 813 Praeparat
579 766 625 804 ad
659 772 808 812 partum
841 767 994 813 turgida
1024 777 1170 813 gemma
1200 768 1333 804 sinum.

278 823 465 869 Tempore
496 823 564 860 sub
596 823 729 859 hiemis
761 822 936 859 foliorum
969 823 1072 859 crine
1103 824 1254 860 revulso

337 881 417 917 Iam
448 884 602 926 reparat
634 879 803 916 viridans
836 878 995 916 frondea
1026 884 1127 916 tecta
1156 890 1300 917 nemus.

277 936 420 983 Myrta,
453 937 564 981 salix,
595 936 712 985 abies,
747 936 909 983 corylus,
942 936 1044 981 siler,
1075 937 1198 973 ulmus
1229 947 1400 984 acernus,

334 992 489 1031 Plaudit
519 1003 689 1039 quaeque
720 993 797 1029 suis
828 992 942 1029 arbor
972 1003 1128 1029 amoena
1159 994 1286 1030 comis.

282 1049 545 1087 Construitura
576 1048 682 1086 favos
714 1060 804 1095 apes
835 1049 922 1086 hinc
952 1050 1119 1087 alvearia
1149 1049 1321 1096 linquens

339 1106 519 1143 Floribus
550 1106 797 1152 instrepitans
829 1106 975 1153 poplite
1004 1106 1118 1143 mella
1148 1107 1261 1152 rapit,

279 1163 341 1200 Ad
372 1167 505 1200 cantus
536 1168 735 1199 revocatur
765 1163 858 1206 aviS,
891 1173 986 1208 quae
1018 1162 1183 1200 carmine
1215 1163 1341 1200 clauso

337 1219 484 1266 Pigrior
515 1219 673 1255 hiberno
705 1218 846 1265 frigore
878 1224 980 1255 muta
1012 1218 1094 1257 fuit.

279 1275 380 1313 Hinc
410 1275 627 1322 philomena
658 1276 734 1312 suis
765 1280 993 1322 attemperat
1024 1287 1165 1322 organa
1194 1276 1336 1325 cannis,

337 1333 475 1379 Fitque
507 1342 729 1378 repercusso
763 1332 910 1369 dulcior
940 1343 1033 1369 aura
1062 1333 1172 1370 melo.

279 1390 393 1435 Ecce,
426 1389 658 1426 renascentis
690 1392 852 1425 testatur
882 1389 1003 1435 gratia
1032 1389 1162 1425 mundi

341 1446 475 1484 Omnia
507 1456 588 1481 cum
622 1445 783 1482 Domino
815 1445 913 1482 dona
944 1445 1090 1482 redisse
1120 1456 1200 1483 suo.

281 1503 457 1549 Namque
488 1502 738 1548 triumphanti
769 1507 856 1547 post
887 1502 1012 1539 tristia
1042 1505 1187 1538 tartara
1218 1501 1369 1540 Christo

337 1559 514 1605 Undique
545 1557 681 1595 fronde
711 1568 854 1605 nemus,
886 1559 1057 1607 gramina
1085 1557 1178 1595 flore
1209 1559 1349 1596 favent.

283 1615 446 1663 Legibus
476 1614 617 1652 inferni
648 1615 842 1661 oppressis
873 1626 988 1661 super
1017 1618 1120 1652 astra
1151 1620 1337 1651 meantem

339 1672 516 1709 Laudant
547 1672 619 1708 rite
648 1671 770 1708 Deum
802 1672 879 1719 lux,
911 1673 1034 1719 polus,
1067 1683 1170 1719 arva,
1203 1670 1355 1710 fretum.

281 1730 350 1776 Qui
384 1727 586 1766 crucifixus
618 1732 711 1773 erat,
744 1728 856 1778 Deus,
891 1739 988 1778 ecce,
1021 1739 1091 1775 per
1120 1729 1245 1765 omnia
1276 1732 1420 1777 regnat,

334 1786 511 1831 Dantque
543 1786 705 1822 creatori
737 1790 872 1822 cuncta
903 1790 1031 1822 creata
1062 1795 1225 1831 precem.

277 1842 404 1888 Salve,
438 1841 535 1878 festa
568 1842 661 1883 dies.
694 1845 773 1878 toto
802 1842 1030 1879 venerabilis
1061 1852 1166 1889 aevo,

338 1900 419 1946 Qua
449 1898 551 1936 Deus
583 1897 773 1935 infernum
804 1899 895 1935 vicit
926 1903 963 1935 et
993 1902 1096 1935 astra
1126 1901 1240 1936 tenet.

275 1955 468 1993 Nobilitas
498 1955 599 2001 anni,
632 1966 801 1991 mensum
833 1956 960 2005 decus,
995 1966 1101 1992 arma
1133 1950 1292 2003 dierum,

332 2012 520 2049 Horarum
553 2012 735 2060 splendor
766 2012 935 2058 scripula
965 2016 1105 2059 puncta
1137 2009 1279 2050 fovent.

279 2069 380 2106 Hinc
409 2068 480 2105 tibi
513 2068 608 2105 silva
639 2069 754 2105 comis
786 2069 947 2115 plaudit,
981 2068 1068 2105 hinc
1099 2079 1253 2116 campus
1284 2067 1424 2115 aristis,

330 2126 431 2162 Hinc
462 2129 587 2172 grates
619 2125 736 2162 tacito
767 2126 923 2171 palmite
955 2125 1042 2162 vitis
1072 2126 1164 2173 agit.

276 2182 315 2220 Si
347 2182 416 2219 tibi
447 2192 546 2218 nunc
576 2181 698 2218 avium
730 2186 910 2219 resonant
941 2182 1107 2228 virgulta
1137 2192 1305 2229 susurro,

332 2239 412 2276 Has
443 2239 543 2275 inter
572 2238 746 2274 minimus
778 2249 911 2284 passer
942 2249 1070 2275 amore
1101 2248 1208 2275 cano.

277 2295 437 2343 Christe,
471 2295 573 2331 salus
604 2305 741 2344 rerum,
776 2295 872 2332 bone
905 2295 1080 2332 conditor
1110 2299 1222 2341 atque
1253 2294 1485 2343 redemptor,

331 2352 452 2390 Unica
483 2352 684 2398 progenies
715 2362 760 2388 ex
793 2351 935 2388 deitate
965 2352 1098 2398 patriS,

276 2408 570 2445 Irrecitabiliter
600 2418 756 2444 manans
789 2409 836 2445 de
867 2408 983 2445 eorde
1012 2407 1194 2454 parentis,

334 2465 500 2503 Verbum
531 2464 739 2501 subsistens
771 2470 807 2501 et
838 2469 1040 2512 penetrare
1070 2469 1218 2511 potens,

274 2522 469 2571 Aequalis,
503 2531 672 2568 concors,
705 2521 828 2557 socius
860 2532 941 2558 cum
973 2525 1083 2568 patre
1114 2530 1288 2568 coaevus,

333 2578 412 2624 Quo
444 2577 605 2625 sumpsit
636 2578 796 2615 mundus
827 2578 1001 2624 principe
1033 2577 1275 2624 principium,

273 2635 442 2673 Aethera
472 2634 684 2682 suspendis,
719 2634 799 2671 sola
830 2634 1015 2681 congeris,
1043 2643 1207 2680 aequora
1238 2631 1378 2679 fundis,

333 2692 510 2738 Quaeque
540 2690 633 2727 locis
664 2690 848 2737 habitant,
881 2701 953 2737 quo
984 2690 1204 2727 moderante
1234 2690 1373 2737 vigent,

272 2748 341 2795 Qui
373 2758 489 2795 genus
521 2747 723 2784 humanum
754 2757 911 2784 cernens
942 2747 1118 2783 mersisse
1147 2745 1350 2795 profundo,

338 2804 391 2843 Ut
419 2804 605 2841 hominem
637 2803 816 2850 eriperes,
848 2813 887 2839 es
918 2813 1064 2850 quoque
1095 2802 1216 2840 factus
1247 2802 1370 2840 homo.

279 2859 360 2897 Nec
390 2860 542 2898 voluisti
574 2860 712 2896 etenim
745 2864 889 2897 tantum
918 2865 955 2896 te
987 2870 1147 2907 corpore
1176 2861 1294 2908 nasci,

336 2916 412 2955 Sed
442 2928 543 2966 caro,
576 2927 672 2963 quae
703 2916 818 2966 nasci,
851 2916 1008 2963 pertulit
1038 2922 1150 2963 atque
1180 2916 1288 2954 mori.
