2031 3289
930 211 1238 252 —344—

312 325 361 364 10
374 337 408 364 a.
449 324 561 363 Cujus
592 326 717 362 claves
1123 325 1173 364 10
1186 324 1223 363 b.
1260 324 1330 370 Qui
1361 324 1410 361 ad
1441 329 1544 360 tuum

451 386 583 419 tenens
614 382 749 418 Petrus
1261 380 1458 426 imperium

449 437 544 475 nulli
574 438 720 485 pandit,
1263 436 1329 474 dat
1359 437 1568 483 ingressum

448 494 520 531 nisi
550 500 653 530 tuum
684 498 810 530 natum
1261 503 1301 530 se
1330 492 1400 529 tibi
1432 493 1566 530 devote

450 549 710 588 adorantibus.
1264 549 1625 588 commendantibus,

312 641 409 678 11a.
449 640 554 677 Inter
583 650 675 685 quos
1126 640 1172 677 11
1189 639 1225 679 b.
1264 639 1357 676 Cum
1389 639 1537 676 dederit

449 699 580 732 noscat
610 706 677 732 nos
1262 695 1411 732 dilectis

449 756 559 788 natus
590 761 636 788 ex
665 754 703 788 te
1263 751 1339 788 suis
1369 762 1551 798 somnum,

449 807 594 854 virgine
1261 819 1330 844 nos
1361 808 1475 844 simus

448 868 597 900 notatos
627 874 716 900 suae
1261 863 1330 900 filii
1357 864 1492 901 mercis

451 920 572 957 crucis
603 925 807 957 caractere.
1259 918 1403 957 fructus
1433 920 1575 957 ventris
1604 919 1672 958 tui.

736 1013 800 1049 12.
845 1011 916 1057 Qui
947 1009 1093 1048 fructus

846 1068 884 1104 in
917 1078 956 1104 se
987 1079 1054 1104 nos
1085 1068 1261 1115 dignetur

850 1124 983 1160 mortis
1014 1124 1053 1161 in
1083 1135 1212 1161 somno
1243 1124 1370 1170 sopire

853 1185 890 1216 et
921 1190 1002 1216 cum
1035 1180 1175 1217 sanctis
1206 1180 1282 1217 suis

853 1237 1093 1275 resuscitare.

404 1327 530 1367 Opusc.
556 1337 618 1358 ms.
642 1326 847 1359 Godescalci
873 1336 962 1358 saec.
990 1324 1041 1357 12.
1068 1328 1114 1358 in.
1163 1326 1244 1358 Cod.
1270 1326 1510 1358 vindobonen.
1538 1323 1614 1357 917.
1642 1325 1676 1355 Α.
1702 1340 1744 1345 —-
1761 1322 1865 1356 Grad.

316 1381 378 1403 ms.
406 1370 663 1411 Secoviense(‘?)
686 1381 775 1403 saec.
804 1369 854 1403 12.
907 1371 988 1403 Cod.
1014 1372 1255 1403 Vindobonen.
1283 1368 1410 1403 133214.
1435 1372 1462 1402 Β
1487 1388 1532 1391 -
1564 1367 1616 1401 2b
1649 1368 1735 1402 fehlt
1757 1369 1798 1400 B.
1821 1384 1866 1390 -—

318 1415 382 1454 41³,
414 1414 435 1447 2
459 1427 559 1459 quem
586 1417 710 1448 deferri
742 1418 778 1448 Β.
810 1434 854 1438 -
887 1416 947 1455 6a,
973 1415 993 1448 5
1025 1418 1061 1448 in
1086 1428 1154 1459 quo
1180 1418 1218 1448 B.
1242 1434 1286 1439 ——
1311 1414 1369 1454 722,
1393 1414 1415 1447 3
1440 1417 1603 1457 competit
1627 1415 1667 1446 B.
1693 1431 1735 1436 -
1759 1411 1819 1449 Sa,
1845 1411 1866 1445 5

316 1463 524 1493 monstravit
547 1463 586 1494 B.
611 1479 656 1483 —-
680 1460 747 1500 9b,
771 1460 793 1493 4
817 1463 916 1494 cuius
941 1473 1032 1494 mors
1057 1463 1094 1494 in
1119 1473 1219 1494 cruce
1243 1463 1282 1494 B.
1307 1479 1350 1483 —
1368 1459 1431 1500 91),
1450 1460 1470 1492 5
1486 1460 1646 1493 fidelibus
1665 1460 1704 1491 Β.
1722 1476 1765 1480 -
1785 1457 1865 1495 lla,

315 1505 335 1538 5
359 1508 534 1548 genetrice
558 1508 596 1539 B.
623 1525 668 1528 —
694 1506 732 1539 11
744 1508 776 1544 b,
805 1506 825 1539 5
850 1518 980 1539 merces
1007 1509 1045 1539 B.

690 1640 771 1676 267.
807 1641 866 1683 (4.)
900 1640 945 1674 In
971 1639 1177 1675 Divisione
1202 1639 1499 1683 Apostolorum.

771 1712 809 1750 1.
859 1711 962 1748 Caeli
994 1714 1169 1747 enarrant
1202 1709 1359 1757 gloriam

854 1767 925 1804 Dei
956 1766 1037 1813 filii,

857 1823 964 1860 verbi
997 1823 1197 1870 incarnati,

859 1879 951 1918 facti
982 1880 1029 1917 de
1059 1884 1163 1916 terra
1194 1879 1302 1918 caeli.

315 1975 387 2012 22.
427 1971 534 2009 Haec
564 1972 660 2008 enim
691 1971 813 2020 gloria
1133 1969 1208 2009 2b.
1245 1969 1390 2006 Nomen
1421 1973 1475 2006 est
1508 1969 1611 2006 cuius

429 2028 501 2066 soli
532 2029 694 2066 Domino
726 2033 782 2065 est
814 2038 989 2074 congrua,
1244 2026 1368 2072 magni
1398 2025 1544 2062 consilii
1575 2025 1742 2073 angelus.

320 2121 392 2158 3a.
430 2119 538 2156 Istud
570 2118 778 2167 consilium,
1136 2117 1209 2157 3b.
1248 2117 1339 2154 Cum
1367 2115 1522 2162 angelus
1553 2116 1636 2162 iste,

431 2175 539 2222 lapso
569 2176 709 2212 homini
741 2175 935 2222 auxilium,
1248 2173 1358 2209 homo
1388 2177 1498 2209 natus
1529 2182 1575 2209 ex
1606 2171 1775 2215 muliere,

438 2236 493 2268 est
524 2233 718 2278 antiquum
750 2236 786 2267 et
817 2230 1045 2278 profundum
1245 2229 1494 2266 immortalem
1526 2239 1571 2266 ex
1604 2227 1766 2274 mortali,

436 2292 473 2325 et
503 2299 632 2326 verum
665 2287 817 2334 factum,
850 2288 939 2324 solis
1249 2287 1296 2323 de.
1326 2291 1427 2322 terra
1459 2285 1603 2321 caelum
1632 2282 1735 2331 fecit,

437 2349 582 2382 tantum
615 2345 754 2381 sanctis
786 2344 996 2390 cognitum.'
1248 2353 1293 2379 ex
1324 2342 1472 2378 homine
1503 2341 1689 2388 angelum.

318 2427 341 2463 4
367 2435 401 2463 a.
440 2424 513 2462 Hic
545 2429 601 2461 est
631 2424 802 2461 dominus
1136 2421 1210 2460 4b.
1249 2421 1390 2467 Quibus
1422 2431 1462 2458 se
1492 2421 1615 2468 ipsum

435 2481 678 2528 exercituum,
1249 2478 1371 2514 vivum
1403 2477 1579 2524 praebuit

436 2537 552 2582 Deus,
585 2537 689 2574 cuius
720 2542 806 2573 sunt
837 2535 961 2583 angeli
1249 2545 1448 2581 resurgens
1480 2533 1608 2570 multis
1633 2530 1874 2579 argumentis,

436 2594 541 2630 missi
571 2594 609 2630 in
640 2598 778 2630 terram
810 2593 984 2639 apostoli.
1246 2601 1376 2638 pacem
1399 2591 1522 2627 victor
1541 2590 1671 2627 mortis
1688 2588 1876 2625 nuntians.

321 2688 394 2723 521.
431 2685 510 2722 Pax
541 2684 658 2733 vobis,
693 2694 759 2731 ego
791 2694 884 2728 sum,
1136 2681 1209 2721 5b.
1249 2681 1352 2719 Sicut
1385 2681 1485 2717 misit
1518 2690 1575 2716 me
1605 2683 1727 2727 pater,

437 2741 568 2788 inquit,
603 2740 717 2778 nolite
749 2741 819 2776 iam
853 2741 996 2785 timere,
1247 2742 1283 2774 et
1312 2748 1380 2784 ego
1401 2737 1509 2774 mitto
1531 2747 1595 2774 vos
1616 2735 1653 2772 in
1676 2734 1877 2778 mundum;

435 2797 655 2844 praedicate
687 2797 840 2833 verbum
872 2796 944 2834 Dei
1247 2798 1366 2831 estote
1397 2804 1485 2840 ergo
1517 2792 1722 2839 prudentes

438 2858 633 2890 creaturae
663 2854 762 2890 omni
1246 2851 1343 2887 sicut
1373 2854 1569 2896 serpentes

440 2920 564 2947 coram
588 2909 737 2956 regibus
760 2914 794 2946 et
812 2908 1060 2956 principibus.
1247 2911 1366 2944 estote
1396 2910 1436 2943 ut
1458 2903 1651 2942 columbae
1672 2900 1876 2948 simplices.
