<?xml version="1.0" encoding="UTF-8"?>
<!DOCTYPE html PUBLIC "-//W3C//DTD XHTML 1.0 Transitional//EN"
    "http://www.w3.org/TR/xhtml1/DTD/xhtml1-transitional.dtd">
<html xmlns="http://www.w3.org/1999/xhtml" xml:lang="en" lang="en">
 <head>
  <title>
</title>
<meta http-equiv="Content-Type" content="text/html;charset=utf-8" />
  <meta name='ocr-system' content='tesseract 3.04.00' />
  <meta name='ocr-capabilities' content='ocr_page ocr_carea ocr_par ocr_line ocrx_word'/>
</head>
<body>
  <div class='ocr_page' id='page_1' title='image "./hymnographilatin01drevuoft_0074.png"; bbox 0 0 2031 3289; ppageno 0'>
   <div class='ocr_carea' id='block_1_1' title="bbox 960 198 1240 239">
    <p class='ocr_par' dir='ltr' id='par_1_1' title="bbox 960 198 1240 239">
     <span class='ocr_line' id='line_1_1' title="bbox 960 198 1240 239; baseline 0 -13"><span class='ocrx_word' id='word_1_1' title='bbox 960 198 1240 239; x_wconf 71' lang='lat' dir='ltr'>-ssg—</span> 
     </span>
    </p>
   </div>
   <div class='ocr_carea' id='block_1_2' title="bbox 763 373 1446 417">
    <p class='ocr_par' dir='ltr' id='par_1_2' title="bbox 763 373 1446 417">
     <span class='ocr_line' id='line_1_2' title="bbox 763 373 1446 417; baseline 0 -6"><span class='ocrx_word' id='word_1_2' title='bbox 763 377 815 411; x_wconf 75' lang='lat'><strong>(57.</strong></span> <span class='ocrx_word' id='word_1_3' title='bbox 851 376 930 417; x_wconf 80' lang='lat'>(52.)</span> <span class='ocrx_word' id='word_1_4' title='bbox 967 376 1015 411; x_wconf 88' lang='lat' dir='ltr'>De</span> <span class='ocrx_word' id='word_1_5' title='bbox 1039 373 1211 412; x_wconf 79' lang='lat' dir='ltr'>Omnibus</span> <span class='ocrx_word' id='word_1_6' title='bbox 1237 373 1446 411; x_wconf 82' lang='lat' dir='ltr'>Ordinibus.</span> 
     </span>
    </p>
   </div>
   <div class='ocr_carea' id='block_1_3' title="bbox 399 481 1062 688">
    <p class='ocr_par' dir='ltr' id='par_1_3' title="bbox 399 481 865 529">
     <span class='ocr_line' id='line_1_3' title="bbox 399 481 865 529; baseline -0.009 -8"><span class='ocrx_word' id='word_1_7' title='bbox 399 513 407 521; x_wconf 90' lang='lat'><strong>.</strong></span> <span class='ocrx_word' id='word_1_8' title='bbox 440 481 636 529; x_wconf 73' lang='lat' dir='ltr'>Episcopi,</span> <span class='ocrx_word' id='word_1_9' title='bbox 667 481 865 527; x_wconf 86' lang='lat' dir='ltr'>attendite,</span> 
     </span>
    </p>

    <p class='ocr_par' dir='ltr' id='par_1_4' title="bbox 439 537 906 582">
     <span class='ocr_line' id='line_1_4' title="bbox 439 537 906 582; baseline 0 -9"><span class='ocrx_word' id='word_1_10' title='bbox 439 537 511 574; x_wconf 91' lang='lat' dir='ltr'>Dei</span> <span class='ocrx_word' id='word_1_11' title='bbox 541 537 659 574; x_wconf 87' lang='lat' dir='ltr'>verba</span> <span class='ocrx_word' id='word_1_12' title='bbox 691 538 906 582; x_wconf 85' lang='lat' dir='ltr'>discernite,</span> 
     </span>
    </p>

    <p class='ocr_par' dir='ltr' id='par_1_5' title="bbox 439 593 1062 688">
     <span class='ocr_line' id='line_1_5' title="bbox 441 593 1062 640; baseline 0 -11"><span class='ocrx_word' id='word_1_13' title='bbox 441 593 556 630; x_wconf 81' lang='lat' dir='ltr'>Vobis</span> <span class='ocrx_word' id='word_1_14' title='bbox 587 594 783 640; x_wconf 88' lang='lat' dir='ltr'>praecepit</span> <span class='ocrx_word' id='word_1_15' title='bbox 819 593 1000 630; x_wconf 84' lang='lat' dir='ltr'>Dominus</span> <span class='ocrx_word' id='word_1_16' title='bbox 1059 601 1062 604; x_wconf 57' lang='lat'><strong>⁴</strong></span> 
     </span>
     <span class='ocr_line' id='line_1_6' title="bbox 439 649 982 688; baseline 0.004 -2"><span class='ocrx_word' id='word_1_17' title='bbox 439 650 514 687; x_wconf 90' lang='lat' dir='ltr'>Pro</span> <span class='ocrx_word' id='word_1_18' title='bbox 545 649 681 686; x_wconf 82' lang='lat' dir='ltr'>vestris</span> <span class='ocrx_word' id='word_1_19' title='bbox 711 649 807 686; x_wconf 90' lang='lat' dir='ltr'>mori</span> <span class='ocrx_word' id='word_1_20' title='bbox 837 649 982 688; x_wconf 73' lang='lat' dir='ltr'>ovibus,</span> 
     </span>
    </p>
   </div>
   <div class='ocr_carea' id='block_1_4' title="bbox 397 761 1034 970">
    <p class='ocr_par' dir='ltr' id='par_1_6' title="bbox 397 761 1034 970">
     <span class='ocr_line' id='line_1_7' title="bbox 397 761 987 810; baseline -0.003 -10"><span class='ocrx_word' id='word_1_21' title='bbox 397 790 408 800; x_wconf 85' lang='lat'><strong>.</strong></span> <span class='ocrx_word' id='word_1_22' title='bbox 440 762 479 799; x_wconf 90' lang='lat' dir='ltr'>Si</span> <span class='ocrx_word' id='word_1_23' title='bbox 511 761 621 809; x_wconf 88' lang='lat' dir='ltr'>bona,</span> <span class='ocrx_word' id='word_1_24' title='bbox 653 772 748 808; x_wconf 87' lang='lat' dir='ltr'>quae</span> <span class='ocrx_word' id='word_1_25' title='bbox 777 761 987 810; x_wconf 88' lang='lat' dir='ltr'>loquimini,</span> 
     </span>
     <span class='ocr_line' id='line_1_8' title="bbox 439 816 837 864; baseline -0.003 -9"><span class='ocrx_word' id='word_1_26' title='bbox 439 817 626 864; x_wconf 82' lang='lat' dir='ltr'>Operibus</span> <span class='ocrx_word' id='word_1_27' title='bbox 659 816 837 861; x_wconf 78' lang='lat' dir='ltr'>feceritis,</span> 
     </span>
     <span class='ocr_line' id='line_1_9' title="bbox 437 873 924 920; baseline 0.002 -11"><span class='ocrx_word' id='word_1_28' title='bbox 437 874 625 920; x_wconf 79' lang='lat' dir='ltr'>Exempla</span> <span class='ocrx_word' id='word_1_29' title='bbox 657 873 754 910; x_wconf 84' lang='lat' dir='ltr'>bona</span> <span class='ocrx_word' id='word_1_30' title='bbox 785 874 924 911; x_wconf 87' lang='lat' dir='ltr'>dabitis</span> 
     </span>
     <span class='ocr_line' id='line_1_10' title="bbox 440 930 1034 970; baseline 0.007 -4"><span class='ocrx_word' id='word_1_31' title='bbox 440 930 584 966; x_wconf 81' lang='lat' dir='ltr'>Vestris</span> <span class='ocrx_word' id='word_1_32' title='bbox 615 931 823 968; x_wconf 83' lang='lat' dir='ltr'>commissis</span> <span class='ocrx_word' id='word_1_33' title='bbox 855 930 1034 970; x_wconf 82' lang='lat' dir='ltr'>consiliis,</span> 
     </span>
    </p>
   </div>
   <div class='ocr_carea' id='block_1_5' title="bbox 369 1042 867 1090">
    <p class='ocr_par' dir='ltr' id='par_1_7' title="bbox 369 1042 867 1090">
     <span class='ocr_line' id='line_1_11' title="bbox 369 1042 867 1090; baseline -0.002 -10"><span class='ocrx_word' id='word_1_34' title='bbox 369 1045 406 1083; x_wconf 88' lang='lat'>‘.</span> <span class='ocrx_word' id='word_1_35' title='bbox 439 1042 672 1090; x_wconf 83' lang='lat' dir='ltr'>Presbyteri,</span> <span class='ocrx_word' id='word_1_36' title='bbox 706 1043 867 1088; x_wconf 86' lang='lat' dir='ltr'>diaconi,</span> 
     </span>
    </p>
   </div>
   <div class='ocr_carea' id='block_1_6' title="bbox 437 1098 1026 1258">
    <p class='ocr_par' dir='ltr' id='par_1_8' title="bbox 437 1098 1026 1258">
     <span class='ocr_line' id='line_1_12' title="bbox 438 1098 1026 1147; baseline 0.002 -12"><span class='ocrx_word' id='word_1_37' title='bbox 438 1099 509 1145; x_wconf 84' lang='lat' dir='ltr'>Qui</span> <span class='ocrx_word' id='word_1_38' title='bbox 537 1098 645 1135; x_wconf 88' lang='lat' dir='ltr'>fertis</span> <span class='ocrx_word' id='word_1_39' title='bbox 677 1110 766 1136; x_wconf 87' lang='lat' dir='ltr'>vasa</span> <span class='ocrx_word' id='word_1_40' title='bbox 797 1099 961 1147; x_wconf 88' lang='lat' dir='ltr'>Domini,</span> <span class='ocrx_word' id='word_1_41' title='bbox 1023 1140 1026 1143; x_wconf 59' lang='grc'><em>,</em></span> 
     </span>
     <span class='ocr_line' id='line_1_13' title="bbox 437 1156 893 1201; baseline -0.002 -8"><span class='ocrx_word' id='word_1_42' title='bbox 437 1156 572 1193; x_wconf 88' lang='lat' dir='ltr'>Estote</span> <span class='ocrx_word' id='word_1_43' title='bbox 602 1166 752 1201; x_wconf 88' lang='lat' dir='ltr'>semper</span> <span class='ocrx_word' id='word_1_44' title='bbox 781 1156 893 1192; x_wconf 88' lang='lat' dir='ltr'>nitidi</span> 
     </span>
     <span class='ocr_line' id='line_1_14' title="bbox 438 1212 935 1258; baseline 0.002 -9"><span class='ocrx_word' id='word_1_45' title='bbox 438 1213 481 1249; x_wconf 90' lang='lat' dir='ltr'>In</span> <span class='ocrx_word' id='word_1_46' title='bbox 514 1217 718 1258; x_wconf 89' lang='lat' dir='ltr'>conspectu</span> <span class='ocrx_word' id='word_1_47' title='bbox 748 1212 935 1251; x_wconf 79' lang='lat' dir='ltr'>altissimi.</span> 
     </span>
    </p>
   </div>
   <div class='ocr_carea' id='block_1_7' title="bbox 399 1324 978 1533">
    <p class='ocr_par' dir='ltr' id='par_1_9' title="bbox 399 1324 978 1484">
     <span class='ocr_line' id='line_1_15' title="bbox 399 1324 978 1371; baseline -0.002 -9"><span class='ocrx_word' id='word_1_48' title='bbox 399 1355 408 1362; x_wconf 91' lang='lat'><strong>.</strong></span> <span class='ocrx_word' id='word_1_49' title='bbox 441 1325 511 1371; x_wconf 87' lang='lat' dir='ltr'>Qui</span> <span class='ocrx_word' id='word_1_50' title='bbox 541 1325 623 1361; x_wconf 70' lang='lat' dir='ltr'>vult</span> <span class='ocrx_word' id='word_1_51' title='bbox 653 1335 735 1361; x_wconf 89' lang='lat' dir='ltr'>esse</span> <span class='ocrx_word' id='word_1_52' title='bbox 767 1324 978 1370; x_wconf 85' lang='lat' dir='ltr'>canonicus,</span> 
     </span>
     <span class='ocr_line' id='line_1_16' title="bbox 440 1381 912 1426; baseline -0.002 -9"><span class='ocrx_word' id='word_1_53' title='bbox 440 1381 495 1418; x_wconf 90' lang='lat' dir='ltr'>Sit</span> <span class='ocrx_word' id='word_1_54' title='bbox 526 1381 644 1418; x_wconf 90' lang='lat' dir='ltr'>bonus</span> <span class='ocrx_word' id='word_1_55' title='bbox 675 1385 712 1417; x_wconf 91' lang='lat' dir='ltr'>et</span> <span class='ocrx_word' id='word_1_56' title='bbox 741 1381 912 1426; x_wconf 65' lang='lat' dir='ltr'>itionem,</span> 
     </span>
     <span class='ocr_line' id='line_1_17' title="bbox 438 1437 831 1484; baseline -0.008 -8"><span class='ocrx_word' id='word_1_57' title='bbox 438 1437 623 1476; x_wconf 74' lang='lat' dir='ltr'>oboediat</span> <span class='ocrx_word' id='word_1_58' title='bbox 653 1438 831 1484; x_wconf 88' lang='lat' dir='ltr'>episcopo</span> 
     </span>
    </p>

    <p class='ocr_par' dir='ltr' id='par_1_10' title="bbox 439 1494 837 1533">
     <span class='ocr_line' id='line_1_18' title="bbox 439 1494 837 1533; baseline 0 -1"><span class='ocrx_word' id='word_1_59' title='bbox 439 1494 493 1532; x_wconf 88' lang='lat' dir='ltr'>Ut</span> <span class='ocrx_word' id='word_1_60' title='bbox 522 1495 661 1531; x_wconf 89' lang='lat' dir='ltr'>seniori</span> <span class='ocrx_word' id='word_1_61' title='bbox 692 1494 837 1533; x_wconf 83' lang='lat' dir='ltr'>inclito,</span> 
     </span>
    </p>
   </div>
   <div class='ocr_carea' id='block_1_8' title="bbox 396 1607 1064 1816">
    <p class='ocr_par' dir='ltr' id='par_1_11' title="bbox 396 1607 925 1654">
     <span class='ocr_line' id='line_1_19' title="bbox 396 1607 925 1654; baseline -0.004 -9"><span class='ocrx_word' id='word_1_62' title='bbox 396 1636 405 1645; x_wconf 93' lang='lat'>.</span> <span class='ocrx_word' id='word_1_63' title='bbox 438 1607 499 1644; x_wconf 89' lang='lat' dir='ltr'>Ad</span> <span class='ocrx_word' id='word_1_64' title='bbox 532 1607 753 1643; x_wconf 85' lang='lat' dir='ltr'>matutinum</span> <span class='ocrx_word' id='word_1_65' title='bbox 787 1607 925 1654; x_wconf 87' lang='lat' dir='ltr'>veniat,</span> 
     </span>
    </p>

    <p class='ocr_par' dir='ltr' id='par_1_12' title="bbox 436 1663 1064 1766">
     <span class='ocr_line' id='line_1_20' title="bbox 437 1663 1064 1711; baseline -0.003 -10"><span class='ocrx_word' id='word_1_66' title='bbox 437 1664 528 1701; x_wconf 90' lang='lat' dir='ltr'>Cum</span> <span class='ocrx_word' id='word_1_67' title='bbox 569 1663 713 1710; x_wconf 82' lang='lat' dir='ltr'>signum</span> <span class='ocrx_word' id='word_1_68' title='bbox 753 1664 869 1700; x_wconf 87' lang='lat' dir='ltr'>borae</span> <span class='ocrx_word' id='word_1_69' title='bbox 900 1666 1064 1711; x_wconf 87' lang='lat' dir='ltr'>resonat,</span> 
     </span>
     <span class='ocr_line' id='line_1_21' title="bbox 436 1720 838 1766; baseline -0.002 -8"><span class='ocrx_word' id='word_1_70' title='bbox 436 1720 653 1766; x_wconf 89' lang='lat' dir='ltr'>Postposita</span> <span class='ocrx_word' id='word_1_71' title='bbox 683 1720 838 1766; x_wconf 86' lang='lat' dir='ltr'>pigritia</span> 
     </span>
    </p>

    <p class='ocr_par' dir='ltr' id='par_1_13' title="bbox 436 1775 857 1816">
     <span class='ocr_line' id='line_1_22' title="bbox 436 1775 857 1816; baseline 0.005 -4"><span class='ocrx_word' id='word_1_72' title='bbox 436 1777 607 1813; x_wconf 88' lang='lat' dir='ltr'>Festinet</span> <span class='ocrx_word' id='word_1_73' title='bbox 638 1777 687 1813; x_wconf 86' lang='lat' dir='ltr'>ad</span> <span class='ocrx_word' id='word_1_74' title='bbox 719 1775 857 1816; x_wconf 85' lang='lat' dir='ltr'>officia.</span> 
     </span>
    </p>
   </div>
   <div class='ocr_carea' id='block_1_9' title="bbox 391 1890 1064 2106">
    <p class='ocr_par' dir='ltr' id='par_1_14' title="bbox 391 1890 1064 2106">
     <span class='ocr_line' id='line_1_23' title="bbox 391 1890 929 1939; baseline -0.007 -9"><span class='ocrx_word' id='word_1_75' title='bbox 391 1920 402 1931; x_wconf 88' lang='lat'><strong>.</strong></span> <span class='ocrx_word' id='word_1_76' title='bbox 434 1890 594 1928; x_wconf 90' lang='lat' dir='ltr'>Plebani</span> <span class='ocrx_word' id='word_1_77' title='bbox 626 1894 729 1927; x_wconf 88' lang='lat' dir='ltr'>recte</span> <span class='ocrx_word' id='word_1_78' title='bbox 760 1890 929 1939; x_wconf 84' lang='lat' dir='ltr'>audiant,</span> 
     </span>
     <span class='ocr_line' id='line_1_24' title="bbox 433 1946 1064 1996; baseline -0.002 -12"><span class='ocrx_word' id='word_1_79' title='bbox 433 1948 540 1993; x_wconf 80' lang='lat' dir='ltr'>Quod</span> <span class='ocrx_word' id='word_1_80' title='bbox 564 1947 683 1983; x_wconf 86' lang='lat' dir='ltr'>sancti</span> <span class='ocrx_word' id='word_1_81' title='bbox 705 1952 834 1994; x_wconf 89' lang='lat' dir='ltr'>patres</span> <span class='ocrx_word' id='word_1_82' title='bbox 857 1946 1064 1996; x_wconf 84' lang='lat' dir='ltr'>clamitant,</span> 
     </span>
     <span class='ocr_line' id='line_1_25' title="bbox 433 2003 889 2050; baseline -0.002 -9"><span class='ocrx_word' id='word_1_83' title='bbox 433 2004 484 2042; x_wconf 87' lang='lat' dir='ltr'>Ut</span> <span class='ocrx_word' id='word_1_84' title='bbox 515 2004 699 2049; x_wconf 86' lang='lat' dir='ltr'>acquisita</span> <span class='ocrx_word' id='word_1_85' title='bbox 729 2003 889 2050; x_wconf 82' lang='lat' dir='ltr'>praedia</span> 
     </span>
     <span class='ocr_line' id='line_1_26' title="bbox 436 2059 938 2106; baseline 0.006 -10"><span class='ocrx_word' id='word_1_86' title='bbox 436 2060 665 2106; x_wconf 74' lang='lat' dir='ltr'>Relinquunt</span> <span class='ocrx_word' id='word_1_87' title='bbox 696 2060 734 2096; x_wconf 89' lang='lat' dir='ltr'>in</span> <span class='ocrx_word' id='word_1_88' title='bbox 767 2059 938 2099; x_wconf 89' lang='lat' dir='ltr'>ecclesia.</span> 
     </span>
    </p>
   </div>
   <div class='ocr_carea' id='block_1_10' title="bbox 396 2172 975 2388">
    <p class='ocr_par' dir='ltr' id='par_1_15' title="bbox 396 2172 975 2388">
     <span class='ocr_line' id='line_1_27' title="bbox 396 2172 939 2219; baseline -0.006 -8"><span class='ocrx_word' id='word_1_89' title='bbox 396 2201 403 2210; x_wconf 94' lang='lat'><em>.</em></span> <span class='ocrx_word' id='word_1_90' title='bbox 435 2173 621 2219; x_wconf 80' lang='lat' dir='ltr'>Magister</span> <span class='ocrx_word' id='word_1_91' title='bbox 654 2172 787 2209; x_wconf 90' lang='lat' dir='ltr'>doctus</span> <span class='ocrx_word' id='word_1_92' title='bbox 819 2173 939 2209; x_wconf 90' lang='lat' dir='ltr'>literis</span> 
     </span>
     <span class='ocr_line' id='line_1_28' title="bbox 435 2229 946 2276; baseline -0.002 -10"><span class='ocrx_word' id='word_1_93' title='bbox 435 2229 609 2276; x_wconf 84' lang='lat' dir='ltr'>Flagella</span> <span class='ocrx_word' id='word_1_94' title='bbox 641 2229 704 2266; x_wconf 88' lang='lat' dir='ltr'>det</span> <span class='ocrx_word' id='word_1_95' title='bbox 737 2229 946 2275; x_wconf 81' lang='lat' dir='ltr'>discipulis,</span> 
     </span>
     <span class='ocr_line' id='line_1_29' title="bbox 434 2284 892 2324; baseline -0.007 0"><span class='ocrx_word' id='word_1_96' title='bbox 434 2286 485 2324; x_wconf 90' lang='lat' dir='ltr'>Ut</span> <span class='ocrx_word' id='word_1_97' title='bbox 517 2286 618 2322; x_wconf 89' lang='lat' dir='ltr'>docti</span> <span class='ocrx_word' id='word_1_98' title='bbox 651 2285 699 2322; x_wconf 88' lang='lat' dir='ltr'>ab</span> <span class='ocrx_word' id='word_1_99' title='bbox 731 2284 892 2322; x_wconf 84' lang='lat' dir='ltr'>infantia</span> 
     </span>
     <span class='ocr_line' id='line_1_30' title="bbox 433 2341 975 2388; baseline 0.002 -9"><span class='ocrx_word' id='word_1_100' title='bbox 433 2342 654 2379; x_wconf 87' lang='lat' dir='ltr'>Doctrinam</span> <span class='ocrx_word' id='word_1_101' title='bbox 687 2341 781 2378; x_wconf 88' lang='lat' dir='ltr'>bene</span> <span class='ocrx_word' id='word_1_102' title='bbox 813 2342 975 2388; x_wconf 83' lang='lat' dir='ltr'>sapiant.</span> 
     </span>
    </p>
   </div>
   <div class='ocr_carea' id='block_1_11' title="bbox 364 2455 916 2502">
    <p class='ocr_par' dir='ltr' id='par_1_16' title="bbox 364 2455 916 2502">
     <span class='ocr_line' id='line_1_31' title="bbox 364 2455 916 2502; baseline 0.002 -11"><span class='ocrx_word' id='word_1_103' title='bbox 364 2487 369 2491; x_wconf 20' lang='lat' dir='ltr'>r</span> <span class='ocrx_word' id='word_1_104' title='bbox 397 2486 402 2491; x_wconf 92' lang='lat'><em>.</em></span> <span class='ocrx_word' id='word_1_105' title='bbox 437 2455 650 2502; x_wconf 86' lang='lat' dir='ltr'>Scriptores</span> <span class='ocrx_word' id='word_1_106' title='bbox 681 2460 785 2492; x_wconf 86' lang='lat' dir='ltr'>recta</span> <span class='ocrx_word' id='word_1_107' title='bbox 815 2455 916 2492; x_wconf 87' lang='lat' dir='ltr'>linea</span> 
     </span>
    </p>
   </div>
   <div class='ocr_carea' id='block_1_12' title="bbox 430 2511 1036 2671">
    <p class='ocr_par' dir='ltr' id='par_1_17' title="bbox 430 2511 1036 2671">
     <span class='ocr_line' id='line_1_32' title="bbox 433 2511 968 2557; baseline 0.002 -11"><span class='ocrx_word' id='word_1_108' title='bbox 433 2512 595 2548; x_wconf 60' lang='lat' dir='ltr'>X&#39;eraces</span> <span class='ocrx_word' id='word_1_109' title='bbox 626 2511 794 2548; x_wconf 80' lang='lat' dir='ltr'>scribant</span> <span class='ocrx_word' id='word_1_110' title='bbox 825 2512 968 2557; x_wconf 83' lang='lat' dir='ltr'>literas,</span> 
     </span>
     <span class='ocr_line' id='line_1_33' title="bbox 434 2568 911 2614; baseline -0.002 -9"><span class='ocrx_word' id='word_1_111' title='bbox 434 2568 705 2605; x_wconf 85' lang='lat' dir='ltr'>Distinotiones</span> <span class='ocrx_word' id='word_1_112' title='bbox 736 2568 911 2614; x_wconf 85' lang='lat' dir='ltr'>proprias</span> 
     </span>
     <span class='ocr_line' id='line_1_34' title="bbox 430 2624 1036 2671; baseline 0.002 -9"><span class='ocrx_word' id='word_1_113' title='bbox 430 2624 558 2671; x_wconf 85' lang='lat' dir='ltr'>Usque</span> <span class='ocrx_word' id='word_1_114' title='bbox 589 2625 638 2661; x_wconf 90' lang='lat' dir='ltr'>ad</span> <span class='ocrx_word' id='word_1_115' title='bbox 667 2624 780 2661; x_wconf 87' lang='lat' dir='ltr'>finem</span> <span class='ocrx_word' id='word_1_116' title='bbox 813 2624 1036 2671; x_wconf 82' lang='lat' dir='ltr'>compleant.</span> 
     </span>
    </p>
   </div>
   <div class='ocr_carea' id='block_1_13' title="bbox 362 2737 843 2784">
    <p class='ocr_par' dir='ltr' id='par_1_18' title="bbox 362 2737 843 2784">
     <span class='ocr_line' id='line_1_35' title="bbox 362 2737 843 2784; baseline 0 -10"><span class='ocrx_word' id='word_1_117' title='bbox 362 2765 397 2774; x_wconf 50' lang='lat'>2.</span> <span class='ocrx_word' id='word_1_118' title='bbox 431 2737 638 2774; x_wconf 86' lang='lat' dir='ltr'>llliteratus</span> <span class='ocrx_word' id='word_1_119' title='bbox 672 2738 843 2784; x_wconf 85' lang='lat' dir='ltr'>clericus,</span> 
     </span>
    </p>
   </div>
   <div class='ocr_carea' id='block_1_14' title="bbox 427 2793 920 2945">
    <p class='ocr_par' dir='ltr' id='par_1_19' title="bbox 427 2793 920 2945">
     <span class='ocr_line' id='line_1_36' title="bbox 429 2793 794 2842; baseline 0.003 -13"><span class='ocrx_word' id='word_1_120' title='bbox 429 2793 596 2830; x_wconf 83' lang='lat' dir='ltr'>Elationi</span> <span class='ocrx_word' id='word_1_121' title='bbox 631 2794 794 2842; x_wconf 83' lang='lat' dir='ltr'>deditus,</span> 
     </span>
     <span class='ocr_line' id='line_1_37' title="bbox 427 2849 864 2897; baseline 0.002 -11"><span class='ocrx_word' id='word_1_122' title='bbox 427 2849 652 2896; x_wconf 86' lang='lat' dir='ltr'>Despiciens</span> <span class='ocrx_word' id='word_1_123' title='bbox 684 2851 864 2897; x_wconf 67' lang='lat' dir='ltr'>mysteria</span> 
     </span>
     <span class='ocr_line' id='line_1_38' title="bbox 427 2906 920 2945; baseline 0.004 -2"><span class='ocrx_word' id='word_1_124' title='bbox 427 2906 476 2943; x_wconf 89' lang='lat' dir='ltr'>Ut</span> <span class='ocrx_word' id='word_1_125' title='bbox 510 2907 625 2943; x_wconf 86' lang='lat' dir='ltr'>stulta</span> <span class='ocrx_word' id='word_1_126' title='bbox 658 2907 753 2945; x_wconf 83' lang='lat' dir='ltr'>iacet</span> <span class='ocrx_word' id='word_1_127' title='bbox 785 2907 920 2945; x_wconf 85' lang='lat' dir='ltr'>bestia.</span> 
     </span>
    </p>
   </div>
   <div class='ocr_carea' id='block_1_15' title="bbox 1155 481 1220 519">
    <p class='ocr_par' dir='ltr' id='par_1_20' title="bbox 1155 481 1220 519">
     <span class='ocr_line' id='line_1_39' title="bbox 1155 481 1220 519; baseline 0 -1"><span class='ocrx_word' id='word_1_128' title='bbox 1155 481 1220 519; x_wconf 88' lang='lat'>10.</span> 
     </span>
    </p>
   </div>
   <div class='ocr_carea' id='block_1_16' title="bbox 1155 762 1222 800">
    <p class='ocr_par' dir='ltr' id='par_1_21' title="bbox 1155 762 1222 800">
     <span class='ocr_line' id='line_1_40' title="bbox 1155 762 1222 800; baseline 0 0"><span class='ocrx_word' id='word_1_129' title='bbox 1155 762 1222 800; x_wconf 90' lang='lat'>11.</span> 
     </span>
    </p>
   </div>
   <div class='ocr_carea' id='block_1_17' title="bbox 1155 1044 1221 1082">
    <p class='ocr_par' dir='ltr' id='par_1_22' title="bbox 1155 1044 1221 1082">
     <span class='ocr_line' id='line_1_41' title="bbox 1155 1044 1221 1082; baseline 0.015 -1"><span class='ocrx_word' id='word_1_130' title='bbox 1155 1044 1221 1082; x_wconf 84' lang='lat'>12.</span> 
     </span>
    </p>
   </div>
   <div class='ocr_carea' id='block_1_18' title="bbox 1158 1325 1223 1363">
    <p class='ocr_par' dir='ltr' id='par_1_23' title="bbox 1158 1325 1223 1363">
     <span class='ocr_line' id='line_1_42' title="bbox 1158 1325 1223 1363; baseline 0 -1"><span class='ocrx_word' id='word_1_131' title='bbox 1158 1325 1223 1363; x_wconf 86' lang='lat'>13.</span> 
     </span>
    </p>
   </div>
   <div class='ocr_carea' id='block_1_19' title="bbox 1154 1608 1218 1648">
    <p class='ocr_par' dir='ltr' id='par_1_24' title="bbox 1154 1608 1218 1648">
     <span class='ocr_line' id='line_1_43' title="bbox 1154 1608 1218 1648; baseline 0.047 -3"><span class='ocrx_word' id='word_1_132' title='bbox 1154 1608 1218 1648; x_wconf 88' lang='grc'>14.</span> 
     </span>
    </p>
   </div>
   <div class='ocr_carea' id='block_1_20' title="bbox 1154 1890 1219 1928">
    <p class='ocr_par' dir='ltr' id='par_1_25' title="bbox 1154 1890 1219 1928">
     <span class='ocr_line' id='line_1_44' title="bbox 1154 1890 1219 1928; baseline 0 0"><span class='ocrx_word' id='word_1_133' title='bbox 1154 1890 1219 1928; x_wconf 89' lang='grc'>15.</span> 
     </span>
    </p>
   </div>
   <div class='ocr_carea' id='block_1_21' title="bbox 1153 2173 1218 2212">
    <p class='ocr_par' dir='ltr' id='par_1_26' title="bbox 1153 2173 1218 2212">
     <span class='ocr_line' id='line_1_45' title="bbox 1153 2173 1218 2212; baseline 0.031 -2"><span class='ocrx_word' id='word_1_134' title='bbox 1153 2173 1218 2212; x_wconf 87' lang='grc'>16.</span> 
     </span>
    </p>
   </div>
   <div class='ocr_carea' id='block_1_22' title="bbox 1151 2455 1215 2494">
    <p class='ocr_par' dir='ltr' id='par_1_27' title="bbox 1151 2455 1215 2494">
     <span class='ocr_line' id='line_1_46' title="bbox 1151 2455 1215 2494; baseline 0.031 -2"><span class='ocrx_word' id='word_1_135' title='bbox 1151 2455 1215 2494; x_wconf 86' lang='grc'>17.</span> 
     </span>
    </p>
   </div>
   <div class='ocr_carea' id='block_1_23' title="bbox 1149 2738 1213 2776">
    <p class='ocr_par' dir='ltr' id='par_1_28' title="bbox 1149 2738 1213 2776">
     <span class='ocr_line' id='line_1_47' title="bbox 1149 2738 1213 2776; baseline -0.016 0"><span class='ocrx_word' id='word_1_136' title='bbox 1149 2738 1213 2776; x_wconf 86' lang='grc'>18.</span> 
     </span>
    </p>
   </div>
   <div class='ocr_carea' id='block_1_24' title="bbox 1251 480 1762 697">
    <p class='ocr_par' dir='ltr' id='par_1_29' title="bbox 1251 480 1741 584">
     <span class='ocr_line' id='line_1_48' title="bbox 1251 480 1741 528; baseline 0 -11"><span class='ocrx_word' id='word_1_137' title='bbox 1251 480 1442 517; x_wconf 88' lang='lat' dir='ltr'>Discurrit</span> <span class='ocrx_word' id='word_1_138' title='bbox 1472 491 1541 528; x_wconf 89' lang='lat' dir='ltr'>per</span> <span class='ocrx_word' id='word_1_139' title='bbox 1569 481 1741 519; x_wconf 84' lang='lat' dir='ltr'>basiliam</span> 
     </span>
     <span class='ocr_line' id='line_1_49' title="bbox 1254 537 1680 584; baseline 0.005 -11"><span class='ocrx_word' id='word_1_140' title='bbox 1254 537 1326 574; x_wconf 90' lang='lat' dir='ltr'>Pro</span> <span class='ocrx_word' id='word_1_141' title='bbox 1358 538 1524 574; x_wconf 81' lang='lat' dir='ltr'>vanitate</span> <span class='ocrx_word' id='word_1_142' title='bbox 1554 538 1680 584; x_wconf 83' lang='lat' dir='ltr'>nimia,</span> 
     </span>
    </p>

    <p class='ocr_par' dir='ltr' id='par_1_30' title="bbox 1252 593 1762 697">
     <span class='ocr_line' id='line_1_50' title="bbox 1252 593 1762 641; baseline -0.002 -11"><span class='ocrx_word' id='word_1_143' title='bbox 1252 594 1292 630; x_wconf 92' lang='lat' dir='ltr'>In</span> <span class='ocrx_word' id='word_1_144' title='bbox 1325 593 1407 630; x_wconf 90' lang='lat' dir='ltr'>loco</span> <span class='ocrx_word' id='word_1_145' title='bbox 1437 593 1468 630; x_wconf 91' lang='lat' dir='ltr'>si</span> <span class='ocrx_word' id='word_1_146' title='bbox 1501 594 1762 641; x_wconf 77' lang='lat' dir='ltr'>permanserit,</span> 
     </span>
     <span class='ocr_line' id='line_1_51' title="bbox 1253 649 1739 697; baseline 0 -10"><span class='ocrx_word' id='word_1_147' title='bbox 1253 649 1410 687; x_wconf 87' lang='lat' dir='ltr'>Cervice</span> <span class='ocrx_word' id='word_1_148' title='bbox 1441 655 1541 686; x_wconf 87' lang='lat' dir='ltr'>torta</span> <span class='ocrx_word' id='word_1_149' title='bbox 1571 650 1739 697; x_wconf 91' lang='lat' dir='ltr'>respicit.</span> 
     </span>
    </p>
   </div>
   <div class='ocr_carea' id='block_1_25' title="bbox 1251 762 1822 978">
    <p class='ocr_par' dir='ltr' id='par_1_31' title="bbox 1251 762 1822 978">
     <span class='ocr_line' id='line_1_52' title="bbox 1254 762 1778 812; baseline 0.004 -14"><span class='ocrx_word' id='word_1_150' title='bbox 1254 762 1380 799; x_wconf 87' lang='lat' dir='ltr'>Verba</span> <span class='ocrx_word' id='word_1_151' title='bbox 1413 762 1483 799; x_wconf 89' lang='lat' dir='ltr'>Dei</span> <span class='ocrx_word' id='word_1_152' title='bbox 1513 772 1586 799; x_wconf 92' lang='lat' dir='ltr'>non</span> <span class='ocrx_word' id='word_1_153' title='bbox 1617 764 1778 812; x_wconf 82' lang='lat' dir='ltr'>nuntiat,</span> 
     </span>
     <span class='ocr_line' id='line_1_53' title="bbox 1252 819 1822 865; baseline 0.002 -9"><span class='ocrx_word' id='word_1_154' title='bbox 1252 819 1435 856; x_wconf 80' lang='lat' dir='ltr'>Privatim</span> <span class='ocrx_word' id='word_1_155' title='bbox 1467 829 1616 865; x_wconf 90' lang='lat' dir='ltr'>semper</span> <span class='ocrx_word' id='word_1_156' title='bbox 1646 820 1822 858; x_wconf 85' lang='lat' dir='ltr'>mussitat</span> 
     </span>
     <span class='ocr_line' id='line_1_54' title="bbox 1251 874 1700 922; baseline 0 -10"><span class='ocrx_word' id='word_1_157' title='bbox 1251 874 1302 912; x_wconf 85' lang='lat' dir='ltr'>Et</span> <span class='ocrx_word' id='word_1_158' title='bbox 1332 875 1467 912; x_wconf 85' lang='lat' dir='ltr'>recitat</span> <span class='ocrx_word' id='word_1_159' title='bbox 1498 875 1700 922; x_wconf 83' lang='lat' dir='ltr'>parabolas</span> 
     </span>
     <span class='ocr_line' id='line_1_55' title="bbox 1251 932 1711 978; baseline 0.002 -9"><span class='ocrx_word' id='word_1_160' title='bbox 1251 932 1388 969; x_wconf 84' lang='lat' dir='ltr'>Inanes</span> <span class='ocrx_word' id='word_1_161' title='bbox 1420 937 1531 978; x_wconf 82' lang='lat' dir='ltr'>atque</span> <span class='ocrx_word' id='word_1_162' title='bbox 1562 943 1711 971; x_wconf 71' lang='lat' dir='ltr'>vacuas</span> 
     </span>
    </p>
   </div>
   <div class='ocr_carea' id='block_1_26' title="bbox 1251 1043 1835 1259">
    <p class='ocr_par' dir='ltr' id='par_1_32' title="bbox 1251 1043 1835 1259">
     <span class='ocr_line' id='line_1_56' title="bbox 1251 1043 1788 1091; baseline 0.002 -11"><span class='ocrx_word' id='word_1_163' title='bbox 1251 1043 1421 1080; x_wconf 87' lang='lat' dir='ltr'>Abbates</span> <span class='ocrx_word' id='word_1_164' title='bbox 1453 1055 1602 1091; x_wconf 88' lang='lat' dir='ltr'>semper</span> <span class='ocrx_word' id='word_1_165' title='bbox 1632 1045 1788 1091; x_wconf 79' lang='lat' dir='ltr'>vigilent</span> 
     </span>
     <span class='ocr_line' id='line_1_57' title="bbox 1252 1100 1835 1147; baseline 0.003 -11"><span class='ocrx_word' id='word_1_166' title='bbox 1252 1100 1312 1136; x_wconf 85' lang='lat' dir='ltr'>Ab</span> <span class='ocrx_word' id='word_1_167' title='bbox 1343 1100 1444 1137; x_wconf 89' lang='lat' dir='ltr'>omni</span> <span class='ocrx_word' id='word_1_168' title='bbox 1475 1111 1634 1146; x_wconf 89' lang='lat' dir='ltr'>namque</span> <span class='ocrx_word' id='word_1_169' title='bbox 1666 1101 1835 1147; x_wconf 85' lang='lat' dir='ltr'>crimine,</span> 
     </span>
     <span class='ocr_line' id='line_1_58' title="bbox 1253 1156 1768 1202; baseline 0 -9"><span class='ocrx_word' id='word_1_170' title='bbox 1253 1156 1338 1193; x_wconf 81' lang='lat' dir='ltr'>Non</span> <span class='ocrx_word' id='word_1_171' title='bbox 1369 1167 1439 1202; x_wconf 89' lang='lat' dir='ltr'>pro</span> <span class='ocrx_word' id='word_1_172' title='bbox 1470 1157 1601 1193; x_wconf 88' lang='lat' dir='ltr'>mundi</span> <span class='ocrx_word' id='word_1_173' title='bbox 1630 1158 1768 1194; x_wconf 86' lang='lat' dir='ltr'>astutia.</span> 
     </span>
     <span class='ocr_line' id='line_1_59' title="bbox 1252 1212 1804 1259; baseline 0.004 -9"><span class='ocrx_word' id='word_1_174' title='bbox 1252 1212 1390 1250; x_wconf 85' lang='lat' dir='ltr'>Sancta</span> <span class='ocrx_word' id='word_1_175' title='bbox 1421 1213 1636 1259; x_wconf 78' lang='lat' dir='ltr'>relinquant</span> <span class='ocrx_word' id='word_1_176' title='bbox 1665 1213 1804 1254; x_wconf 79' lang='lat' dir='ltr'>studia.</span> 
     </span>
    </p>
   </div>
   <div class='ocr_carea' id='block_1_27' title="bbox 1252 1325 1864 1541">
    <p class='ocr_par' dir='ltr' id='par_1_33' title="bbox 1252 1325 1864 1541">
     <span class='ocr_line' id='line_1_60' title="bbox 1257 1325 1860 1375; baseline 0.002 -14"><span class='ocrx_word' id='word_1_177' title='bbox 1257 1325 1339 1362; x_wconf 80' lang='lat' dir='ltr'>Non</span> <span class='ocrx_word' id='word_1_178' title='bbox 1371 1329 1498 1371; x_wconf 87' lang='lat' dir='ltr'>potest</span> <span class='ocrx_word' id='word_1_179' title='bbox 1528 1335 1608 1362; x_wconf 90' lang='lat' dir='ltr'>esse</span> <span class='ocrx_word' id='word_1_180' title='bbox 1638 1326 1860 1375; x_wconf 83' lang='lat' dir='ltr'>monachus,</span> 
     </span>
     <span class='ocr_line' id='line_1_61' title="bbox 1252 1382 1864 1431; baseline 0.003 -14"><span class='ocrx_word' id='word_1_181' title='bbox 1252 1383 1321 1427; x_wconf 77' lang='lat' dir='ltr'>Qui</span> <span class='ocrx_word' id='word_1_182' title='bbox 1355 1392 1472 1428; x_wconf 69' lang='lat' dir='ltr'>vagus</span> <span class='ocrx_word' id='word_1_183' title='bbox 1503 1387 1559 1418; x_wconf 87' lang='lat' dir='ltr'>est</span> <span class='ocrx_word' id='word_1_184' title='bbox 1590 1386 1627 1418; x_wconf 87' lang='lat' dir='ltr'>et</span> <span class='ocrx_word' id='word_1_185' title='bbox 1657 1382 1864 1431; x_wconf 75' lang='lat' dir='ltr'>prodigus3</span> 
     </span>
     <span class='ocr_line' id='line_1_62' title="bbox 1254 1437 1699 1485; baseline 0.007 -12"><span class='ocrx_word' id='word_1_186' title='bbox 1254 1437 1293 1474; x_wconf 90' lang='lat' dir='ltr'>Si</span> <span class='ocrx_word' id='word_1_187' title='bbox 1325 1438 1416 1474; x_wconf 72' lang='lat' dir='ltr'>vivit</span> <span class='ocrx_word' id='word_1_188' title='bbox 1448 1439 1527 1474; x_wconf 88' lang='lat' dir='ltr'>sine</span> <span class='ocrx_word' id='word_1_189' title='bbox 1558 1439 1699 1485; x_wconf 85' lang='lat' dir='ltr'>regula,</span> 
     </span>
     <span class='ocr_line' id='line_1_63' title="bbox 1254 1494 1752 1541; baseline 0.006 -10"><span class='ocrx_word' id='word_1_190' title='bbox 1254 1494 1399 1531; x_wconf 86' lang='lat' dir='ltr'>Peribit</span> <span class='ocrx_word' id='word_1_191' title='bbox 1429 1501 1548 1531; x_wconf 83' lang='lat' dir='ltr'>morte</span> <span class='ocrx_word' id='word_1_192' title='bbox 1578 1496 1752 1541; x_wconf 84' lang='lat' dir='ltr'>pessima.</span> 
     </span>
    </p>
   </div>
   <div class='ocr_carea' id='block_1_28' title="bbox 1249 1607 1796 1823">
    <p class='ocr_par' dir='ltr' id='par_1_34' title="bbox 1249 1607 1796 1823">
     <span class='ocr_line' id='line_1_64' title="bbox 1250 1607 1773 1655; baseline 0 -11"><span class='ocrx_word' id='word_1_193' title='bbox 1250 1607 1331 1644; x_wconf 91' lang='lat' dir='ltr'>Deo</span> <span class='ocrx_word' id='word_1_194' title='bbox 1364 1607 1526 1644; x_wconf 78' lang='lat' dir='ltr'>devotae</span> <span class='ocrx_word' id='word_1_195' title='bbox 1555 1608 1773 1655; x_wconf 79' lang='lat' dir='ltr'>monachae,</span> 
     </span>
     <span class='ocr_line' id='line_1_65' title="bbox 1251 1664 1739 1712; baseline 0 -12"><span class='ocrx_word' id='word_1_196' title='bbox 1251 1664 1406 1700; x_wconf 88' lang='lat' dir='ltr'>Servate</span> <span class='ocrx_word' id='word_1_197' title='bbox 1437 1664 1557 1710; x_wconf 85' lang='lat' dir='ltr'>legem</span> <span class='ocrx_word' id='word_1_198' title='bbox 1588 1665 1739 1712; x_wconf 88' lang='lat' dir='ltr'>optime,</span> 
     </span>
     <span class='ocr_line' id='line_1_66' title="bbox 1250 1721 1759 1767; baseline 0.004 -12"><span class='ocrx_word' id='word_1_199' title='bbox 1250 1721 1431 1756; x_wconf 66' lang='lat' dir='ltr'>Viventes</span> <span class='ocrx_word' id='word_1_200' title='bbox 1464 1726 1567 1757; x_wconf 86' lang='lat' dir='ltr'>casto</span> <span class='ocrx_word' id='word_1_201' title='bbox 1601 1731 1759 1767; x_wconf 82' lang='lat' dir='ltr'>corpore</span> 
     </span>
     <span class='ocr_line' id='line_1_67' title="bbox 1249 1776 1796 1823; baseline 0.002 -10"><span class='ocrx_word' id='word_1_202' title='bbox 1249 1776 1417 1814; x_wconf 85' lang='lat' dir='ltr'>Terrena</span> <span class='ocrx_word' id='word_1_203' title='bbox 1449 1782 1583 1813; x_wconf 85' lang='lat' dir='ltr'>cuncta</span> <span class='ocrx_word' id='word_1_204' title='bbox 1613 1778 1796 1823; x_wconf 83' lang='lat' dir='ltr'>spernite.</span> 
     </span>
    </p>
   </div>
   <div class='ocr_carea' id='block_1_29' title="bbox 1249 1891 1801 2106">
    <p class='ocr_par' dir='ltr' id='par_1_35' title="bbox 1249 1891 1801 2106">
     <span class='ocr_line' id='line_1_68' title="bbox 1252 1891 1756 1936; baseline -0.002 -9"><span class='ocrx_word' id='word_1_205' title='bbox 1252 1891 1425 1928; x_wconf 83' lang='lat' dir='ltr'>Potestas</span> <span class='ocrx_word' id='word_1_206' title='bbox 1457 1895 1512 1926; x_wconf 92' lang='lat' dir='ltr'>est</span> <span class='ocrx_word' id='word_1_207' title='bbox 1544 1891 1582 1927; x_wconf 93' lang='lat' dir='ltr'>in</span> <span class='ocrx_word' id='word_1_208' title='bbox 1615 1891 1756 1936; x_wconf 89' lang='lat' dir='ltr'>populo</span> 
     </span>
     <span class='ocr_line' id='line_1_69' title="bbox 1249 1947 1786 1994; baseline 0 -10"><span class='ocrx_word' id='word_1_209' title='bbox 1249 1948 1284 1984; x_wconf 90' lang='lat' dir='ltr'>A</span> <span class='ocrx_word' id='word_1_210' title='bbox 1316 1958 1459 1983; x_wconf 90' lang='lat' dir='ltr'>summo</span> <span class='ocrx_word' id='word_1_211' title='bbox 1491 1947 1580 1984; x_wconf 86' lang='lat' dir='ltr'>data</span> <span class='ocrx_word' id='word_1_212' title='bbox 1610 1947 1786 1994; x_wconf 85' lang='lat' dir='ltr'>Domino,</span> 
     </span>
     <span class='ocr_line' id='line_1_70' title="bbox 1249 2002 1727 2047; baseline -0.002 -7"><span class='ocrx_word' id='word_1_213' title='bbox 1249 2003 1298 2040; x_wconf 87' lang='lat' dir='ltr'>Ei</span> <span class='ocrx_word' id='word_1_214' title='bbox 1329 2014 1410 2040; x_wconf 84' lang='lat' dir='ltr'>cum</span> <span class='ocrx_word' id='word_1_215' title='bbox 1443 2002 1518 2040; x_wconf 85' lang='lat' dir='ltr'>fide</span> <span class='ocrx_word' id='word_1_216' title='bbox 1549 2004 1727 2047; x_wconf 82' lang='lat' dir='ltr'>serviant,</span> 
     </span>
     <span class='ocr_line' id='line_1_71' title="bbox 1249 2058 1801 2106; baseline 0.002 -10"><span class='ocrx_word' id='word_1_217' title='bbox 1249 2060 1319 2106; x_wconf 85' lang='lat' dir='ltr'>Qui</span> <span class='ocrx_word' id='word_1_218' title='bbox 1349 2065 1584 2096; x_wconf 86' lang='lat' dir='ltr'>sacramenta</span> <span class='ocrx_word' id='word_1_219' title='bbox 1616 2058 1801 2098; x_wconf 81' lang='lat' dir='ltr'>fecerant.</span> 
     </span>
    </p>
   </div>
   <div class='ocr_carea' id='block_1_30' title="bbox 1249 2172 1752 2379">
    <p class='ocr_par' dir='ltr' id='par_1_36' title="bbox 1249 2172 1752 2379">
     <span class='ocr_line' id='line_1_72' title="bbox 1253 2172 1752 2209; baseline -0.002 0"><span class='ocrx_word' id='word_1_220' title='bbox 1253 2172 1326 2209; x_wconf 90' lang='lat' dir='ltr'>Pro</span> <span class='ocrx_word' id='word_1_221' title='bbox 1356 2172 1459 2209; x_wconf 90' lang='lat' dir='ltr'>nullo</span> <span class='ocrx_word' id='word_1_222' title='bbox 1489 2173 1587 2209; x_wconf 90' lang='lat' dir='ltr'>malo</span> <span class='ocrx_word' id='word_1_223' title='bbox 1618 2174 1752 2208; x_wconf 86' lang='lat' dir='ltr'>merito</span> 
     </span>
     <span class='ocr_line' id='line_1_73' title="bbox 1249 2227 1722 2277; baseline 0 -12"><span class='ocrx_word' id='word_1_224' title='bbox 1249 2227 1323 2265; x_wconf 86' lang='lat' dir='ltr'>Vel</span> <span class='ocrx_word' id='word_1_225' title='bbox 1353 2229 1536 2277; x_wconf 80' lang='lat' dir='ltr'>placitato</span> <span class='ocrx_word' id='word_1_226' title='bbox 1567 2229 1722 2274; x_wconf 88' lang='lat' dir='ltr'>proprio</span> 
     </span>
     <span class='ocr_line' id='line_1_74' title="bbox 1250 2285 1681 2331; baseline 0 -10"><span class='ocrx_word' id='word_1_227' title='bbox 1250 2287 1328 2322; x_wconf 88' lang='lat' dir='ltr'>Aut</span> <span class='ocrx_word' id='word_1_228' title='bbox 1359 2285 1485 2331; x_wconf 86' lang='lat' dir='ltr'>aliqua</span> <span class='ocrx_word' id='word_1_229' title='bbox 1514 2285 1681 2322; x_wconf 85' lang='lat' dir='ltr'>amicitia</span> 
     </span>
     <span class='ocr_line' id='line_1_75' title="bbox 1250 2341 1689 2379; baseline 0 -1"><span class='ocrx_word' id='word_1_230' title='bbox 1250 2343 1382 2378; x_wconf 78' lang='lat' dir='ltr'>Vertat</span> <span class='ocrx_word' id='word_1_231' title='bbox 1415 2352 1505 2378; x_wconf 86' lang='lat' dir='ltr'>vera</span> <span class='ocrx_word' id='word_1_232' title='bbox 1535 2341 1689 2379; x_wconf 82' lang='lat' dir='ltr'>iudicia.</span> 
     </span>
    </p>
   </div>
   <div class='ocr_carea' id='block_1_31' title="bbox 1247 2454 1782 2670">
    <p class='ocr_par' dir='ltr' id='par_1_37' title="bbox 1247 2454 1782 2670">
     <span class='ocr_line' id='line_1_76' title="bbox 1249 2454 1782 2500; baseline -0.004 -8"><span class='ocrx_word' id='word_1_233' title='bbox 1249 2455 1367 2492; x_wconf 87' lang='lat' dir='ltr'>Iudex</span> <span class='ocrx_word' id='word_1_234' title='bbox 1402 2455 1537 2491; x_wconf 83' lang='lat' dir='ltr'>sedens</span> <span class='ocrx_word' id='word_1_235' title='bbox 1568 2454 1606 2491; x_wconf 92' lang='lat' dir='ltr'>in</span> <span class='ocrx_word' id='word_1_236' title='bbox 1637 2454 1782 2500; x_wconf 83' lang='lat' dir='ltr'>placito</span> 
     </span>
     <span class='ocr_line' id='line_1_77' title="bbox 1247 2511 1779 2558; baseline -0.002 -11"><span class='ocrx_word' id='word_1_237' title='bbox 1247 2511 1331 2548; x_wconf 84' lang='lat' dir='ltr'>Non</span> <span class='ocrx_word' id='word_1_238' title='bbox 1364 2517 1491 2558; x_wconf 83' lang='lat' dir='ltr'>speret</span> <span class='ocrx_word' id='word_1_239' title='bbox 1525 2511 1571 2547; x_wconf 86' lang='lat' dir='ltr'>de</span> <span class='ocrx_word' id='word_1_240' title='bbox 1603 2511 1779 2555; x_wconf 79' lang='lat' dir='ltr'>bizantio,</span> 
     </span>
     <span class='ocr_line' id='line_1_78' title="bbox 1248 2567 1771 2605; baseline -0.006 0"><span class='ocrx_word' id='word_1_241' title='bbox 1248 2568 1322 2605; x_wconf 85' lang='lat' dir='ltr'>Sed</span> <span class='ocrx_word' id='word_1_242' title='bbox 1354 2567 1474 2604; x_wconf 88' lang='lat' dir='ltr'>Deum</span> <span class='ocrx_word' id='word_1_243' title='bbox 1506 2573 1609 2604; x_wconf 88' lang='lat' dir='ltr'>recte</span> <span class='ocrx_word' id='word_1_244' title='bbox 1641 2568 1771 2604; x_wconf 88' lang='lat' dir='ltr'>timeat</span> 
     </span>
     <span class='ocr_line' id='line_1_79' title="bbox 1247 2624 1702 2670; baseline 0.004 -9"><span class='ocrx_word' id='word_1_245' title='bbox 1247 2625 1296 2661; x_wconf 83' lang='lat' dir='ltr'>Et</span> <span class='ocrx_word' id='word_1_246' title='bbox 1328 2625 1447 2670; x_wconf 75' lang='lat' dir='ltr'>legem</span> <span class='ocrx_word' id='word_1_247' title='bbox 1480 2625 1554 2661; x_wconf 88' lang='lat' dir='ltr'>cito</span> <span class='ocrx_word' id='word_1_248' title='bbox 1584 2624 1702 2663; x_wconf 86' lang='lat' dir='ltr'>finiat.</span> 
     </span>
    </p>
   </div>
   <div class='ocr_carea' id='block_1_32' title="bbox 1245 2737 1812 2952">
    <p class='ocr_par' dir='ltr' id='par_1_38' title="bbox 1245 2737 1812 2952">
     <span class='ocr_line' id='line_1_80' title="bbox 1245 2737 1812 2784; baseline -0.005 -10"><span class='ocrx_word' id='word_1_249' title='bbox 1245 2738 1390 2783; x_wconf 86' lang='lat' dir='ltr'>Testes,</span> <span class='ocrx_word' id='word_1_250' title='bbox 1423 2748 1492 2784; x_wconf 87' lang='lat' dir='ltr'>pro</span> <span class='ocrx_word' id='word_1_251' title='bbox 1523 2737 1626 2774; x_wconf 89' lang='lat' dir='ltr'>nullo</span> <span class='ocrx_word' id='word_1_252' title='bbox 1657 2746 1812 2772; x_wconf 87' lang='lat' dir='ltr'>munere</span> 
     </span>
     <span class='ocr_line' id='line_1_81' title="bbox 1245 2793 1764 2840; baseline -0.004 -10"><span class='ocrx_word' id='word_1_253' title='bbox 1245 2794 1360 2832; x_wconf 86' lang='lat' dir='ltr'>Falsa</span> <span class='ocrx_word' id='word_1_254' title='bbox 1390 2794 1492 2840; x_wconf 92' lang='lat' dir='ltr'>loqui</span> <span class='ocrx_word' id='word_1_255' title='bbox 1523 2793 1764 2840; x_wconf 84' lang='lat' dir='ltr'>praesumite,</span> 
     </span>
     <span class='ocr_line' id='line_1_82' title="bbox 1247 2850 1736 2889; baseline -0.01 0"><span class='ocrx_word' id='word_1_256' title='bbox 1247 2851 1321 2889; x_wconf 86' lang='lat' dir='ltr'>Sed</span> <span class='ocrx_word' id='word_1_257' title='bbox 1354 2850 1471 2888; x_wconf 81' lang='lat' dir='ltr'>verba</span> <span class='ocrx_word' id='word_1_258' title='bbox 1501 2860 1589 2886; x_wconf 72' lang='lat' dir='ltr'>vera</span> <span class='ocrx_word' id='word_1_259' title='bbox 1621 2850 1736 2886; x_wconf 84' lang='lat' dir='ltr'>dicite</span> 
     </span>
     <span class='ocr_line' id='line_1_83' title="bbox 1245 2905 1782 2952; baseline -0.004 -8"><span class='ocrx_word' id='word_1_260' title='bbox 1245 2908 1450 2944; x_wconf 79' lang='lat' dir='ltr'>Praesente</span> <span class='ocrx_word' id='word_1_261' title='bbox 1479 2917 1567 2943; x_wconf 72' lang='lat' dir='ltr'>vero</span> <span class='ocrx_word' id='word_1_262' title='bbox 1598 2905 1782 2952; x_wconf 79' lang='lat' dir='ltr'>principe.</span> 
     </span>
    </p>
   </div>
   <div class='ocr_carea' id='block_1_33' title="bbox 1973 0 2031 281">
    <p class='ocr_par' dir='ltr' id='par_1_39' title="bbox 1973 0 2031 281">
     <span class='ocr_line' id='line_1_84' title="bbox 1973 0 2031 281; baseline 0 3008"><span class='ocrx_word' id='word_1_263' title='bbox 1973 0 2031 281; x_wconf 95' lang='lat' dir='ltr'> </span> 
     </span>
    </p>
   </div>
  </div>
 </body>
</html>
