<?xml version="1.0" encoding="UTF-8"?>
<!DOCTYPE html PUBLIC "-//W3C//DTD XHTML 1.0 Transitional//EN"
    "http://www.w3.org/TR/xhtml1/DTD/xhtml1-transitional.dtd">
<html xmlns="http://www.w3.org/1999/xhtml" xml:lang="en" lang="en">
 <head>
  <title>
</title>
<meta http-equiv="Content-Type" content="text/html;charset=utf-8" />
  <meta name='ocr-system' content='tesseract 3.04.00' />
  <meta name='ocr-capabilities' content='ocr_page ocr_carea ocr_par ocr_line ocrx_word'/>
</head>
<body>
  <div class='ocr_page' id='page_1' title='image "./hymnographilatin01drevuoft_0119.png"; bbox 0 0 1914 3223; ppageno 0'>
   <div class='ocr_carea' id='block_1_1' title="bbox 717 156 1024 197">
    <p class='ocr_par' dir='ltr' id='par_1_1' title="bbox 717 156 1024 197">
     <span class='ocr_line' id='line_1_1' title="bbox 717 156 1024 197; baseline -0.007 1"><span class='ocrx_word' id='word_1_1' title='bbox 717 156 1024 197; x_wconf 82' lang='lat'>—113—</span> 
     </span>
    </p>
   </div>
   <div class='ocr_carea' id='block_1_2' title="bbox 140 271 839 376">
    <p class='ocr_par' dir='ltr' id='par_1_2' title="bbox 140 271 839 376">
     <span class='ocr_line' id='line_1_2' title="bbox 140 271 839 319; baseline -0.007 -7"><span class='ocrx_word' id='word_1_2' title='bbox 140 275 209 312; x_wconf 85' lang='lat'>95.</span> <span class='ocrx_word' id='word_1_3' title='bbox 241 272 439 319; x_wconf 88' lang='lat' dir='ltr'><strong>Nunquam</strong></span> <span class='ocrx_word' id='word_1_4' title='bbox 459 281 642 319; x_wconf 86' lang='lat' dir='ltr'>spernens</span> <span class='ocrx_word' id='word_1_5' title='bbox 659 271 839 308; x_wconf 83' lang='lat' dir='ltr'>exaudire</span> 
     </span>
     <span class='ocr_line' id='line_1_3' title="bbox 292 327 776 376; baseline 0 -10"><span class='ocrx_word' id='word_1_6' title='bbox 292 339 423 376; x_wconf 80' lang='lat' dir='ltr'>preces</span> <span class='ocrx_word' id='word_1_7' title='bbox 455 329 523 365; x_wconf 86' lang='lat' dir='ltr'>tibi</span> <span class='ocrx_word' id='word_1_8' title='bbox 552 327 776 376; x_wconf 88' lang='lat' dir='ltr'>supplicum.</span> 
     </span>
    </p>
   </div>
   <div class='ocr_carea' id='block_1_3' title="bbox 241 389 841 494">
    <p class='ocr_par' dir='ltr' id='par_1_3' title="bbox 241 389 841 494">
     <span class='ocr_line' id='line_1_4' title="bbox 241 389 841 435; baseline -0.005 -6"><span class='ocrx_word' id='word_1_9' title='bbox 241 390 370 430; x_wconf 84' lang='lat' dir='ltr'>Bubus</span> <span class='ocrx_word' id='word_1_10' title='bbox 387 391 538 435; x_wconf 86' lang='lat' dir='ltr'>ardens,</span> <span class='ocrx_word' id='word_1_11' title='bbox 556 401 628 427; x_wconf 91' lang='lat' dir='ltr'>non</span> <span class='ocrx_word' id='word_1_12' title='bbox 647 389 841 427; x_wconf 85' lang='lat' dir='ltr'>combusta</span> 
     </span>
     <span class='ocr_line' id='line_1_5' title="bbox 295 446 772 494; baseline -0.004 -10"><span class='ocrx_word' id='word_1_13' title='bbox 295 453 417 485; x_wconf 86' lang='lat' dir='ltr'>tamen</span> <span class='ocrx_word' id='word_1_14' title='bbox 448 457 517 494; x_wconf 91' lang='lat' dir='ltr'>per</span> <span class='ocrx_word' id='word_1_15' title='bbox 547 446 772 494; x_wconf 86' lang='lat' dir='ltr'>incendium,</span> 
     </span>
    </p>
   </div>
   <div class='ocr_carea' id='block_1_4' title="bbox 240 507 867 613">
    <p class='ocr_par' dir='ltr' id='par_1_4' title="bbox 240 507 867 613">
     <span class='ocr_line' id='line_1_6' title="bbox 240 507 867 556; baseline -0.005 -9"><span class='ocrx_word' id='word_1_16' title='bbox 240 510 342 548; x_wconf 88' lang='lat' dir='ltr'>Haec</span> <span class='ocrx_word' id='word_1_17' title='bbox 354 513 410 546; x_wconf 89' lang='lat' dir='ltr'>est</span> <span class='ocrx_word' id='word_1_18' title='bbox 421 519 632 556; x_wconf 82' lang='lat' dir='ltr'>praegnans</span> <span class='ocrx_word' id='word_1_19' title='bbox 645 512 679 545; x_wconf 88' lang='lat' dir='ltr'>et</span> <span class='ocrx_word' id='word_1_20' title='bbox 694 507 801 545; x_wconf 88' lang='lat' dir='ltr'>feeun</span> <span class='ocrx_word' id='word_1_21' title='bbox 808 507 867 555; x_wconf 89' lang='lat' dir='ltr'>da,</span> 
     </span>
     <span class='ocr_line' id='line_1_7' title="bbox 293 565 797 613; baseline -0.006 -9"><span class='ocrx_word' id='word_1_22' title='bbox 293 577 364 604; x_wconf 92' lang='lat' dir='ltr'>non</span> <span class='ocrx_word' id='word_1_23' title='bbox 392 569 515 603; x_wconf 85' lang='lat' dir='ltr'>tamen</span> <span class='ocrx_word' id='word_1_24' title='bbox 548 576 616 613; x_wconf 90' lang='lat' dir='ltr'>per</span> <span class='ocrx_word' id='word_1_25' title='bbox 647 565 797 613; x_wconf 86' lang='lat' dir='ltr'>coitum,</span> 
     </span>
    </p>
   </div>
   <div class='ocr_carea' id='block_1_5' title="bbox 238 627 839 850">
    <p class='ocr_par' dir='ltr' id='par_1_5' title="bbox 238 627 839 850">
     <span class='ocr_line' id='line_1_8' title="bbox 238 627 777 666; baseline -0.006 0"><span class='ocrx_word' id='word_1_26' title='bbox 238 628 321 666; x_wconf 90' lang='lat' dir='ltr'>Non</span> <span class='ocrx_word' id='word_1_27' title='bbox 353 639 398 665; x_wconf 88' lang='lat' dir='ltr'>ex</span> <span class='ocrx_word' id='word_1_28' title='bbox 428 627 552 665; x_wconf 90' lang='lat' dir='ltr'>carnis</span> <span class='ocrx_word' id='word_1_29' title='bbox 584 627 777 664; x_wconf 87' lang='lat' dir='ltr'>voluntate</span> 
     </span>
     <span class='ocr_line' id='line_1_9' title="bbox 293 684 773 732; baseline -0.006 -10"><span class='ocrx_word' id='word_1_30' title='bbox 293 685 358 722; x_wconf 90' lang='lat' dir='ltr'>sed</span> <span class='ocrx_word' id='word_1_31' title='bbox 387 694 457 732; x_wconf 91' lang='lat' dir='ltr'>per</span> <span class='ocrx_word' id='word_1_32' title='bbox 487 684 558 721; x_wconf 92' lang='lat' dir='ltr'>Dei</span> <span class='ocrx_word' id='word_1_33' title='bbox 586 684 773 731; x_wconf 84' lang='lat' dir='ltr'>spiritum.</span> 
     </span>
     <span class='ocr_line' id='line_1_10' title="bbox 240 744 839 792; baseline -0.003 -8"><span class='ocrx_word' id='word_1_34' title='bbox 240 747 381 784; x_wconf 87' lang='lat' dir='ltr'>Hortus</span> <span class='ocrx_word' id='word_1_35' title='bbox 402 747 563 792; x_wconf 79' lang='lat' dir='ltr'>clausus,</span> <span class='ocrx_word' id='word_1_36' title='bbox 585 745 623 783; x_wconf 91' lang='lat' dir='ltr'>in</span> <span class='ocrx_word' id='word_1_37' title='bbox 640 757 713 792; x_wconf 91' lang='lat' dir='ltr'>quo</span> <span class='ocrx_word' id='word_1_38' title='bbox 729 744 839 783; x_wconf 89' lang='lat' dir='ltr'>flores</span> 
     </span>
     <span class='ocr_line' id='line_1_11' title="bbox 302 804 800 850; baseline -0.002 -10"><span class='ocrx_word' id='word_1_39' title='bbox 302 804 463 840; x_wconf 91' lang='lat' dir='ltr'>omnium</span> <span class='ocrx_word' id='word_1_40' title='bbox 495 807 582 840; x_wconf 84' lang='lat' dir='ltr'>sunt.</span> <span class='ocrx_word' id='word_1_41' title='bbox 611 812 800 850; x_wconf 82' lang='lat' dir='ltr'>generum,</span> 
     </span>
    </p>
   </div>
   <div class='ocr_carea' id='block_1_6' title="bbox 145 864 838 961">
    <p class='ocr_par' dir='ltr' id='par_1_6' title="bbox 145 864 838 961">
     <span class='ocr_line' id='line_1_12' title="bbox 145 864 838 911; baseline -0.004 -7"><span class='ocrx_word' id='word_1_42' title='bbox 145 868 212 904; x_wconf 91' lang='grc'><strong>05.</strong></span> <span class='ocrx_word' id='word_1_43' title='bbox 245 865 358 903; x_wconf 90' lang='lat' dir='ltr'>Cuius</span> <span class='ocrx_word' id='word_1_44' title='bbox 375 864 535 902; x_wconf 85' lang='lat' dir='ltr'>fructum</span> <span class='ocrx_word' id='word_1_45' title='bbox 550 875 620 902; x_wconf 90' lang='lat' dir='ltr'>non</span> <span class='ocrx_word' id='word_1_46' title='bbox 634 864 838 911; x_wconf 80' lang='lat' dir='ltr'>corrumpit</span> 
     </span>
     <span class='ocr_line' id='line_1_13' title="bbox 298 920 702 961; baseline 0.002 -2"><span class='ocrx_word' id='word_1_47' title='bbox 298 920 399 959; x_wconf 84' lang='lat' dir='ltr'>fraus</span> <span class='ocrx_word' id='word_1_48' title='bbox 431 921 702 961; x_wconf 85' lang='lat' dir='ltr'>insidiantium.</span> 
     </span>
    </p>
   </div>
   <div class='ocr_carea' id='block_1_7' title="bbox 243 983 839 1088">
    <p class='ocr_par' dir='ltr' id='par_1_7' title="bbox 243 983 839 1088">
     <span class='ocr_line' id='line_1_14' title="bbox 243 983 839 1031; baseline -0.003 -9"><span class='ocrx_word' id='word_1_49' title='bbox 243 984 343 1022; x_wconf 88' lang='lat' dir='ltr'>Fons</span> <span class='ocrx_word' id='word_1_50' title='bbox 374 984 553 1031; x_wconf 88' lang='lat' dir='ltr'>signatus,</span> <span class='ocrx_word' id='word_1_51' title='bbox 586 983 656 1020; x_wconf 90' lang='lat' dir='ltr'>hoc</span> <span class='ocrx_word' id='word_1_52' title='bbox 686 988 744 1020; x_wconf 86' lang='lat' dir='ltr'>est</span> <span class='ocrx_word' id='word_1_53' title='bbox 769 983 839 1021; x_wconf 90' lang='lat' dir='ltr'>Dei</span> 
     </span>
     <span class='ocr_line' id='line_1_15' title="bbox 296 1040 764 1088; baseline 0 -11"><span class='ocrx_word' id='word_1_54' title='bbox 296 1040 492 1088; x_wconf 89' lang='lat' dir='ltr'>possidens</span> <span class='ocrx_word' id='word_1_55' title='bbox 520 1040 764 1087; x_wconf 87' lang='lat' dir='ltr'>signaculum,</span> 
     </span>
    </p>
   </div>
   <div class='ocr_carea' id='block_1_8' title="bbox 147 1102 758 1209">
    <p class='ocr_par' dir='ltr' id='par_1_8' title="bbox 147 1102 758 1209">
     <span class='ocr_line' id='line_1_16' title="bbox 243 1102 682 1149; baseline -0.005 -8"><span class='ocrx_word' id='word_1_56' title='bbox 243 1102 427 1142; x_wconf 87' lang='lat' dir='ltr'>Ubertate</span> <span class='ocrx_word' id='word_1_57' title='bbox 457 1113 526 1139; x_wconf 88' lang='lat' dir='ltr'>sua</span> <span class='ocrx_word' id='word_1_58' title='bbox 556 1102 682 1149; x_wconf 88' lang='lat' dir='ltr'>rigans</span> 
     </span>
     <span class='ocr_line' id='line_1_17' title="bbox 147 1158 758 1209; baseline -0.002 -11"><span class='ocrx_word' id='word_1_59' title='bbox 147 1160 212 1198; x_wconf 89' lang='lat'>10.</span> <span class='ocrx_word' id='word_1_60' title='bbox 299 1158 400 1196; x_wconf 84' lang='lat' dir='ltr'>orbis</span> <span class='ocrx_word' id='word_1_61' title='bbox 431 1163 554 1196; x_wconf 86' lang='lat' dir='ltr'>terrae</span> <span class='ocrx_word' id='word_1_62' title='bbox 584 1159 758 1209; x_wconf 85' lang='lat' dir='ltr'>spatium,</span> 
     </span>
    </p>
   </div>
   <div class='ocr_carea' id='block_1_9' title="bbox 244 1221 840 1445">
    <p class='ocr_par' dir='ltr' id='par_1_9' title="bbox 248 1221 736 1326">
     <span class='ocr_line' id='line_1_18' title="bbox 248 1221 640 1259; baseline -0.003 -1"><span class='ocrx_word' id='word_1_63' title='bbox 248 1221 337 1258; x_wconf 83' lang='lat' dir='ltr'>Piae</span> <span class='ocrx_word' id='word_1_64' title='bbox 367 1221 640 1259; x_wconf 89' lang='lat' dir='ltr'>recordationis</span> 
     </span>
     <span class='ocr_line' id='line_1_19' title="bbox 299 1277 736 1326; baseline 0 -12"><span class='ocrx_word' id='word_1_65' title='bbox 299 1278 514 1315; x_wconf 82' lang='lat' dir='ltr'>suscitatrix</span> <span class='ocrx_word' id='word_1_66' title='bbox 545 1277 736 1326; x_wconf 86' lang='lat' dir='ltr'>mentium,</span> 
     </span>
    </p>

    <p class='ocr_par' dir='ltr' id='par_1_10' title="bbox 244 1339 840 1445">
     <span class='ocr_line' id='line_1_20' title="bbox 244 1339 840 1386; baseline -0.002 -9"><span class='ocrx_word' id='word_1_67' title='bbox 244 1339 338 1386; x_wconf 89' lang='lat' dir='ltr'>Spes</span> <span class='ocrx_word' id='word_1_68' title='bbox 369 1340 558 1386; x_wconf 88' lang='lat' dir='ltr'>lapsorum</span> <span class='ocrx_word' id='word_1_69' title='bbox 590 1344 625 1376; x_wconf 89' lang='lat' dir='ltr'>et</span> <span class='ocrx_word' id='word_1_70' title='bbox 656 1339 840 1376; x_wconf 81' lang='lat' dir='ltr'>incentrix</span> 
     </span>
     <span class='ocr_line' id='line_1_21' title="bbox 297 1395 750 1445; baseline 0 -13"><span class='ocrx_word' id='word_1_71' title='bbox 297 1400 510 1433; x_wconf 86' lang='lat' dir='ltr'>sanctorum</span> <span class='ocrx_word' id='word_1_72' title='bbox 541 1395 750 1445; x_wconf 83' lang='lat' dir='ltr'>affectuum⁷</span> 
     </span>
    </p>
   </div>
   <div class='ocr_carea' id='block_1_10' title="bbox 137 1456 878 2922">
    <p class='ocr_par' dir='ltr' id='par_1_11' title="bbox 137 1456 878 2922">
     <span class='ocr_line' id='line_1_22' title="bbox 144 1456 822 1504; baseline -0.004 -8"><span class='ocrx_word' id='word_1_73' title='bbox 144 1459 209 1496; x_wconf 89' lang='lat'>15.</span> <span class='ocrx_word' id='word_1_74' title='bbox 242 1457 370 1495; x_wconf 88' lang='lat' dir='ltr'>Pande</span> <span class='ocrx_word' id='word_1_75' title='bbox 400 1456 520 1502; x_wconf 87' lang='lat' dir='ltr'>nobis,</span> <span class='ocrx_word' id='word_1_76' title='bbox 553 1467 703 1504; x_wconf 83' lang='lat' dir='ltr'>quaeso,</span> <span class='ocrx_word' id='word_1_77' title='bbox 735 1461 822 1495; x_wconf 89' lang='lat' dir='ltr'>tuae</span> 
     </span>
     <span class='ocr_line' id='line_1_23' title="bbox 296 1513 636 1560; baseline 0 -10"><span class='ocrx_word' id='word_1_78' title='bbox 296 1514 449 1560; x_wconf 88' lang='lat' dir='ltr'>pietatis</span> <span class='ocrx_word' id='word_1_79' title='bbox 478 1513 636 1551; x_wconf 91' lang='lat' dir='ltr'>aditum.</span> 
     </span>
     <span class='ocr_line' id='line_1_24' title="bbox 240 1569 735 1609; baseline -0.006 0"><span class='ocrx_word' id='word_1_80' title='bbox 240 1571 397 1609; x_wconf 88' lang='lat' dir='ltr'>Praesta</span> <span class='ocrx_word' id='word_1_81' title='bbox 427 1569 534 1607; x_wconf 89' lang='lat' dir='ltr'>nobis</span> <span class='ocrx_word' id='word_1_82' title='bbox 564 1570 735 1607; x_wconf 87' lang='lat' dir='ltr'>obtinere</span> 
     </span>
     <span class='ocr_line' id='line_1_25' title="bbox 294 1626 685 1676; baseline 0 -13"><span class='ocrx_word' id='word_1_83' title='bbox 294 1626 445 1664; x_wconf 86' lang='lat' dir='ltr'>salubre</span> <span class='ocrx_word' id='word_1_84' title='bbox 477 1627 685 1676; x_wconf 87' lang='lat' dir='ltr'>consilium,</span> 
     </span>
     <span class='ocr_line' id='line_1_26' title="bbox 238 1681 737 1721; baseline -0.002 -1"><span class='ocrx_word' id='word_1_85' title='bbox 238 1681 344 1720; x_wconf 89' lang='lat' dir='ltr'>Infer</span> <span class='ocrx_word' id='word_1_86' title='bbox 372 1683 511 1720; x_wconf 89' lang='lat' dir='ltr'>nostris</span> <span class='ocrx_word' id='word_1_87' title='bbox 541 1683 737 1721; x_wconf 86' lang='lat' dir='ltr'>animabus</span> 
     </span>
     <span class='ocr_line' id='line_1_27' title="bbox 138 1740 692 1780; baseline 0.002 -1"><span class='ocrx_word' id='word_1_88' title='bbox 138 1742 202 1779; x_wconf 87' lang='lat'>20.</span> <span class='ocrx_word' id='word_1_89' title='bbox 289 1740 382 1777; x_wconf 90' lang='lat' dir='ltr'>lucis</span> <span class='ocrx_word' id='word_1_90' title='bbox 413 1743 499 1777; x_wconf 90' lang='lat' dir='ltr'>tuae</span> <span class='ocrx_word' id='word_1_91' title='bbox 529 1740 692 1780; x_wconf 89' lang='lat' dir='ltr'>radium.</span> 
     </span>
     <span class='ocr_line' id='line_1_28' title="bbox 235 1797 690 1846; baseline 0.002 -13"><span class='ocrx_word' id='word_1_92' title='bbox 235 1797 328 1834; x_wconf 83' lang='lat' dir='ltr'>Iuva</span> <span class='ocrx_word' id='word_1_93' title='bbox 357 1806 481 1846; x_wconf 89' lang='lat' dir='ltr'>prece,</span> <span class='ocrx_word' id='word_1_94' title='bbox 514 1797 690 1844; x_wconf 87' lang='lat' dir='ltr'>gloriosa,</span> 
     </span>
     <span class='ocr_line' id='line_1_29' title="bbox 290 1853 744 1903; baseline 0.002 -14"><span class='ocrx_word' id='word_1_95' title='bbox 290 1858 526 1900; x_wconf 88' lang='lat' dir='ltr'>peccatorem</span> <span class='ocrx_word' id='word_1_96' title='bbox 556 1853 744 1903; x_wconf 88' lang='lat' dir='ltr'>miserum,</span> 
     </span>
     <span class='ocr_line' id='line_1_30' title="bbox 239 1909 682 1948; baseline 0.002 -2"><span class='ocrx_word' id='word_1_97' title='bbox 239 1909 298 1947; x_wconf 91' lang='lat' dir='ltr'>Da</span> <span class='ocrx_word' id='word_1_98' title='bbox 328 1910 448 1947; x_wconf 87' lang='lat' dir='ltr'>vitare</span> <span class='ocrx_word' id='word_1_99' title='bbox 479 1921 588 1947; x_wconf 78' lang='lat' dir='ltr'>servo</span> <span class='ocrx_word' id='word_1_100' title='bbox 618 1914 682 1948; x_wconf 86' lang='lat' dir='ltr'>tuo</span> 
     </span>
     <span class='ocr_line' id='line_1_31' title="bbox 296 1966 728 2013; baseline 0.009 -10"><span class='ocrx_word' id='word_1_101' title='bbox 296 1966 469 2013; x_wconf 88' lang='lat' dir='ltr'>laqueum</span> <span class='ocrx_word' id='word_1_102' title='bbox 501 1967 728 2007; x_wconf 80' lang='lat' dir='ltr'>venantium.</span> 
     </span>
     <span class='ocr_line' id='line_1_32' title="bbox 143 2022 787 2071; baseline -0.003 -9"><span class='ocrx_word' id='word_1_103' title='bbox 143 2025 209 2062; x_wconf 86' lang='lat'>25.</span> <span class='ocrx_word' id='word_1_104' title='bbox 241 2022 332 2071; x_wconf 80' lang='lat' dir='ltr'>Fae,</span> <span class='ocrx_word' id='word_1_105' title='bbox 364 2033 410 2059; x_wconf 91' lang='lat' dir='ltr'>ne</span> <span class='ocrx_word' id='word_1_106' title='bbox 439 2024 570 2060; x_wconf 90' lang='lat' dir='ltr'>mundi</span> <span class='ocrx_word' id='word_1_107' title='bbox 601 2024 787 2061; x_wconf 84' lang='lat' dir='ltr'>vanitates</span> 
     </span>
     <span class='ocr_line' id='line_1_33' title="bbox 294 2080 806 2127; baseline 0.002 -11"><span class='ocrx_word' id='word_1_108' title='bbox 294 2090 415 2117; x_wconf 90' lang='lat' dir='ltr'>meum</span> <span class='ocrx_word' id='word_1_109' title='bbox 447 2085 600 2127; x_wconf 85' lang='lat' dir='ltr'>captent</span> <span class='ocrx_word' id='word_1_110' title='bbox 630 2080 806 2127; x_wconf 85' lang='lat' dir='ltr'>animum,</span> 
     </span>
     <span class='ocr_line' id='line_1_34' title="bbox 239 2135 780 2175; baseline 0.002 -2"><span class='ocrx_word' id='word_1_111' title='bbox 239 2135 297 2173; x_wconf 87' lang='lat' dir='ltr'>Ne</span> <span class='ocrx_word' id='word_1_112' title='bbox 329 2135 541 2175; x_wconf 87' lang='lat' dir='ltr'>confundar</span> <span class='ocrx_word' id='word_1_113' title='bbox 570 2138 670 2174; x_wconf 89' lang='lat' dir='ltr'>inter</span> <span class='ocrx_word' id='word_1_114' title='bbox 703 2137 780 2174; x_wconf 89' lang='lat' dir='ltr'>tela</span> 
     </span>
     <span class='ocr_line' id='line_1_35' title="bbox 292 2193 719 2240; baseline 0 -10"><span class='ocrx_word' id='word_1_115' title='bbox 292 2193 522 2240; x_wconf 89' lang='lat' dir='ltr'>perfidorum</span> <span class='ocrx_word' id='word_1_116' title='bbox 557 2194 719 2231; x_wconf 89' lang='lat' dir='ltr'>hostium</span> 
     </span>
     <span class='ocr_line' id='line_1_36' title="bbox 236 2249 878 2297; baseline 0.003 -11"><span class='ocrx_word' id='word_1_117' title='bbox 236 2249 316 2287; x_wconf 90' lang='lat' dir='ltr'>Nec</span> <span class='ocrx_word' id='word_1_118' title='bbox 327 2250 566 2288; x_wconf 85' lang='lat' dir='ltr'>succumbam</span> <span class='ocrx_word' id='word_1_119' title='bbox 585 2251 878 2297; x_wconf 88' lang='lat' dir='ltr'>comprehensus</span> 
     </span>
     <span class='ocr_line' id='line_1_37' title="bbox 139 2305 779 2355; baseline 0 -10"><span class='ocrx_word' id='word_1_120' title='bbox 139 2307 203 2346; x_wconf 88' lang='lat'>30.</span> <span class='ocrx_word' id='word_1_121' title='bbox 292 2305 427 2344; x_wconf 82' lang='lat' dir='ltr'>fraude</span> <span class='ocrx_word' id='word_1_122' title='bbox 457 2308 779 2355; x_wconf 86' lang='lat' dir='ltr'>persequentium.</span> 
     </span>
     <span class='ocr_line' id='line_1_38' title="bbox 235 2363 840 2413; baseline 0.002 -13"><span class='ocrx_word' id='word_1_123' title='bbox 235 2363 366 2401; x_wconf 86' lang='lat' dir='ltr'>Hostis</span> <span class='ocrx_word' id='word_1_124' title='bbox 398 2365 508 2413; x_wconf 89' lang='lat' dir='ltr'>enim,</span> <span class='ocrx_word' id='word_1_125' title='bbox 543 2365 630 2401; x_wconf 93' lang='lat' dir='ltr'>dum</span> <span class='ocrx_word' id='word_1_126' title='bbox 654 2375 713 2402; x_wconf 89' lang='lat' dir='ltr'>me</span> <span class='ocrx_word' id='word_1_127' title='bbox 735 2365 840 2403; x_wconf 89' lang='lat' dir='ltr'>videt</span> 
     </span>
     <span class='ocr_line' id='line_1_39' title="bbox 291 2421 664 2467; baseline 0.003 -10"><span class='ocrx_word' id='word_1_128' title='bbox 291 2421 448 2458; x_wconf 83' lang='lat' dir='ltr'>vanitati</span> <span class='ocrx_word' id='word_1_129' title='bbox 482 2421 664 2467; x_wconf 88' lang='lat' dir='ltr'>deditum,</span> 
     </span>
     <span class='ocr_line' id='line_1_40' title="bbox 234 2473 839 2526; baseline 0 -12"><span class='ocrx_word' id='word_1_130' title='bbox 234 2477 356 2514; x_wconf 88' lang='lat' dir='ltr'>Instat</span> <span class='ocrx_word' id='word_1_131' title='bbox 377 2473 528 2526; x_wconf 84' lang='lat' dir='ltr'>ardens,</span> <span class='ocrx_word' id='word_1_132' title='bbox 551 2482 592 2515; x_wconf 88' lang='lat' dir='ltr'>ut</span> <span class='ocrx_word' id='word_1_133' title='bbox 608 2479 656 2516; x_wconf 89' lang='lat' dir='ltr'>ad</span> <span class='ocrx_word' id='word_1_134' title='bbox 675 2489 839 2525; x_wconf 88' lang='lat' dir='ltr'>poenam</span> 
     </span>
     <span class='ocr_line' id='line_1_41' title="bbox 290 2534 711 2581; baseline 0.01 -11"><span class='ocrx_word' id='word_1_135' title='bbox 290 2534 415 2581; x_wconf 87' lang='lat' dir='ltr'>rapiat</span> <span class='ocrx_word' id='word_1_136' title='bbox 445 2534 711 2581; x_wconf 88' lang='lat' dir='ltr'>improvidum.</span> 
     </span>
     <span class='ocr_line' id='line_1_42' title="bbox 137 2588 739 2629; baseline 0.002 -2"><span class='ocrx_word' id='word_1_137' title='bbox 137 2588 202 2628; x_wconf 87' lang='lat'>35.</span> <span class='ocrx_word' id='word_1_138' title='bbox 235 2590 376 2628; x_wconf 84' lang='lat' dir='ltr'>Contra</span> <span class='ocrx_word' id='word_1_139' title='bbox 406 2591 510 2628; x_wconf 89' lang='lat' dir='ltr'>cuius</span> <span class='ocrx_word' id='word_1_140' title='bbox 542 2592 618 2629; x_wconf 88' lang='lat' dir='ltr'>tela</span> <span class='ocrx_word' id='word_1_141' title='bbox 648 2591 739 2629; x_wconf 89' lang='lat' dir='ltr'>mihi</span> 
     </span>
     <span class='ocr_line' id='line_1_43' title="bbox 290 2647 739 2697; baseline 0.002 -13"><span class='ocrx_word' id='word_1_142' title='bbox 290 2651 330 2684; x_wconf 92' lang='lat' dir='ltr'>tu</span> <span class='ocrx_word' id='word_1_143' title='bbox 361 2647 532 2685; x_wconf 88' lang='lat' dir='ltr'>ministra</span> <span class='ocrx_word' id='word_1_144' title='bbox 565 2648 739 2697; x_wconf 87' lang='lat' dir='ltr'>clipeum,</span> 
     </span>
     <span class='ocr_line' id='line_1_44' title="bbox 234 2703 746 2752; baseline 0.004 -12"><span class='ocrx_word' id='word_1_145' title='bbox 234 2703 293 2740; x_wconf 87' lang='lat' dir='ltr'>Ne</span> <span class='ocrx_word' id='word_1_146' title='bbox 323 2714 382 2740; x_wconf 90' lang='lat' dir='ltr'>me</span> <span class='ocrx_word' id='word_1_147' title='bbox 412 2704 522 2741; x_wconf 90' lang='lat' dir='ltr'>nimis</span> <span class='ocrx_word' id='word_1_148' title='bbox 554 2705 746 2752; x_wconf 88' lang='lat' dir='ltr'>appetitus</span> 
     </span>
     <span class='ocr_line' id='line_1_45' title="bbox 290 2761 666 2809; baseline 0.003 -12"><span class='ocrx_word' id='word_1_149' title='bbox 290 2761 417 2797; x_wconf 86' lang='lat' dir='ltr'>trahat</span> <span class='ocrx_word' id='word_1_150' title='bbox 447 2761 666 2809; x_wconf 85' lang='lat' dir='ltr'>visibilium,</span> 
     </span>
     <span class='ocr_line' id='line_1_46' title="bbox 234 2816 770 2869; baseline 0.002 -16"><span class='ocrx_word' id='word_1_151' title='bbox 234 2816 329 2862; x_wconf 83' lang='lat' dir='ltr'>Quia</span> <span class='ocrx_word' id='word_1_152' title='bbox 358 2818 464 2864; x_wconf 82' lang='lat' dir='ltr'>quasi</span> <span class='ocrx_word' id='word_1_153' title='bbox 495 2822 630 2855; x_wconf 89' lang='lat' dir='ltr'>ventus</span> <span class='ocrx_word' id='word_1_154' title='bbox 662 2817 770 2869; x_wconf 86' lang='lat' dir='ltr'>fugit,</span> 
     </span>
     <span class='ocr_line' id='line_1_47' title="bbox 140 2873 870 2922; baseline 0.004 -12"><span class='ocrx_word' id='word_1_155' title='bbox 140 2873 207 2913; x_wconf 88' lang='grc'>40.</span> <span class='ocrx_word' id='word_1_156' title='bbox 296 2874 480 2921; x_wconf 88' lang='lat' dir='ltr'>quidquid</span> <span class='ocrx_word' id='word_1_157' title='bbox 493 2875 553 2911; x_wconf 83' lang='lat' dir='ltr'>liic</span> <span class='ocrx_word' id='word_1_158' title='bbox 565 2880 622 2912; x_wconf 88' lang='lat' dir='ltr'>est</span> <span class='ocrx_word' id='word_1_159' title='bbox 634 2885 870 2922; x_wconf 88' lang='lat' dir='ltr'>prosperum.</span> 
     </span>
    </p>
   </div>
   <div class='ocr_carea' id='block_1_11' title="bbox 166 2942 328 2974">
    <p class='ocr_par' dir='ltr' id='par_1_12' title="bbox 166 2942 328 2974">
     <span class='ocr_line' id='line_1_48' title="bbox 166 2942 328 2974; baseline 0 -7"><span class='ocrx_word' id='word_1_160' title='bbox 166 2942 328 2974; x_wconf 69' lang='lat' dir='ltr'>Drevos,</span> 
     </span>
    </p>
   </div>
   <div class='ocr_carea' id='block_1_12' title="bbox 115 568 207 606">
    <p class='ocr_par' dir='ltr' id='par_1_13' title="bbox 115 568 207 606">
     <span class='ocr_line' id='line_1_49' title="bbox 115 568 207 606; baseline 0 0"><span class='ocrx_word' id='word_1_161' title='bbox 115 568 207 606; x_wconf 79' lang='lat'><strong>600.</strong></span> 
     </span>
    </p>
   </div>
   <div class='ocr_carea' id='block_1_13' title="bbox 357 2943 801 2977">
    <p class='ocr_par' dir='ltr' id='par_1_14' title="bbox 357 2943 801 2977">
     <span class='ocr_line' id='line_1_50' title="bbox 357 2943 801 2977; baseline 0.005 -9"><span class='ocrx_word' id='word_1_162' title='bbox 357 2943 603 2977; x_wconf 77' lang='lat' dir='ltr'>llyinnographi</span> <span class='ocrx_word' id='word_1_163' title='bbox 626 2943 744 2970; x_wconf 75' lang='lat' dir='ltr'>Latini.</span> <span class='ocrx_word' id='word_1_164' title='bbox 774 2944 801 2971; x_wconf 83' lang='lat' dir='ltr'>I.</span> 
     </span>
    </p>
   </div>
   <div class='ocr_carea' id='block_1_14' title="bbox 0 1807 51 3223">
    <p class='ocr_par' dir='ltr' id='par_1_15' title="bbox 0 1807 51 3223">
     <span class='ocr_line' id='line_1_51' title="bbox 0 1807 51 3223; baseline 0 0"><span class='ocrx_word' id='word_1_165' title='bbox 0 1807 51 3223; x_wconf 95' lang='lat' dir='ltr'> </span> 
     </span>
    </p>
   </div>
   <div class='ocr_carea' id='block_1_15' title="bbox 955 510 1019 546">
    <p class='ocr_par' dir='ltr' id='par_1_16' title="bbox 955 510 1019 546">
     <span class='ocr_line' id='line_1_52' title="bbox 955 510 1019 546; baseline -0.031 0"><span class='ocrx_word' id='word_1_166' title='bbox 955 510 1019 546; x_wconf 79' lang='lat'>45.</span> 
     </span>
    </p>
   </div>
   <div class='ocr_carea' id='block_1_16' title="bbox 953 802 1018 840">
    <p class='ocr_par' dir='ltr' id='par_1_17' title="bbox 953 802 1018 840">
     <span class='ocr_line' id='line_1_53' title="bbox 953 802 1018 840; baseline 0.031 -2"><span class='ocrx_word' id='word_1_167' title='bbox 953 802 1018 840; x_wconf 91' lang='grc'><strong>50.</strong></span> 
     </span>
    </p>
   </div>
   <div class='ocr_carea' id='block_1_17' title="bbox 957 1103 1020 1139">
    <p class='ocr_par' dir='ltr' id='par_1_18' title="bbox 957 1103 1020 1139">
     <span class='ocr_line' id='line_1_54' title="bbox 957 1103 1020 1139; baseline -0.032 0"><span class='ocrx_word' id='word_1_168' title='bbox 957 1103 1020 1139; x_wconf 89' lang='lat'>55.</span> 
     </span>
    </p>
   </div>
   <div class='ocr_carea' id='block_1_18' title="bbox 954 1396 1018 1434">
    <p class='ocr_par' dir='ltr' id='par_1_19' title="bbox 954 1396 1018 1434">
     <span class='ocr_line' id='line_1_55' title="bbox 954 1396 1018 1434; baseline 0.016 -1"><span class='ocrx_word' id='word_1_169' title='bbox 954 1396 1018 1434; x_wconf 90' lang='grc'><strong>60.</strong></span> 
     </span>
    </p>
   </div>
   <div class='ocr_carea' id='block_1_19' title="bbox 952 1684 1018 1722">
    <p class='ocr_par' dir='ltr' id='par_1_20' title="bbox 952 1684 1018 1722">
     <span class='ocr_line' id='line_1_56' title="bbox 952 1684 1018 1722; baseline 0 -1"><span class='ocrx_word' id='word_1_170' title='bbox 952 1684 1018 1722; x_wconf 86' lang='grc'><strong>65.</strong></span> 
     </span>
    </p>
   </div>
   <div class='ocr_carea' id='block_1_20' title="bbox 955 1967 1020 2007">
    <p class='ocr_par' dir='ltr' id='par_1_21' title="bbox 955 1967 1020 2007">
     <span class='ocr_line' id='line_1_57' title="bbox 955 1967 1020 2007; baseline 0.031 -2"><span class='ocrx_word' id='word_1_171' title='bbox 955 1967 1020 2007; x_wconf 88' lang='grc'><strong>70.</strong></span> 
     </span>
    </p>
   </div>
   <div class='ocr_carea' id='block_1_21' title="bbox 955 2536 1021 2575">
    <p class='ocr_par' dir='ltr' id='par_1_22' title="bbox 955 2536 1021 2575">
     <span class='ocr_line' id='line_1_58' title="bbox 955 2536 1021 2575; baseline 0.015 -1"><span class='ocrx_word' id='word_1_172' title='bbox 955 2536 1021 2575; x_wconf 88' lang='lat'>80.</span> 
     </span>
    </p>
   </div>
   <div class='ocr_carea' id='block_1_22' title="bbox 953 2821 1017 2858">
    <p class='ocr_par' dir='ltr' id='par_1_23' title="bbox 953 2821 1017 2858">
     <span class='ocr_line' id='line_1_59' title="bbox 953 2821 1017 2858; baseline -0.031 0"><span class='ocrx_word' id='word_1_173' title='bbox 953 2821 1017 2858; x_wconf 74' lang='lat'>85.</span> 
     </span>
    </p>
   </div>
   <div class='ocr_carea' id='block_1_23' title="bbox 1049 268 1652 2242">
    <p class='ocr_par' dir='ltr' id='par_1_24' title="bbox 1049 268 1652 2242">
     <span class='ocr_line' id='line_1_60' title="bbox 1052 268 1598 313; baseline -0.009 -6"><span class='ocrx_word' id='word_1_174' title='bbox 1052 269 1180 307; x_wconf 90' lang='lat' dir='ltr'>Omnis</span> <span class='ocrx_word' id='word_1_175' title='bbox 1211 268 1288 306; x_wconf 89' lang='lat' dir='ltr'>vita</span> <span class='ocrx_word' id='word_1_176' title='bbox 1318 270 1446 305; x_wconf 85' lang='lat' dir='ltr'>nostra</span> <span class='ocrx_word' id='word_1_177' title='bbox 1479 277 1598 313; x_wconf 81' lang='lat' dir='ltr'>vapor</span> 
     </span>
     <span class='ocr_line' id='line_1_61' title="bbox 1109 323 1650 375; baseline -0.009 -12"><span class='ocrx_word' id='word_1_178' title='bbox 1109 330 1166 363; x_wconf 90' lang='lat' dir='ltr'>est</span> <span class='ocrx_word' id='word_1_179' title='bbox 1203 336 1340 375; x_wconf 87' lang='lat' dir='ltr'>parens</span> <span class='ocrx_word' id='word_1_180' title='bbox 1370 325 1419 362; x_wconf 87' lang='lat' dir='ltr'>ad</span> <span class='ocrx_word' id='word_1_181' title='bbox 1451 323 1650 366; x_wconf 90' lang='lat' dir='ltr'>modicum,</span> 
     </span>
     <span class='ocr_line' id='line_1_62' title="bbox 1053 385 1614 434; baseline -0.009 -8"><span class='ocrx_word' id='word_1_182' title='bbox 1053 388 1314 434; x_wconf 86' lang='lat' dir='ltr'>Gaudiumque</span> <span class='ocrx_word' id='word_1_183' title='bbox 1344 386 1474 424; x_wconf 89' lang='lat' dir='ltr'>mundi</span> <span class='ocrx_word' id='word_1_184' title='bbox 1506 385 1614 422; x_wconf 83' lang='lat' dir='ltr'>finem</span> 
     </span>
     <span class='ocr_line' id='line_1_63' title="bbox 1109 443 1549 484; baseline -0.007 -1"><span class='ocrx_word' id='word_1_185' title='bbox 1109 444 1231 484; x_wconf 85' lang='lat' dir='ltr'>tendit</span> <span class='ocrx_word' id='word_1_186' title='bbox 1259 444 1307 481; x_wconf 89' lang='lat' dir='ltr'>ad</span> <span class='ocrx_word' id='word_1_187' title='bbox 1339 443 1549 481; x_wconf 90' lang='lat' dir='ltr'>occiduum.</span> 
     </span>
     <span class='ocr_line' id='line_1_64' title="bbox 1053 505 1472 553; baseline -0.012 -7"><span class='ocrx_word' id='word_1_188' title='bbox 1053 508 1083 546; x_wconf 92' lang='lat' dir='ltr'>O</span> <span class='ocrx_word' id='word_1_189' title='bbox 1115 507 1244 553; x_wconf 89' lang='lat' dir='ltr'>regina</span> <span class='ocrx_word' id='word_1_190' title='bbox 1274 505 1472 552; x_wconf 85' lang='lat' dir='ltr'>castitatis,</span> 
     </span>
     <span class='ocr_line' id='line_1_65' title="bbox 1108 562 1604 609; baseline -0.008 -9"><span class='ocrx_word' id='word_1_191' title='bbox 1108 564 1180 600; x_wconf 87' lang='lat' dir='ltr'>huc</span> <span class='ocrx_word' id='word_1_192' title='bbox 1212 562 1353 600; x_wconf 66' lang='lat' dir='ltr'>distillat</span> <span class='ocrx_word' id='word_1_193' title='bbox 1384 562 1604 609; x_wconf 79' lang='lat' dir='ltr'>balsamum,</span> 
     </span>
     <span class='ocr_line' id='line_1_66' title="bbox 1052 624 1539 673; baseline -0.006 -10"><span class='ocrx_word' id='word_1_194' title='bbox 1052 627 1177 673; x_wconf 87' lang='lat' dir='ltr'>Purga</span> <span class='ocrx_word' id='word_1_195' title='bbox 1207 635 1327 662; x_wconf 87' lang='lat' dir='ltr'>meum</span> <span class='ocrx_word' id='word_1_196' title='bbox 1359 624 1539 661; x_wconf 86' lang='lat' dir='ltr'>miserata</span> 
     </span>
     <span class='ocr_line' id='line_1_67' title="bbox 1107 680 1605 729; baseline -0.004 -11"><span class='ocrx_word' id='word_1_197' title='bbox 1107 686 1238 729; x_wconf 84' lang='lat' dir='ltr'>pectus</span> <span class='ocrx_word' id='word_1_198' title='bbox 1270 680 1605 729; x_wconf 87' lang='lat' dir='ltr'>corruptissimum,</span> 
     </span>
     <span class='ocr_line' id='line_1_68' title="bbox 1053 744 1514 792; baseline -0.007 -10"><span class='ocrx_word' id='word_1_199' title='bbox 1053 746 1179 792; x_wconf 90' lang='lat' dir='ltr'>Ipsum</span> <span class='ocrx_word' id='word_1_200' title='bbox 1208 744 1269 790; x_wconf 91' lang='lat' dir='ltr'>pio</span> <span class='ocrx_word' id='word_1_201' title='bbox 1301 744 1514 780; x_wconf 89' lang='lat' dir='ltr'>interventu</span> 
     </span>
     <span class='ocr_line' id='line_1_69' title="bbox 1108 799 1539 847; baseline -0.002 -10"><span class='ocrx_word' id='word_1_202' title='bbox 1108 801 1197 837; x_wconf 88' lang='lat' dir='ltr'>mihi</span> <span class='ocrx_word' id='word_1_203' title='bbox 1231 799 1291 837; x_wconf 86' lang='lat' dir='ltr'>fac</span> <span class='ocrx_word' id='word_1_204' title='bbox 1322 799 1539 847; x_wconf 88' lang='lat' dir='ltr'>propitium,</span> 
     </span>
     <span class='ocr_line' id='line_1_70' title="bbox 1051 862 1498 909; baseline -0.004 -9"><span class='ocrx_word' id='word_1_205' title='bbox 1051 863 1118 900; x_wconf 89' lang='lat' dir='ltr'>Cui</span> <span class='ocrx_word' id='word_1_206' title='bbox 1149 872 1299 909; x_wconf 86' lang='lat' dir='ltr'>semper</span> <span class='ocrx_word' id='word_1_207' title='bbox 1329 862 1498 898; x_wconf 86' lang='lat' dir='ltr'>misereri</span> 
     </span>
     <span class='ocr_line' id='line_1_71' title="bbox 1107 918 1574 968; baseline -0.004 -11"><span class='ocrx_word' id='word_1_208' title='bbox 1107 919 1178 958; x_wconf 87' lang='lat' dir='ltr'>fuit</span> <span class='ocrx_word' id='word_1_209' title='bbox 1210 923 1247 955; x_wconf 87' lang='lat' dir='ltr'>et</span> <span class='ocrx_word' id='word_1_210' title='bbox 1278 923 1333 955; x_wconf 91' lang='lat' dir='ltr'>est</span> <span class='ocrx_word' id='word_1_211' title='bbox 1365 918 1574 968; x_wconf 86' lang='lat' dir='ltr'>proprium,</span> 
     </span>
     <span class='ocr_line' id='line_1_72' title="bbox 1053 981 1650 1028; baseline -0.003 -9"><span class='ocrx_word' id='word_1_212' title='bbox 1053 981 1104 1020; x_wconf 92' lang='lat' dir='ltr'>Ut</span> <span class='ocrx_word' id='word_1_213' title='bbox 1126 992 1185 1019; x_wconf 92' lang='lat' dir='ltr'>me</span> <span class='ocrx_word' id='word_1_214' title='bbox 1206 991 1355 1028; x_wconf 88' lang='lat' dir='ltr'>semper</span> <span class='ocrx_word' id='word_1_215' title='bbox 1370 981 1650 1028; x_wconf 86' lang='lat' dir='ltr'>impugnantem</span> 
     </span>
     <span class='ocr_line' id='line_1_73' title="bbox 1107 1037 1541 1076; baseline -0.002 -1"><span class='ocrx_word' id='word_1_216' title='bbox 1107 1041 1251 1075; x_wconf 86' lang='lat' dir='ltr'>sternat</span> <span class='ocrx_word' id='word_1_217' title='bbox 1282 1037 1541 1076; x_wconf 90' lang='lat' dir='ltr'>adversarium</span> 
     </span>
     <span class='ocr_line' id='line_1_74' title="bbox 1053 1099 1511 1147; baseline -0.004 -9"><span class='ocrx_word' id='word_1_218' title='bbox 1053 1101 1104 1138; x_wconf 89' lang='lat' dir='ltr'>Et</span> <span class='ocrx_word' id='word_1_219' title='bbox 1134 1112 1156 1137; x_wconf 85' lang='lat' dir='ltr'>a</span> <span class='ocrx_word' id='word_1_220' title='bbox 1186 1100 1294 1137; x_wconf 87' lang='lat' dir='ltr'>malis</span> <span class='ocrx_word' id='word_1_221' title='bbox 1321 1099 1511 1147; x_wconf 89' lang='lat' dir='ltr'>respirare</span> 
     </span>
     <span class='ocr_line' id='line_1_75' title="bbox 1111 1157 1527 1205; baseline -0.002 -11"><span class='ocrx_word' id='word_1_222' title='bbox 1111 1157 1209 1194; x_wconf 86' lang='lat' dir='ltr'>sinat</span> <span class='ocrx_word' id='word_1_223' title='bbox 1241 1157 1527 1205; x_wconf 84' lang='lat' dir='ltr'>aliquantulum,</span> 
     </span>
     <span class='ocr_line' id='line_1_76' title="bbox 1051 1219 1647 1266; baseline -0.003 -9"><span class='ocrx_word' id='word_1_224' title='bbox 1051 1220 1153 1265; x_wconf 83' lang='lat' dir='ltr'>Quae</span> <span class='ocrx_word' id='word_1_225' title='bbox 1170 1219 1391 1266; x_wconf 85' lang='lat' dir='ltr'>demergunt</span> <span class='ocrx_word' id='word_1_226' title='bbox 1403 1229 1533 1255; x_wconf 86' lang='lat' dir='ltr'>sensus</span> <span class='ocrx_word' id='word_1_227' title='bbox 1547 1229 1647 1255; x_wconf 90' lang='lat' dir='ltr'>meos</span> 
     </span>
     <span class='ocr_line' id='line_1_77' title="bbox 1108 1275 1644 1323; baseline -0.004 -10"><span class='ocrx_word' id='word_1_228' title='bbox 1108 1280 1297 1323; x_wconf 86' lang='lat' dir='ltr'>tamquam</span> <span class='ocrx_word' id='word_1_229' title='bbox 1313 1285 1417 1312; x_wconf 88' lang='lat' dir='ltr'>mare</span> <span class='ocrx_word' id='word_1_230' title='bbox 1438 1275 1644 1312; x_wconf 88' lang='lat' dir='ltr'>turbidum.</span> 
     </span>
     <span class='ocr_line' id='line_1_78' title="bbox 1052 1337 1547 1375; baseline -0.004 0"><span class='ocrx_word' id='word_1_231' title='bbox 1052 1338 1144 1375; x_wconf 88' lang='lat' dir='ltr'>Eius</span> <span class='ocrx_word' id='word_1_232' title='bbox 1175 1338 1272 1374; x_wconf 91' lang='lat' dir='ltr'>enim</span> <span class='ocrx_word' id='word_1_233' title='bbox 1305 1337 1547 1374; x_wconf 87' lang='lat' dir='ltr'>vehementer</span> 
     </span>
     <span class='ocr_line' id='line_1_79' title="bbox 1106 1394 1448 1442; baseline -0.003 -11"><span class='ocrx_word' id='word_1_234' title='bbox 1106 1404 1226 1442; x_wconf 88' lang='lat' dir='ltr'>paveo</span> <span class='ocrx_word' id='word_1_235' title='bbox 1255 1394 1448 1438; x_wconf 86' lang='lat' dir='ltr'>iudicium,</span> 
     </span>
     <span class='ocr_line' id='line_1_80' title="bbox 1052 1454 1479 1494; baseline -0.007 0"><span class='ocrx_word' id='word_1_236' title='bbox 1052 1457 1085 1494; x_wconf 94' lang='lat' dir='ltr'>A</span> <span class='ocrx_word' id='word_1_237' title='bbox 1118 1454 1245 1493; x_wconf 90' lang='lat' dir='ltr'>furore</span> <span class='ocrx_word' id='word_1_238' title='bbox 1277 1456 1380 1492; x_wconf 88' lang='lat' dir='ltr'>cuius</span> <span class='ocrx_word' id='word_1_239' title='bbox 1412 1455 1479 1492; x_wconf 87' lang='lat' dir='ltr'>ulli</span> 
     </span>
     <span class='ocr_line' id='line_1_81' title="bbox 1108 1511 1537 1559; baseline 0.002 -10"><span class='ocrx_word' id='word_1_240' title='bbox 1108 1523 1181 1550; x_wconf 89' lang='lat' dir='ltr'>non</span> <span class='ocrx_word' id='word_1_241' title='bbox 1213 1515 1318 1559; x_wconf 87' lang='lat' dir='ltr'>patet</span> <span class='ocrx_word' id='word_1_242' title='bbox 1349 1511 1537 1559; x_wconf 89' lang='lat' dir='ltr'>effugium.</span> 
     </span>
     <span class='ocr_line' id='line_1_82' title="bbox 1050 1567 1651 1617; baseline -0.002 -11"><span class='ocrx_word' id='word_1_243' title='bbox 1050 1569 1184 1606; x_wconf 88' lang='lat' dir='ltr'>Funde</span> <span class='ocrx_word' id='word_1_244' title='bbox 1196 1579 1342 1617; x_wconf 87' lang='lat' dir='ltr'>preces,</span> <span class='ocrx_word' id='word_1_245' title='bbox 1362 1568 1502 1606; x_wconf 86' lang='lat' dir='ltr'>munda</span> <span class='ocrx_word' id='word_1_246' title='bbox 1513 1567 1651 1615; x_wconf 88' lang='lat' dir='ltr'>faeces,</span> 
     </span>
     <span class='ocr_line' id='line_1_83' title="bbox 1109 1624 1632 1675; baseline -0.002 -12"><span class='ocrx_word' id='word_1_247' title='bbox 1109 1624 1241 1672; x_wconf 86' lang='lat' dir='ltr'>frange</span> <span class='ocrx_word' id='word_1_248' title='bbox 1274 1625 1402 1663; x_wconf 89' lang='lat' dir='ltr'>clavos</span> <span class='ocrx_word' id='word_1_249' title='bbox 1433 1626 1632 1675; x_wconf 90' lang='lat' dir='ltr'>scelerum,</span> 
     </span>
     <span class='ocr_line' id='line_1_84' title="bbox 1051 1682 1504 1720; baseline -0.002 0"><span class='ocrx_word' id='word_1_250' title='bbox 1051 1683 1110 1720; x_wconf 89' lang='lat' dir='ltr'>Ne</span> <span class='ocrx_word' id='word_1_251' title='bbox 1140 1693 1291 1719; x_wconf 87' lang='lat' dir='ltr'>recuses</span> <span class='ocrx_word' id='word_1_252' title='bbox 1323 1682 1504 1720; x_wconf 87' lang='lat' dir='ltr'>exaudire</span> 
     </span>
     <span class='ocr_line' id='line_1_85' title="bbox 1105 1739 1549 1787; baseline 0.002 -11"><span class='ocrx_word' id='word_1_253' title='bbox 1105 1743 1294 1787; x_wconf 88' lang='lat' dir='ltr'>petentem</span> <span class='ocrx_word' id='word_1_254' title='bbox 1327 1739 1549 1777; x_wconf 89' lang='lat' dir='ltr'>subsidium.</span> 
     </span>
     <span class='ocr_line' id='line_1_86' title="bbox 1049 1796 1536 1846; baseline -0.002 -12"><span class='ocrx_word' id='word_1_255' title='bbox 1049 1796 1320 1834; x_wconf 87' lang='lat' dir='ltr'>Condescende</span> <span class='ocrx_word' id='word_1_256' title='bbox 1350 1797 1536 1846; x_wconf 89' lang='lat' dir='ltr'>pereunti,</span> 
     </span>
     <span class='ocr_line' id='line_1_87' title="bbox 1107 1850 1581 1900; baseline -0.002 -10"><span class='ocrx_word' id='word_1_257' title='bbox 1107 1857 1193 1900; x_wconf 90' lang='lat' dir='ltr'>pete</span> <span class='ocrx_word' id='word_1_258' title='bbox 1221 1864 1290 1900; x_wconf 91' lang='lat' dir='ltr'>pro</span> <span class='ocrx_word' id='word_1_259' title='bbox 1321 1864 1380 1889; x_wconf 89' lang='lat' dir='ltr'>me</span> <span class='ocrx_word' id='word_1_260' title='bbox 1408 1852 1538 1899; x_wconf 87' lang='lat' dir='ltr'>filium,</span> <span class='ocrx_word' id='word_1_261' title='bbox 1572 1850 1581 1855; x_wconf 85' lang='grc'><em>“</em></span> 
     </span>
     <span class='ocr_line' id='line_1_88' title="bbox 1055 1910 1622 1958; baseline -0.002 -10"><span class='ocrx_word' id='word_1_262' title='bbox 1055 1911 1220 1956; x_wconf 84' lang='lat' dir='ltr'>Intuere,</span> <span class='ocrx_word' id='word_1_263' title='bbox 1253 1921 1362 1958; x_wconf 90' lang='lat' dir='ltr'>quam</span> <span class='ocrx_word' id='word_1_264' title='bbox 1395 1910 1462 1946; x_wconf 89' lang='lat' dir='ltr'>sim</span> <span class='ocrx_word' id='word_1_265' title='bbox 1496 1910 1622 1956; x_wconf 89' lang='lat' dir='ltr'>miser,</span> 
     </span>
     <span class='ocr_line' id='line_1_89' title="bbox 1109 1966 1565 2013; baseline -0.002 -9"><span class='ocrx_word' id='word_1_266' title='bbox 1109 1967 1285 2004; x_wconf 87' lang='lat' dir='ltr'>redactus</span> <span class='ocrx_word' id='word_1_267' title='bbox 1315 1966 1365 2004; x_wconf 89' lang='lat' dir='ltr'>ad</span> <span class='ocrx_word' id='word_1_268' title='bbox 1394 1966 1565 2013; x_wconf 89' lang='lat' dir='ltr'>nihilum,</span> 
     </span>
     <span class='ocr_line' id='line_1_90' title="bbox 1053 2022 1652 2062; baseline -0.002 -1"><span class='ocrx_word' id='word_1_269' title='bbox 1053 2025 1193 2062; x_wconf 87' lang='lat' dir='ltr'>Factus</span> <span class='ocrx_word' id='word_1_270' title='bbox 1216 2024 1313 2060; x_wconf 89' lang='lat' dir='ltr'>sicut</span> <span class='ocrx_word' id='word_1_271' title='bbox 1333 2022 1401 2060; x_wconf 88' lang='lat' dir='ltr'>flos</span> <span class='ocrx_word' id='word_1_272' title='bbox 1417 2034 1652 2060; x_wconf 87' lang='lat' dir='ltr'>marcescens</span> 
     </span>
     <span class='ocr_line' id='line_1_91' title="bbox 1109 2081 1650 2129; baseline -0.004 -11"><span class='ocrx_word' id='word_1_273' title='bbox 1109 2085 1146 2118; x_wconf 90' lang='lat' dir='ltr'>et</span> <span class='ocrx_word' id='word_1_274' title='bbox 1161 2084 1350 2128; x_wconf 87' lang='lat' dir='ltr'>tamquam</span> <span class='ocrx_word' id='word_1_275' title='bbox 1369 2091 1434 2117; x_wconf 89' lang='lat' dir='ltr'>vas</span> <span class='ocrx_word' id='word_1_276' title='bbox 1447 2081 1650 2129; x_wconf 91' lang='lat' dir='ltr'>perditum,</span> 
     </span>
     <span class='ocr_line' id='line_1_92' title="bbox 1052 2138 1463 2184; baseline 0 -10"><span class='ocrx_word' id='word_1_277' title='bbox 1052 2138 1237 2175; x_wconf 88' lang='lat' dir='ltr'>Miserere</span> <span class='ocrx_word' id='word_1_278' title='bbox 1267 2141 1463 2184; x_wconf 89' lang='lat' dir='ltr'>statueque</span> 
     </span>
     <span class='ocr_line' id='line_1_93' title="bbox 1115 2194 1596 2242; baseline -0.002 -11"><span class='ocrx_word' id='word_1_279' title='bbox 1115 2205 1175 2232; x_wconf 90' lang='lat' dir='ltr'>me</span> <span class='ocrx_word' id='word_1_280' title='bbox 1205 2195 1243 2231; x_wconf 93' lang='lat' dir='ltr'>in</span> <span class='ocrx_word' id='word_1_281' title='bbox 1276 2199 1387 2242; x_wconf 89' lang='lat' dir='ltr'>caput</span> <span class='ocrx_word' id='word_1_282' title='bbox 1418 2194 1596 2242; x_wconf 87' lang='lat' dir='ltr'>gentium,</span> 
     </span>
    </p>
   </div>
   <div class='ocr_carea' id='block_1_24' title="bbox 1013 2251 1651 2299">
    <p class='ocr_par' dir='ltr' id='par_1_25' title="bbox 1013 2251 1651 2299">
     <span class='ocr_line' id='line_1_94' title="bbox 1013 2251 1651 2299; baseline -0.003 -10"><span class='ocrx_word' id='word_1_283' title='bbox 1013 2280 1022 2290; x_wconf 98' lang='lat'><strong>.</strong></span> <span class='ocrx_word' id='word_1_284' title='bbox 1050 2252 1177 2298; x_wconf 90' lang='lat' dir='ltr'>Ipsum</span> <span class='ocrx_word' id='word_1_285' title='bbox 1210 2251 1317 2299; x_wconf 90' lang='lat' dir='ltr'>dico,</span> <span class='ocrx_word' id='word_1_286' title='bbox 1349 2261 1456 2298; x_wconf 91' lang='lat' dir='ltr'>quem</span> <span class='ocrx_word' id='word_1_287' title='bbox 1488 2251 1651 2295; x_wconf 87' lang='lat' dir='ltr'>lactasti,</span> 
     </span>
    </p>
   </div>
   <div class='ocr_carea' id='block_1_25' title="bbox 1050 2308 1637 2973">
    <p class='ocr_par' dir='ltr' id='par_1_26' title="bbox 1050 2308 1637 2973">
     <span class='ocr_line' id='line_1_95' title="bbox 1109 2308 1585 2355; baseline -0.004 -10"><span class='ocrx_word' id='word_1_288' title='bbox 1109 2309 1233 2345; x_wconf 89' lang='lat' dir='ltr'>Iesum</span> <span class='ocrx_word' id='word_1_289' title='bbox 1265 2308 1585 2355; x_wconf 77' lang='lat' dir='ltr'>benignissimum,</span> 
     </span>
     <span class='ocr_line' id='line_1_96' title="bbox 1055 2365 1598 2411; baseline -0.002 -10"><span class='ocrx_word' id='word_1_290' title='bbox 1055 2365 1124 2411; x_wconf 80' lang='lat' dir='ltr'>Qui</span> <span class='ocrx_word' id='word_1_291' title='bbox 1155 2365 1286 2402; x_wconf 84' lang='lat' dir='ltr'>electis</span> <span class='ocrx_word' id='word_1_292' title='bbox 1317 2369 1374 2402; x_wconf 90' lang='lat' dir='ltr'>est</span> <span class='ocrx_word' id='word_1_293' title='bbox 1403 2365 1452 2402; x_wconf 89' lang='lat' dir='ltr'>ad</span> <span class='ocrx_word' id='word_1_294' title='bbox 1484 2365 1598 2401; x_wconf 82' lang='lat' dir='ltr'>vitam</span> 
     </span>
     <span class='ocr_line' id='line_1_97' title="bbox 1112 2422 1458 2459; baseline -0.003 0"><span class='ocrx_word' id='word_1_295' title='bbox 1112 2422 1173 2459; x_wconf 79' lang='lat' dir='ltr'>via</span> <span class='ocrx_word' id='word_1_296' title='bbox 1203 2427 1238 2459; x_wconf 91' lang='lat' dir='ltr'>et</span> <span class='ocrx_word' id='word_1_297' title='bbox 1268 2422 1458 2459; x_wconf 74' lang='lat' dir='ltr'>viaticum.</span> 
     </span>
     <span class='ocr_line' id='line_1_98' title="bbox 1054 2477 1588 2523; baseline -0.006 -6"><span class='ocrx_word' id='word_1_298' title='bbox 1054 2479 1084 2517; x_wconf 95' lang='grc' dir='ltr'>Ο</span> <span class='ocrx_word' id='word_1_299' title='bbox 1117 2478 1288 2515; x_wconf 90' lang='lat' dir='ltr'>columba</span> <span class='ocrx_word' id='word_1_300' title='bbox 1321 2477 1588 2523; x_wconf 84' lang='lat' dir='ltr'>columbarum,</span> 
     </span>
     <span class='ocr_line' id='line_1_99' title="bbox 1110 2534 1607 2583; baseline -0.004 -11"><span class='ocrx_word' id='word_1_301' title='bbox 1110 2537 1228 2583; x_wconf 82' lang='lat' dir='ltr'>virgo,</span> <span class='ocrx_word' id='word_1_302' title='bbox 1263 2535 1377 2572; x_wconf 86' lang='lat' dir='ltr'>decus</span> <span class='ocrx_word' id='word_1_303' title='bbox 1408 2534 1607 2581; x_wconf 82' lang='lat' dir='ltr'>virginum,</span> 
     </span>
     <span class='ocr_line' id='line_1_100' title="bbox 1053 2591 1637 2639; baseline -0.005 -9"><span class='ocrx_word' id='word_1_304' title='bbox 1053 2592 1170 2639; x_wconf 83' lang='lat' dir='ltr'>Virgo</span> <span class='ocrx_word' id='word_1_305' title='bbox 1202 2591 1324 2637; x_wconf 87' lang='lat' dir='ltr'>fortis,</span> <span class='ocrx_word' id='word_1_306' title='bbox 1357 2595 1512 2638; x_wconf 87' lang='lat' dir='ltr'>portans</span> <span class='ocrx_word' id='word_1_307' title='bbox 1543 2602 1637 2628; x_wconf 90' lang='lat' dir='ltr'>onus</span> 
     </span>
     <span class='ocr_line' id='line_1_101' title="bbox 1107 2648 1522 2698; baseline -0.007 -12"><span class='ocrx_word' id='word_1_308' title='bbox 1107 2648 1522 2698; x_wconf 86' lang='lat' dir='ltr'>omnipotentissimum,</span> 
     </span>
     <span class='ocr_line' id='line_1_102' title="bbox 1050 2705 1531 2755; baseline -0.004 -12"><span class='ocrx_word' id='word_1_309' title='bbox 1050 2706 1162 2755; x_wconf 88' lang='lat' dir='ltr'>Ecce,</span> <span class='ocrx_word' id='word_1_310' title='bbox 1196 2706 1412 2752; x_wconf 89' lang='lat' dir='ltr'>nuptiarum</span> <span class='ocrx_word' id='word_1_311' title='bbox 1444 2705 1531 2752; x_wconf 82' lang='lat' dir='ltr'>agni</span> 
     </span>
     <span class='ocr_line' id='line_1_103' title="bbox 1107 2761 1552 2809; baseline -0.002 -11"><span class='ocrx_word' id='word_1_312' title='bbox 1107 2763 1217 2799; x_wconf 87' lang='lat' dir='ltr'>sedes</span> <span class='ocrx_word' id='word_1_313' title='bbox 1248 2762 1297 2799; x_wconf 82' lang='lat' dir='ltr'>ad</span> <span class='ocrx_word' id='word_1_314' title='bbox 1328 2761 1552 2809; x_wconf 87' lang='lat' dir='ltr'>convivium,</span> 
     </span>
     <span class='ocr_line' id='line_1_104' title="bbox 1050 2817 1574 2866; baseline -0.004 -10"><span class='ocrx_word' id='word_1_315' title='bbox 1050 2819 1258 2866; x_wconf 87' lang='lat' dir='ltr'>Epularum</span> <span class='ocrx_word' id='word_1_316' title='bbox 1291 2817 1392 2856; x_wconf 87' lang='lat' dir='ltr'>facta</span> <span class='ocrx_word' id='word_1_317' title='bbox 1423 2828 1574 2865; x_wconf 84' lang='lat' dir='ltr'>compos</span> 
     </span>
     <span class='ocr_line' id='line_1_105' title="bbox 1105 2875 1448 2924; baseline -0.003 -12"><span class='ocrx_word' id='word_1_318' title='bbox 1105 2875 1448 2924; x_wconf 86' lang='lat' dir='ltr'>inaestimabilium,</span> 
     </span>
     <span class='ocr_line' id='line_1_106' title="bbox 1430 2940 1451 2973; baseline 0 0"><span class='ocrx_word' id='word_1_319' title='bbox 1430 2940 1451 2973; x_wconf 78' lang='lat'><em>8</em></span> 
     </span>
    </p>
   </div>
  </div>
 </body>
</html>
