2031 3289
993 230 1293 271 —358—

377 345 441 381 26.
475 343 581 381 Unus
611 344 707 387 unis,
739 343 861 380 trinus
891 344 1023 391 trinas,
1285 345 1367 382 Hoc
1401 342 1473 380 fuit
1501 354 1571 390 per
1600 344 1781 381 auxilium

476 399 599 437 Unum
630 399 844 446 trinumque
874 401 1039 446 geminas
1284 401 1403 437 Tuum
1435 405 1473 436 et
1503 400 1751 437 ministerium

531 455 606 492 Sub
638 456 810 502 simplice
841 456 1071 507 charactere,
1338 457 1547 502 Angelicae
1577 457 1784 505 custodiae,

471 511 566 548 Tres
596 511 634 547 in
664 523 778 548 unum
809 513 1061 563 compaginas,
1284 513 1337 551 Ut
1367 518 1520 560 pararet
1552 513 1756 559 hospitium

474 567 597 604 Unum
629 567 667 604 in
698 571 776 604 tres
807 569 1035 616 propaginas
1284 570 1448 615 Propter
1476 574 1675 616 utrumque
1703 571 1847 606 socium

529 623 629 660 Miro
660 624 893 671 pulchroque
923 635 1056 673 opere3
1340 627 1481 672 Aptum
1512 625 1566 662 eis
1596 636 1666 672 pro
1697 624 1836 672 req'uie.

472 679 620 716 Felices
651 681 810 717 mundus
843 682 969 718 dicere

470 735 605 785 Debet,
639 747 730 783 quos
761 737 816 773 sic
848 738 1049 784 disponere

527 792 587 829 Ab
619 797 774 830 aeterno
804 795 1077 846 praedestinas‚
1185 784 1249 822 30·
1281 783 1497 846 Quia-ergo
1528 788 1585 820 est
1613 783 1740 847 unitas

471 850 572 894 Quos
602 848 656 886 ita
686 850 742 886 vis
772 849 988 899 imprimere
1283 841 1328 877 In
1359 850 1412 875 ‘³¹5
1443 843 1555 902 afque
1585 844 1736 903 tflnlfas

467 905 518 942 Et
550 916 617 951 per
646 906 792 953 signum
826 907 1070 956 distinguere,
1339 896 1420 959 ΪΓΠῈ)
1449 907 1555 958 518.Πο
1586 900 1815 959 00¹Js¹g¹¹3t35

524 962 586 998 Ad
617 966 727 1008 teque
757 963 812 999 sic
841 964 1050 1001 coordinas.
1281 954 1376 1000 Qum
1405 964 1443 989 ¹¹¹
1474 962 1528 988 3¹5
1559 953 1712 990 Clamas

1283 1010 1365 1046 Tua
1396 1013 1433 1044 et
1463 1008 1698 1045 luminositas

1341 1065 1439 1101 Vere
1470 1070 1526 1100 est
1556 1064 1811 1111 manifestata,

369 1119 434 1156 27.
466 1119 552 1157 Tali
582 1121 693 1157 modo
725 1121 928 1167 dispositos
1282 1121 1373 1158 Ideo
1403 1121 1643 1168 magnificata

467 1175 680 1212 Bellatores
711 1181 789 1213 tres
819 1177 970 1215 inclitos
1282 1177 1407 1215 Debet
1441 1187 1522 1214 esse
1553 1183 1588 1214 et
1620 1178 1775 1215 laudata

524 1233 583 1270 Ad
626 1233 771 1279 signum
803 1235 1096 1280 praedestinasti
1339 1234 1498 1272 Socialis
1529 1234 1712 1271 identitas

471 1289 677 1326 Virtutibus
710 1289 916 1336 redimitos,
1280 1291 1422 1328 Eorum
1454 1296 1488 1327 et
1521 1295 1699 1328 venerata

465 1345 657 1382 Adoratos
689 1350 725 1382 et
757 1347 964 1396 praeditos,
1281 1347 1355 1385 Sua
1385 1352 1516 1384 sancta
1546 1347 1716 1384 laureata

527 1402 579 1439 Ut
610 1403 748 1439 electos
780 1404 1020 1453 consignasti‚
1337 1404 1387 1441 Et
1418 1404 1585 1450 pretiosa
1614 1404 1808 1441 sanctitas.

466 1458 508 1494 In
540 1457 615 1495 fide
647 1463 723 1496 tres
754 1460 931 1497 adunasti

464 1514 515 1551 Et
545 1515 690 1561 pariter
720 1516 902 1553 trinitasti

522 1572 608 1609 Una
638 1571 714 1609 fide
744 1574 798 1609 sic
829 1573 966 1620 unitos,

462 1627 542 1664 Hos
572 1628 621 1665 ad
653 1628 753 1666 bella
783 1630 971 1668 roborasti

462 1684 513 1721 Et
543 1685 706 1722 victores
739 1688 925 1723 coronasti

518 1741 712 1779 Mandatis
743 1744 816 1779 tuis
849 1744 1010 1782 deditos,

1181 1552 1246 1589 31.
1279 1551 1380 1588 Laus
1411 1562 1540 1590 eorum
1570 1552 1652 1588 laus
1684 1556 1740 1588 est
1769 1554 1846 1598 tua,

1278 1609 1406 1654 Atque
1439 1609 1486 1645 de
1516 1612 1554 1644 te
1584 1609 1666 1645 laus
1696 1612 1753 1644 est
1784 1618 1862 1655 sua,

1337 1665 1433 1702 Nam
1462 1665 1543 1702 sine
1574 1669 1611 1701 te
1640 1664 1694 1701 nil
1720 1663 1910 1709 validum3

1279 1721 1322 1757 In
1354 1721 1413 1758 his
1443 1732 1517 1758 non
1552 1719 1623 1757 fuit
1653 1731 1771 1758 vacua

1279 1776 1415 1814 Gratia
1448 1778 1494 1814 de
1525 1785 1562 1814 te
1590 1777 1748 1827 proflua,

1332 1834 1442 1882 Nam,
1456 1835 1554 1881 quod
1563 1834 1702 1870 siccum
1711 1833 1904 1872 etaridum

364 1889 430 1926 28.
463 1888 513 1924 Hi
545 1895 622 1925 tres
654 1893 741 1925 sunt
766 1889 983 1938 Dionysius,
1277 1889 1321 1927 In
1352 1891 1437 1928 aliis
1469 1896 1506 1927 et
1539 1891 1765 1937 morbidum,

462 1945 651 1994 Rusticus,
685 1945 940 1992 Eleutherius‚
1275 1947 1525 1984 Fructuosum
1558 1953 1593 1984 et
1624 1946 1800 1984 floridum

519 2001 641 2039 Unum
673 2001 748 2038 fide
780 2009 817 2039 et
846 2003 996 2052 spiritu,
1333 2004 1419 2040 Fuit
1450 2005 1486 2040 in
1520 2004 1578 2040 his
1609 2005 1645 2040 vi
1677 2009 1843 2054 strenua,

462 2057 557 2094 Nam
591 2058 722 2095 eadem
752 2063 809 2095 est
836 2061 945 2096 unius
1275 2061 1516 2097 Luminosum
1546 2066 1580 2097 et
1612 2061 1866 2113 splendidum,

459 2115 597 2151 Anima
628 2120 665 2151 et
694 2115 850 2152 alterius
1273 2117 1380 2163 Quod
1410 2117 1612 2154 videbatur
1641 2117 1834 2155 turbidum

517 2171 677 2208 Actione
706 2176 743 2208 et
774 2172 916 2210 habitu.
1331 2175 1374 2211 In
1406 2184 1519 2211 carne
1549 2174 1687 2211 mundo
1718 2180 1877 2215 mortua.

459 2227 605 2264 Eodem
637 2229 767 2264 mortis
798 2229 960 2275 strepitu

459 2283 508 2320 Et
539 2285 669 2320 eodem
703 2285 878 2322 occubitu

515 2341 677 2388 Primus,
709 2343 908 2387 secundus,
939 2341 1073 2379 tertius

458 2396 547 2433 Fuit
577 2402 652 2434 tam
683 2399 807 2435 carnis
839 2399 943 2436 exitu

457 2454 573 2499 Quam
606 2455 748 2501 gloriae
779 2455 935 2491 introitu

515 2510 624 2547 Alter
656 2511 766 2548 alteri
797 2512 933 2549 socius.

1175 2321 1241 2359 32.
1273 2320 1327 2356 Te
1359 2331 1447 2366 ergo
1477 2320 1700 2366 Dionysium

1273 2376 1323 2413 Et
1353 2381 1389 2413 te
1419 2382 1618 2424 utrumque
1646 2378 1788 2415 socium

1329 2433 1525 2471 Collaudet
1558 2433 1651 2470 caeli
1683 2434 1799 2482 curia,

1271 2489 1408 2526 Tribus
1441 2494 1477 2526 et
1508 2490 1664 2526 cuilibet
1691 2491 1805 2527 trium

1271 2547 1319 2584 Se
1351 2547 1462 2583 donet
1495 2547 1531 2583 in
1564 2546 1757 2584 servitium

1327 2603 1422 2640 Tota
1453 2613 1521 2650 per
1547 2614 1680 2650 gyrum
1712 2603 1900 2653 Francia;

359 2657 422 2693 29.
455 2656 506 2692 Et
536 2657 582 2693 tle
614 2657 708 2693 duce
738 2658 893 2695 militiae
1271 2659 1344 2696 Per
1374 2670 1452 2705 vos,
1485 2659 1547 2706 qui
1580 2671 1650 2696 non
1683 2660 1772 2697 estis
1802 2660 1876 2698 tria

456 2712 640 2761 Dionysio
671 2714 854 2752 Graeciae
1271 2715 1352 2752 Nec
1384 2716 1494 2753 divisi
1528 2727 1594 2762 per
1624 2717 1750 2763 trivia,

513 2769 550 2805 Si
584 2770 647 2807 fiat
678 2771 794 2807 ullum
828 2771 992 2822 dubium,
1329 2772 1402 2809 Sed
1435 2772 1637 2809 indivisum
1669 2773 1835 2820 trivium,

457 2826 562 2870 Quod
594 2827 716 2872 spatio
747 2828 902 2874 grandis
934 2828 1016 2865 viae
1271 2828 1383 2865 Venit
1414 2828 1508 2865 fides
1540 2833 1575 2865 et
1608 2830 1721 2866 latria

458 2882 619 2919 Grossus
652 2888 708 2919 est
738 2889 820 2930 post
854 2885 1034 2921 victoriae
1267 2885 1319 2922 Et
1349 2885 1461 2922 cessit
1491 2885 1670 2922 idolatria

514 2939 816 2976 Consummatum
849 2941 1082 2991 martyrium,
1327 2942 1400 2979 Per
1427 2942 1542 2978 totale
1573 2941 1788 2979 confinium.
