2031 3289
986 166 1293 208 -258—

380 287 449 324 9a.
484 286 514 323 O
547 285 713 330 Private‚
745 288 876 331 pastor
905 283 1014 330 bone,
1186 281 1259 320 9b.
1289 282 1376 318 Iesu
1407 281 1569 330 Christe,
1603 291 1671 317 rex
1705 280 1860 331 Privati,

480 342 592 379 Pater
623 340 746 389 plebis
779 345 815 376 et
845 343 1017 387 patrone,
1293 339 1379 376 Iesu
1409 337 1515 384 regni
1545 348 1613 374 rex
1644 336 1758 383 beati,

476 398 606 445 Regno
638 397 779 434 Christi
809 407 876 433 nos
907 396 1071 444 impone,
1293 395 1371 431 Nos
1402 394 1550 431 ascribe
1581 393 1738 440 civitati,

474 455 580 501 Quod
612 454 774 490 humana
804 453 952 490 ratione
1294 451 1407 488 Cuius
1438 450 1538 487 cives
1568 456 1655 486 sunt
1685 448 1834 487 fundati

534 511 650 557 Fugit
680 514 717 547 et.
747 509 914 546 scientia„
1352 507 1464 544 Pacis
1493 507 1532 543 in
1564 506 1779 559 concordia.

454 598 524 636 312,
558 598 580 631 4
609 603 722 631 canat.
756 616 799 620 —
830 595 901 636 8b,
937 596 958 630 3
992 599 1028 629 in
1060 597 1190 628 laudes.
1225 614 1269 617 —
1294 596 1483 627 Vielleicht
1508 596 1625 628 bilden
1649 593 1699 627 7a
1722 595 1792 627 und
1815 596 1837 628 b
1860 606 1925 635 nur
1951 578 1959 589 ὦ

363 647 442 678 eine
467 645 714 686 Halbstrophe,
740 644 809 675 und
834 645 880 675 ist
905 645 980 674 eine
1006 641 1211 674 ebensolche
1237 642 1464 684 ausgefallen.

760 766 841 802 265.
878 766 936 808 (4.)
971 766 1017 800 In
1042 765 1161 800 Festo
1189 763 1328 800 Sancti
1352 763 1526 798 Privati.

1018 837 1173 873 Prosa
1212 837 1279 873 IV.

1027 901 1081 943 (111
1107 902 1261 944 Crypta.)

384 988 402 1025 1
420 998 452 1024 a.
486 987 663 1024 Exsultet
694 990 825 1023 nostra
856 985 972 1033 curia,
1197 983 1269 1024 lb.
1303 982 1554 1021 Gaudendum
1585 983 1729 1019 cunctis
1760 982 1924 1032 comiter,

478 1045 521 1081 In
552 1043 699 1081 Privati
729 1043 908 1079 memoria
1300 1040 1376 1077 Sed
1407 1039 1516 1076 nobis
1547 1039 1763 1086 specialiter
1791 1082 1794 1083 ⁷
1954 1085 1958 1091 ⁸
2013 1079 2016 1088 ,

538 1098 1129 1148 Estcongaudendumomnibus,
1359 1096 1608 1134 Gaudendum
1638 1094 1925 1134 minatensibus.
1957 1094 1972 1103 ‘

382 1194 453 1230 2a.
487 1191 606 1228 Nobis
638 1190 710 1227 Dei
742 1189 941 1227 clementia
1204 1188 1278 1227 2b.
1309 1188 1410 1226 Huic
1442 1186 1621 1224 debemus
1652 1195 1799 1232 canere,
2014 1224 2018 1232 .

481 1248 647 1285 Donavit
678 1248 716 1283 in
748 1247 889 1284 solacia
1304 1244 1415 1281 Hunc
1446 1254 1595 1290 semper
1626 1242 1740 1280 debet
1771 1251 1903 1289 sapere
1951 1256 1970 1286 χ
2010 1243 2031 1283 ξ’,

541 1304 718 1341 Sanctum
737 1304 930 1341 Privatum
949 1302 1118 1348 caelitus,
1359 1301 1484 1347 Mens,
1498 1301 1626 1347 lingua
1634 1297 1928 1345 nostrapeuitus.
2012 1293 2031 1363 {3

388 1397 462 1434 3a.
496 1395 662 1441 Private,
695 1404 840 1441 gemma
870 1393 1101 1440 praesulum,
1204 1392 1280 1431 3d.
1313 1392 1487 1438 Adeptus
1514 1391 1588 1428 Dei
1618 1390 1776 1437 gratiam
2011 1362 2031 1442 :¹

487 1451 609 1490 Nobis
639 1451 749 1487 datus
779 1452 818 1488 in
849 1450 1055 1499 speculum,
1307 1449 1494 1495 Sprevisti
1525 1447 1655 1484 mundi
1686 1446 1843 1494 gloriam
2012 1443 2031 1496 {3

546 1506 681 1545 Vicisti
711 1507 841 1545 mundi
873 1507 1028 1557 rabiem,
1362 1505 1474 1543 Velut
1505 1504 1735 1541 immundam
1757 1501 1931 1543 scabiem
2011 1504 2031 1572 2

386 1602 458 1640 4a.
492 1600 583 1636 Post
612 1599 753 1646 adepta
783 1598 968 1645 martyria
1199 1597 1276 1635 4b.
1307 1597 1394 1646 Hic,
1427 1606 1522 1642 quae
1551 1598 1616 1632 tua
1647 1595 1816 1641 potentia
2012 1573 2016 1601 Ι

484 1657 528 1693 In
558 1656 633 1693 ista
664 1666 784 1702 parva
813 1655 918 1702 regia
1303 1654 1355 1690 Et
1387 1663 1481 1700 quae
1512 1657 1577 1689 tua
1607 1651 1656 1688 sit
1686 1651 1821 1698 gratia,
2014 1661 2015 1669 ¹

545 1713 664 1750 Tuum
698 1722 837 1759 corpus
863 1712 924 1748 hic
944 1711 1118 1760 ponitur,
1362 1711 1395 1747 A
1425 1709 1565 1757 populo
1596 1708 1844 1756 cognoscitur.
2014 1714 2031 1761 3¹

390 1807 458 1842 5a.
490 1804 565 1841 Hic
593 1804 633 1840 in
663 1804 718 1840 tui
748 1803 965 1840 memoriam
1206 1801 1275 1840 5b.
1302 1801 1392 1851 Fae,
1426 1802 1529 1839 Deus
1559 1799 1633 1836 tuis
1663 1798 1840 1846 precibus
2014 1781 2017 1802 ἓ

542 1917 634 1965 Fac,
668 1922 707 1953 ut
740 1917 842 1954 Deus
873 1927 940 1953 nos
971 1916 1120 1961 audiat;
1362 1915 1455 1964 Fac,
1486 1914 1590 1951 Deus
1620 1923 1688 1951 nos
1719 1911 1908 1950 exaudiat.

490 1861 563 1898 Per
593 1864 631 1897 te
662 1871 835 1907 rogamus
866 1860 1025 1908 veniam,
1308 1858 1382 1895 Det
1411 1868 1542 1905 pacem
1574 1857 1635 1892 hic
1665 1855 1872 1904 orantibus,
2013 1734 2031 1933 ἓξ

2025 1939 2031 1984 1

769 2048 850 2085 268.
885 2050 943 2092 (5.)
977 2050 1023 2084 In
1048 2049 1169 2084 Festo
1198 2048 1336 2084 Sancti
1362 2046 1536 2082 Privati.
2025 1991 2031 2139 ἱ

2028 2142 2031 2162 1

1032 2121 1190 2157 Prosa
1230 2121 1276 2157 V.

1051 2186 1104 2227 (In
1132 2185 1249 2227 Cava.)

458 2272 488 2310 Ο
522 2271 686 2318 Private,
721 2270 808 2307 dum
841 2269 1004 2319 vivebas,
1273 2269 1404 2307 Palma
1435 2266 1596 2305 vestitus
1628 2265 1770 2312 gloriae

459 2329 501 2365 In
533 2328 604 2365 hac
635 2338 727 2365 cava
757 2327 818 2363 hic
848 2326 1038 2375 manebas,
1275 2325 1464 2363 Scandisti
1496 2323 1591 2360 caeli
1623 2322 1768 2360 solium.

461 2385 534 2422 Hic
565 2385 720 2433 orand0,
752 2384 968 2431 ieiunando,
1275 2382 1348 2420 Hic
1379 2381 1482 2418 Deus
1513 2380 1654 2417 nostris
1686 2378 1867 2416 saeculis-

460 2441 546 2489 Hic,
579 2453 599 2477 ο
632 2441 740 2486 bone,
774 2440 1007 2477 lacrimando
1276 2439 1355 2476 Nos
1387 2438 1515 2475 visitat
1546 2436 1751 2485 miraculis,

462 2499 581 2535 Tuum
610 2508 747 2544 corpus
778 2496 987 2544 affligebas,
1274 2496 1349 2533 Hic
1379 2495 1417 2531 in
1449 2494 1503 2531 tui
1533 2492 1748 2530 memoriam

463 2555 539 2592 Soli
576 2555 726 2592 Christo
759 2553 1006 2600 adhaerebas,
1276 2553 1350 2589 Per
1380 2556 1416 2588 te
1448 2561 1622 2597 rogamus
1653 2549 1811 2588 veniam.

461 2612 597 2649 Mundi
630 2610 767 2657 spretis
801 2610 948 2647 deliciis
1276 2609 1366 2655 Fac,
1401 2612 1440 2644 ut
1473 2607 1600 2645 divina
1632 2606 1754 2654 gratia

466 2669 535 2706 Dei
570 2668 722 2706 vivebas
754 2668 901 2707 studiis,
1277 2666 1333 2703 Sit
1363 2664 1472 2702 nobis
1503 2664 1541 2701 in
1573 2663 1752 2701 remedia.

463 2725 536 2762 Hic
566 2729 648 2762 erat
679 2730 743 2762 tua
773 2725 877 2761 curia
1277 2723 1442 2768 Private‚
1475 2721 1547 2758 tuis
1579 2719 1742 2765 famulis,

465 2783 508 2819 In
539 2787 683 2818 tantum
715 2781 763 2818 ad
795 2781 1011 2830 sollemnia,
1277 2780 1338 2816 Ad
1370 2783 1408 2814 te
1438 2778 1567 2814 venire
1598 2776 1752 2823 sedulis,

464 2839 565 2876 Hinc
592 2838 839 2875 barbarorum
869 2837 975 2875 rabie
1279 2836 1338 2874 Sis
1370 2844 1518 2883 semper
1548 2834 1587 2871 in
1617 2833 1797 2871 auxilium

464 2896 690 2934 Abstractus
721 2905 790 2944 per
821 2894 1055 2944 martyrium,
1280 2893 1421 2932 Contra
1450 2891 1579 2929 mundi
1610 2888 1858 2940 naufragium.
