1914 3223
754 164 805 170 —
864 141 947 182 369

167 258 204 294 5.
237 254 408 292 Fructus
438 254 519 292 eius
549 258 586 291 et
617 254 809 301 profectus

238 312 321 349 Iam
355 315 411 348 est
441 315 478 348 et
509 309 581 347 suit
611 312 790 349 collectus

295 368 345 404 Et
378 369 450 404 erit
480 367 527 404 ab
559 367 783 418 hominibus,

237 423 295 462 Ob
329 424 398 461 hoc
430 424 550 461 dulcis
582 430 637 461 est
666 424 819 462 effectus

236 480 375 518 Gustui
408 481 478 517 mei
512 480 679 525 affectus,

293 536 390 573 Nam
422 537 568 583 gaudeo
591 549 659 584 pro
683 537 868 576 fructibus

234 594 438 630 Hominum
474 599 510 630 et
541 592 789 640 profectibus,

233 648 392 687 Gutture&
425 662 504 688 meo
538 651 723 696 dulcibus,

290 706 434 748 Sciens,
467 708 566 753 quod
600 708 682 753 ipse
706 693 868 745 dilectus

233 762 316 799 Non
349 761 420 799 fuit
451 763 487 799 in
520 763 713 800 laboribus

233 819 340 856 Tunc
371 820 452 856 sine
484 831 596 857 causa
626 821 804 867 gravibus

288 876 349 913 Ab
382 876 595 913 hominibus
627 883 787 915 erectus.

193 1057 201 1066 .
234 1028 315 1065 Rex
346 1028 389 1065 in
419 1028 548 1065 cellum
581 1029 778 1067 vinariam

233 1084 321 1122 Sive
352 1090 517 1122 sanctam
551 1086 762 1132 ecelesiam,

287 1141 363 1180 Ubi
393 1142 544 1189 sanguis
576 1142 617 1179 fit
651 1144 697 1180 de
728 1144 828 1193 vino,

228 1197 452 1236 Introduxit
483 1210 552 1245 me,
586 1198 700 1236 filiam

231 1254 357 1298 Suam,
391 1259 430 1291 ut
462 1255 604 1292 discam
636 1263 671 1292 et
704 1258 833 1308 sciam,

284 1311 385 1357 Quae
418 1311 470 1348 ibi
502 1311 595 1349 fiunt
625 1314 788 1362 omnino,

228 1367 399 1413 Qualiter
428 1369 540 1406 modo
573 1368 710 1407 festino

226 1424 363 1461 Vinum
388 1423 507 1472 'atque
537 1428 736 1473 repentino

283 1481 396 1519 Panis
433 1493 579 1529 quoque
610 1483 860 1522 substantiam

225 1538 468 1576 Transmutat
499 1539 615 1577 verbo
648 1540 776 1578 divino

223 1594 297 1632 Pro
328 1595 478 1632 homine
507 1597 709 1643 peregrino

281 1652 476 1689 Pascendo
507 1653 568 1689 hic
589 1665 658 1700 per
679 1654 852 1702 gratiam.

184 1833 191 1840 .
226 1803 378 1842 Caelum
411 1806 540 1842 volens
571 1808 778 1846 ascendere

222 1861 288 1898 Me
319 1867 355 1898 et
386 1873 472 1899 suos
503 1863 702 1911 neglegere

276 1917 361 1955 Non
380 1919 510 1967 voluit,
533 1931 625 1967 quos
642 1921 849 1973 linquebat,

220 1973 432 2013 Caritatem
461 1976 504 2012 iot
534 1987 594 2014 ‘me
625 1988 725 2022 vere,

218 2031 272 2070 Ut
302 2031 369 2068 hos
401 2032 536 2069 vellem
569 2034 740 2081 diligere,

274 2087 491 2137 Ordinavz't,
523 2096 563 2128 ut
596 2091 776 2141 decebat;

216 2144 291 2182 Per
320 2156 379 2182 me
410 2146 568 2193 quisque
600 2146 776 2199 faciebat,

219 2200 326 2247 Quod
357 2202 437 2239 fieri
470 2204 682 2255 oportebat,

273 2257 332 2296 Ne
362 2260 454 2306 quid
484 2259 593 2297 fieret
623 2265 775 2312 temere,

215 2315 365 2353 Caritas
396 2327 463 2354 nos
494 2317 661 2366 uniebat,

217 2371 324 2417 Quod
356 2384 463 2420 unus,
495 2374 594 2412 alter
625 2375 789 2424 volebat,

271 2429 398 2466 Meum
431 2435 511 2468 erat
543 2433 778 2480 praecipere.

174 2602 183 2611 .
214 2574 295 2612 Iam
325 2576 454 2623 fulcite
483 2589 543 2615 me
571 2579 744 2630 floribus,

214 2631 431 2671 Praeconiis
464 2638 501 2671 et
530 2635 720 2681 laudibus,

274 2688 324 2727 Ut
355 2690 463 2727 decet
495 2693 593 2739 regis
625 2692 753 2744 filiam,

211 2743 360 2792 stipate
388 2747 504 2785 malis
535 2748 709 2786 dulcibus

213 2801 338 2848 Atque
369 2803 522 2841 laudum
553 2805 731 2852 operibus

268 2858 334 2896 Me
364 2863 402 2897 et
421 2871 543 2898 meam
564 2862 840 2912 praesentiam3

168 2924 331 2961 Dreves,
357 2927 606 2964 Hymnographi
626 2931 744 2957 Latini.
781 2931 808 2959 1.

946 1459 1010 1499 10.

935 2237 1000 2277 11.

1056 256 1184 294 Oblita
1213 270 1293 295 sum
1325 260 1529 309 angariam,

1054 313 1168 358 Quam
1201 326 1312 361 passa
1345 314 1397 352 fui
1430 317 1595 361 nimiam,

1114 370 1253 407 videns
1284 373 1430 409 animae
1462 373 1604 410 visibus

1055 426 1230 463 Paratum
1263 429 1352 465 milii
1384 430 1540 475 gloriam

1053 482 1103 518 Et
1135 485 1261 520 sedem
1293 486 1385 522 caeli
1420 486 1558 532 regiam

1111 540 1151 575 ln
1185 542 1508 581 eminentioribuS.

1050 685 1151 733 Quia
1183 697 1315 724 amore
1345 688 1522 736 Ianquev,

1049 742 1092 779 In
1125 743 1195 779 hac
1226 750 1328 781 terra
1361 757 1431 782 non
1466 747 1587 797 video,

1106 800 1186 845 Quo
1219 800 1374 838 debeam
1407 804 1613 853 quiescere,

1047 855 1105 892 De
1137 856 1320 893 elemento
1352 859 1460 904 igneo

1045 912 1199 949 Amoris
1232 912 1332 950 facta
1365 915 1485 953 debeo

1103 969 1242 1005 Locum
1276 982 1476 1017 supernum
1510 978 1660 1023 petere;

1046 1026 1128 1063 Nec
1160 1026 1279 1063 debeo
1310 1028 1553 1075 languescere

1044 1082 1119 1119 Diu
1149 1083 1186 1119 in
1220 1085 1348 1121 mundi
1379 1087 1548 1134 pulvere,

1104 1138 1194 1176 Cum
1227 1140 1296 1177 sim
1328 1148 1503 1188 exempta
1534 1148 1659 1183 terreo

1044 1195 1243 1233 Elemento
1274 1203 1311 1234 et
1343 1199 1468 1236 cinere

1044 1252 1256 1299 Igneaeque
1287 1255 1414 1292 iuncta
1445 1256 1607 1303 spherae

1101 1308 1225 1346 Corde
1247 1311 1331 1357 plus
1352 1323 1463 1358 quam
1485 1315 1674 1354 aethereo.

1043 1461 1175 1498 Laeva
1209 1463 1300 1513 eius,
1334 1464 1507 1503 levatura

1042 1518 1107 1555 Me
1139 1518 1186 1555 de
1217 1531 1298 1556 mea
1330 1522 1538 1572 sepultura,

1097 1576 1175 1612 Iam
1208 1581 1265 1613 est
1294 1578 1363 1614 sub
1390 1590 1472 1615 meo
1504 1579 1639 1631 capite,

1039 1631 1130 1669 Cum
1164 1632 1237 1669 cito
1269 1634 1336 1670 sim
1369 1642 1599 1682 surrectura,

1038 1688 1199 1726 Levabit
1230 1701 1288 1726 me
1319 1702 1455 1738 magna
1486 1703 1587 1742 cura,

1094 1746 1164 1791 Qui
1195 1757 1277 1784 meo
1309 1750 1429 1784 crevit
1459 1750 1612 1799 stipite3

1037 1801 1124 1839 Nou
1157 1803 1265 1840 decet
1295 1815 1474 1851 organum
1508 1807 1609 1844 vitae

1035 1858 1110 1895 Hic
1141 1860 1302 1907 relinqui
1333 1862 1504 1898 indebite

1092 1916 1143 1953 Et
1173 1917 1492 1959 inter,mundana
1523 1931 1624 1971 rura,

1035 1972 1149 2010 Cuius
1180 1984 1251 2020 ope
1282 1980 1369 2012 sunt
1400 1975 1574 2014 redditae

1033 2030 1279 2068 Hereditates
1309 2032 1484 2080 perditae

1090 2086 1315 2125 Hominibus
1347 2094 1460 2135 atque
1490 2090 1586 2129 iura.

1030 2239 1199 2277 Dextera
1232 2252 1379 2289 quoque
1409 2242 1515 2280 illius

1030 2296 1193 2343 Erigens
1224 2308 1282 2334 me
1313 2300 1486 2345 superius

1088 2353 1185 2390 Vere
1214 2366 1274 2392 *me
1304 2356 1597 2403 amplexabitur,

1031 2409 1164 2447 Secum
1197 2417 1237 2448 ut
1269 2412 1387 2448 bonus
1420 2412 1518 2450 filius

1029 2467 1064 2504 A
1096 2468 1240 2505 dextris
1271 2469 1413 2505 locabit
1443 2470 1527 2516 pius

1085 2524 1156 2573 Ita,
1188 2526 1289 2571 quod
1322 2526 1566 2563 coronabitur

1029 2580 1126 2619 Caro
1157 2592 1252 2625 mea,
1283 2586 1325 2618 ut
1355 2583 1525 2619 creditur

1025 2638 1152 2684 Atque
1182 2638 1245 2684 pie
1275 2639 1515 2685 supponitur,

1082 2694 1153 2740 Eo,
1185 2695 1286 2741 quod
1318 2695 1416 2732 hunc
1447 2694 1605 2733 inferius

1027 2750 1242 2800 coronavit,
1277 2751 1372 2788 sicut
1404 2753 1533 2802 scitur,

1024 2807 1075 2845 Et
1107 2807 1202 2844 fides
1233 2809 1272 2845 in
1302 2808 1373 2844 hoc
1402 2808 1542 2855 figitur,

1082 2863 1197 2902 Nullo
1224 2863 1376 2913 figenda
1406 2864 1562 2903 firmius.

1411 2930 1455 2963 24
