2031 3289
567 1894 632 1933 10.

565 2167 631 2205 11.

565 2434 629 2472 12.

563 2699 626 2737 13.

923 158 1230 198 —156—

683 270 735 308 Et
766 270 851 317 pius
882 271 984 308 vitae
1013 271 1234 309 moderator
1263 272 1374 309 huius

681 326 734 363 Et
761 326 871 363 labor
902 331 1050 374 tempus
1081 328 1219 365 habeat
1246 329 1437 379 quiesque,

680 382 854 429 Dumque
885 385 1094 421 succedunt
1124 384 1276 421 sibimet
1306 385 1485 435 vicissim,

818 439 898 476 Nos
928 444 1161 487 vegetemur.

680 540 794 590 Ecce,
829 544 1043 578 transactus
1074 541 1185 578 labor
1215 545 1273 579 est
1304 543 1392 588 diei,

679 596 834 643 Nosque
865 601 903 633 te
934 597 1006 634 tuti
1034 608 1162 635 sumus
1194 599 1397 649 adnuente,

678 653 751 701 En,
782 653 852 690 tibi
883 658 1009 701 grates
1040 654 1184 700 agimus
1216 666 1402 702 perennes

818 710 985 758 Tempus
1016 710 1054 747 in
1086 721 1209 750 omne.

681 809 780 847 Solis
811 811 1010 848 abscessus
1039 811 1216 849 tenebras
1247 813 1424 859 reduxit3

680 867 752 903 Ille
783 868 839 904 sol
870 879 938 904 nos
968 868 1130 906 irradiet
1161 879 1352 918 coruscus,

679 923 781 960 Luce
812 925 876 971 qui
907 923 1011 961 fulva
1043 923 1147 962 fovet
1177 926 1395 972 angelorum

814 981 979 1029 Agmina
1010 986 1154 1019 sancta.

679 1081 846 1119 Caelitus
875 1082 1001 1119 lumen
1034 1083 1189 1119 rutilum
1221 1081 1393 1128 refunde,

678 1138 731 1176 Et
762 1137 851 1186 fuga
881 1139 1017 1175 mentis
1048 1139 1202 1185 tepidae
1234 1140 1424 1184 tenebras,

678 1194 802 1232 Simus
834 1196 985 1232 accensi
1015 1200 1057 1232 ut
1089 1195 1172 1232 face
1203 1196 1388 1243 spiritalis

816 1252 984 1289 Vascula
1015 1252 1122 1289 lucis.

677 1354 777 1400 Quas
810 1353 890 1390 dies
924 1354 1054 1400 culpas
1085 1354 1270 1392 hodierna
1301 1355 1409 1401 texit,

679 1409 852 1448 Christus
884 1410 1010 1447 deleto
1041 1411 1126 1457 pius
1159 1418 1271 1457 atque
1302 1412 1418 1458 mitis,

677 1467 815 1503 Pectus
846 1470 882 1503 et
914 1478 1009 1513 puro
1041 1468 1171 1504 rutilet
1204 1468 1327 1505 nitore

815 1523 1004 1570 Tempore
1035 1525 1168 1562 noctis,

680 1623 737 1661 Sit
767 1625 901 1671 procul
932 1625 1055 1671 luxus,
1090 1626 1222 1672 procul
1253 1626 1374 1663 omnis
1405 1627 1542 1665 horror

676 1681 803 1727 Atque
834 1681 1060 1727 phantasma
1091 1683 1312 1729 speciesque
1343 1683 1514 1735 pulchra,

677 1737 788 1774 Mens
817 1738 883 1774 sed
916 1739 1097 1774 insomnis
1130 1739 1255 1776 valeat
1285 1751 1469 1786 supernos

817 1793 982 1831 Cernere
1015 1795 1127 1832 cives.

680 1895 735 1932 Te
766 1896 887 1933 Deum
921 1907 1072 1944 semper
1104 1897 1266 1943 vigilans
1298 1898 1478 1946 requirat,

679 1952 827 1999 Cogitet
858 1953 1003 1989 cunctis
1035 1954 1203 1990 resoluta
1233 1955 1333 1991 curis

677 2009 840 2046 Actibus
872 2010 1016 2046 cunctis
1047 2015 1160 2056 queat
1190 2014 1231 2047 ut.
1261 2011 1426 2059 placere,

813 2066 906 2110 Rex,
938 2066 1009 2102 tibi
1039 2077 1195 2105 summe.

676 2167 827 2204 Muniat
858 2167 1019 2205 frontem
1052 2170 1135 2206 loca
1165 2169 1245 2206 sive
1276 2169 1404 2207 cordis

677 2223 809 2261 Sermo
841 2225 992 2262 divinus
1025 2227 1147 2262 crucis
1180 2230 1215 2262 et
1247 2229 1458 2276 tropaeum,

676 2280 910 2318 Daemonum
943 2281 1071 2319 vafros
1102 2282 1229 2329 abigat
1260 2284 1484 2321 maeandros

814 2337 902 2376 Sive
934 2339 1102 2385 rapinas.

677 2433 865 2482 Membra,
898 2445 993 2481 quae
1025 2440 1130 2472 casto
1163 2435 1336 2473 dabimus
1368 2436 1496 2483 cubili,

675 2490 858 2537 Prompta
889 2497 1118 2537 consurgant
1148 2503 1243 2538 opus
1274 2493 1322 2530 ad
1356 2493 1542 2537 diurnum,

675 2547 778 2593 Quae
809 2558 915 2583 suum
947 2548 1128 2585 muudum
1161 2549 1252 2586 velit
1283 2560 1366 2586 esse
1394 2551 1576 2598 templum

814 2603 978 2650 Spiritus
1010 2605 1144 2642 almus.

674 2699 781 2744 Quod
813 2699 898 2746 pius
930 2704 1049 2737 totum
1082 2701 1227 2738 habitet
1259 2712 1328 2748 per
1359 2712 1503 2751 aevum,

675 2755 787 2792 Hunc
817 2766 886 2792 nec
917 2756 1085 2794 offendat
1116 2758 1247 2794 vitium
1279 2759 1447 2804 luesque,

675 2811 751 2848 Sed
784 2816 892 2849 vocet
924 2813 1023 2850 vitae
1053 2813 1238 2864 probitas,
1270 2814 1409 2861 fiatque

811 2869 960 2906 Mansio
990 2874 1110 2917 grata.
