2031 3289
887 150 1195 189 -214—

469 263 548 302 Sub
579 263 736 311 proprio
767 262 966 299 abscondit
999 262 1165 300 thalamo
1195 263 1364 310 velisque
1395 264 1554 300 sacratis

465 319 664 358 Obtectum
697 323 806 365 grata
836 318 991 355 nimium
1021 318 1190 357 confovit,
1220 319 1258 356 in
1289 319 1434 358 umbra.

467 376 541 413 Hic
571 385 631 411 me
662 375 885 421 praevalida
915 375 997 411 saxi
1029 375 1200 412 sublimis
1230 376 1269 412 in
1299 386 1386 412 arce

377 435 430 472 20
463 431 667 471 Constituit
699 441 905 477 saevosque
936 441 1050 478 super
1079 432 1167 478 pius
1198 432 1334 468 extulit
1362 432 1502 480 hostes,

462 489 542 534 Quo
574 487 748 524 subiecta
778 497 882 524 meus
913 491 1055 524 temnet
1086 488 1292 525 certamina
1323 492 1468 526 vertex.

464 544 532 582 Ibo
568 543 684 590 igitur
715 544 813 580 sacri
844 544 1061 580 veneranda
1091 555 1161 590 per
1191 545 1289 582 atria
1319 545 1452 591 templi

469 601 527 637 Ac
558 610 692 636 munus
724 600 877 636 laudum
909 600 1053 639 Christi
1084 601 1241 637 devotus
1273 601 1321 637 ad
1351 611 1456 637 aram

470 656 691 693 Persolvam
724 657 965 703 gaudensque
995 657 1113 693 melos
1144 661 1181 694 et
1212 657 1380 694 carmina
1411 657 1545 694 dicam.

385 716 434 752 25
469 713 498 750 Ο
527 713 643 758 Deus,
675 713 843 749 aetherei
875 723 1008 749 censor
1037 713 1236 750 mitissime
1266 715 1383 760 regni,

462 769 593 807 Pande
626 767 844 806 salutiferas
874 770 1026 806 maestis
1059 770 1286 806 clamoribus
1315 780 1439 816 aures,

462 827 636 872 Quosque
669 835 820 871 gemens
851 824 982 873 fundo,
1015 826 1214 863 miseratus
1247 826 1392 873 respice
1421 824 1544 863 fletus.

465 882 519 918 Te
550 892 632 918 mea
664 882 744 918 vult
774 880 903 930 facies,
936 887 973 918 te
1003 893 1120 931 mens,
1153 886 1190 918 te
1221 883 1338 919 corda
1368 886 1584 928 precantur,

469 939 721 985 Conspectum
753 936 964 984 faciemque
994 943 1109 985 tuam,
1143 944 1251 986 pater
1281 939 1390 987 alme,
1423 939 1585 984 requiro,

386 998 436 1035 30
470 995 576 1031 Neve
605 995 688 1040 pios
720 995 848 1031 oculos
880 999 1049 1031 sanctum
1081 1005 1154 1032 neu
1185 995 1365 1032 subtrahe
1396 995 1539 1031 vultum

469 1051 554 1088 Neu
585 1049 791 1098 famulum,
815 1051 1011 1094 Dominus,
1045 1051 1145 1088 bello
1176 1051 1415 1089 incumbente
1446 1051 1628 1097 relinque.

463 1109 559 1146 Esto
592 1107 684 1143 mihi
716 1108 878 1144 clemens
909 1108 1034 1155 potius
1064 1107 1239 1155 fidusque
1269 1113 1450 1155 patronus

465 1165 546 1201 Nec
578 1174 636 1200 me
670 1168 926 1211 contemptum
959 1165 1183 1201 truculentis
1216 1166 1349 1201 desere
1379 1164 1569 1201 monstris.

461 1221 587 1259 Meme
619 1221 761 1268 quippe
792 1219 865 1257 feri
896 1222 1085 1267 quondam
1115 1221 1260 1268 liquere
1291 1227 1481 1268 parentes,

383 1280 434 1317 35
467 1278 520 1315 At
551 1277 671 1314 bonus
702 1277 763 1313 hic
795 1277 977 1314 Dominus
1010 1278 1111 1315 dulci
1142 1278 1283 1324 pietate
1314 1276 1464 1315 refovit.

462 1334 594 1373 Pande
623 1333 716 1370 mihi
749 1338 892 1370 rectum
924 1334 1111 1380 perplexa
1142 1345 1213 1382 per
1242 1335 1328 1372 avia.
1360 1335 1492 1371 callem

463 1390 575 1437 Legis
607 1395 644 1426 et
676 1390 854 1427 eximiam
888 1390 1014 1427 tribue
1046 1389 1192 1437 fulgere
1224 1391 1428 1433 lucernam,

468 1447 526 1484 Ne
558 1445 660 1483 ferro
691 1448 881 1483 accinctos
914 1447 1105 1484 incurram
1136 1448 1285 1484 nescius
1318 1448 1457 1490 hostes,

471 1504 546 1542 Sed
582 1503 677 1539 duce
707 1507 745 1540 te
774 1504 929 1550 gradiar
959 1504 1112 1541 inimica
1143 1515 1212 1551 per
1242 1505 1391 1551 agmina
1421 1508 1538 1542 tutus,

381 1561 433 1599 40
466 1560 563 1597 Nam
596 1570 654 1596 me
686 1558 878 1606 falsiloqui
910 1560 1109 1597 cinxerunt
1143 1561 1309 1607 undique
1340 1564 1480 1608 testes;

467 1616 532 1654 Nil
563 1620 687 1653 tamen
719 1617 905 1653 insontem
938 1617 1134 1654 mendacia
1165 1628 1261 1654 vana
1292 1617 1491 1661 nocebunt,

466 1673 541 1711 Sed
573 1673 738 1710 mendax
770 1673 965 1720 proprium
998 1673 1166 1719 portabit
1198 1674 1326 1720 lingua
1357 1677 1515 1712 reatum.

463 1732 536 1767 Ast
568 1741 635 1777 ego
667 1729 828 1776 confido,
863 1730 1014 1766 Domini
1046 1731 1145 1776 quod
1177 1730 1315 1777 gaudia
1344 1731 1452 1777 larga

464 1787 580 1823 Vitali
611 1786 650 1823 in
683 1786 810 1832 patria
839 1787 962 1823 lactus
993 1787 1073 1823 sine
1104 1786 1178 1824 fine
1210 1787 1359 1825 videb0.

384 1844 436 1881 45
468 1843 664 1889 Exspecta
694 1843 896 1879 Dominum
929 1843 1117 1880 constanti
1149 1844 1263 1880 corde
1294 1843 1509 1889 benignum,

474 1899 632 1946 Semper
663 1904 700 1936 et
729 1900 901 1936 adversis
933 1898 1090 1946 conflige
1121 1900 1283 1937 viriliter
1313 1900 1439 1949 armis,

464 1956 560 1993 Nam
593 1956 692 1993 bona
724 1957 901 2003 perpetui
931 1958 1080 2003 patiens
1111 1956 1208 1993 feret
1240 1956 1371 1993 inclita
1403 1955 1522 2003 regni.

352 2069 434 2102 Cod.
460 2069 610 2100 Parisin.
637 2065 738 2100 7558.
775 2078 864 2099 saec.
891 2066 922 2100 9.
948 2085 991 2090 -
1027 2066 1047 2099 3
1073 2071 1106 2100 et
1130 2067 1224 2102 fehlt.
1251 2085 1294 2089 —
1326 2066 1346 2099 5
1371 2067 1494 2098 hostis.
1519 2084 1564 2089 —
1598 2064 1638 2097 13
1662 2066 1755 2096 anni.
1780 2081 1823 2087 -—

261 2111 304 2145 22
329 2124 438 2146 sacra.
473 2132 516 2135 —
549 2111 592 2145 27
618 2114 701 2145 fleti.
729 2131 770 2135 -—
791 2111 833 2145 31
862 2113 952 2145 bello
978 2113 1074 2146 fehlt.
1099 2131 1143 2134 -—
1174 2111 1218 2145 38
1243 2114 1409 2145 acinctos.
1434 2130 1478 2134 —
1510 2110 1553 2145 39
1581 2113 1677 2143 tutis.
1705 2127 1749 2132 —
1780 2107 1825 2142 43

258 2161 351 2191 Aest.
378 2179 420 2182 ——
446 2159 627 2191 Diimmler
652 2160 698 2197 ΙΙ,
723 2156 788 2191 535
814 2159 845 2190 ff.

522 2315 603 2351 163.
640 2316 697 2358 (5.)
731 2315 985 2360 Epigramma
1010 2315 1161 2351 Psalmi
1188 2315 1367 2350 vicesimi
1393 2314 1562 2359 septimi.

276 2422 312 2461 1.
344 2421 408 2459 Ad
438 2424 487 2467 te,
520 2420 694 2468 polorum
726 2421 912 2466 conditor,
1098 2423 1134 2459 3.
1167 2421 1269 2458 Audi
1300 2420 1490 2467 precantis
1521 2420 1646 2467 anxia,

346 2478 520 2516 Clamore
549 2477 713 2524 supplex
746 2476 880 2514 intimo
1170 2479 1286 2515 Pater
1316 2487 1502 2523 supreme,
1534 2486 1736 2522 murmura,

344 2535 481 2572 Votum
506 2544 733 2581 precemque
768 2534 914 2581 dirigo,
1168 2533 1266 2570 Dum
1298 2534 1439 2580 templa
1471 2533 1564 2570 caeli
1595 2533 1643 2570 ad
1675 2531 1795 2570 ardua

343 2592 486 2629 Aurem
517 2591 700 2638 benignus
737 2592 947 2628 commoda.
1168 2591 1281 2627 Elata
1311 2591 1404 2627 tollo
1434 2589 1601 2627 brachia.

276 2695 311 2731 2.
345 2693 440 2731 Nam
475 2692 507 2730 si
539 2692 613 2730 tuis
644 2692 808 2730 oraculis
1095 2695 1132 2731 4.
1166 2693 1224 2729 Ne
1255 2703 1313 2729 me
1344 2693 1526 2740 scelestis,
1559 2691 1726 2735 obsecro,

344 2749 505 2796 Indigna
534 2753 639 2796 gesto
671 2753 839 2795 pectora.
1165 2749 1215 2786 Et
1244 2749 1455 2786 criminosis
1485 2748 1652 2785 coetibus

345 2806 414 2842 His
446 2810 553 2842 exsto
581 2805 653 2842 iam
687 2806 912 2852 simillimus,
1162 2806 1327 2843 Mixtum
1358 2805 1488 2842 trahas
1518 2805 1568 2842 ad
1597 2803 1726 2840 intima

346 2862 425 2899 Imo
456 2867 636 2898 vorantur
667 2862 729 2908 qui
761 2862 856 2902 lacu,
1162 2863 1311 2900 Poenae
1344 2862 1490 2899 voracis
1520 2861 1693 2909 Tartara,
