1914 3223
710 198 757 202 —
820 175 901 213 4125
962 198 1016 202 —

97 294 132 332 3.
163 291 364 330 Exercitus
395 291 556 337 angelici

161 349 268 393 Mox,
301 352 342 384 ut
372 357 412 384 se
444 346 564 384 factos
596 345 784 392 viderant,

161 405 334 451 Ipsorum
367 404 519 450 quidam
552 403 688 440 tumidi

165 462 278 500 Suum
310 459 493 498 factorem
525 463 760 506 spreverant.

166 539 365 580 chmming
388 539 434 577 11,
462 536 526 570 139
552 549 586 569 u.
610 538 632 568 t.

913 291 950 328 4.
985 288 1033 325 Hi
1066 292 1178 325 ruunt
1209 288 1246 325 in
1278 288 1479 337 miseriam,

983 345 1102 382 Deum
1135 345 1334 382 laudantes
1367 345 1502 391 reliqui

984 403 1058 438 Per
1089 407 1138 445 te,
1169 402 1307 447 Maria,
1340 406 1525 438 noverant

983 458 1096 495 Suam
1128 457 1334 495 fracturam
1365 458 1470 505 erigi.

577 671 658 707 368.
697 671 755 714 (7.)
791 671 909 706 Feria
938 672 1134 707 Secunda.

724 742 791 780 Ad
820 743 990 783 Laudes.

93 850 129 887 1.
160 848 203 885 In
233 846 372 883 throno
404 846 483 883 Deo
515 845 687 892 proximo

165 904 233 949 Tu,
268 903 372 949 virgo
404 913 524 947 sacra,
558 902 742 952 residens,

165 961 287 1007 Super
319 964 452 996 cuncta
483 959 711 1006 placabilem

163 1017 217 1055 Te
247 1016 320 1053 sibi
351 1016 527 1052 thronum
560 1016 756 1054 exhibenS.

95 1111 130 1148 2.
162 1109 215 1146 Te
246 1108 373 1145 throni
405 1118 486 1144 cum
518 1107 700 1152 angelicis

163 1165 389 1203 Collaudant
420 1163 684 1211 potestatibus,

161 1222 216 1259 Te
247 1221 448 1258 concinunt
478 1220 651 1258 altisonis

162 1278 264 1316 Caeli
297 1278 485 1315 caelorum
516 1277 707 1318 laudibus,

165 1357 367 1398 Klemming
391 1356 436 1394 II,
465 1353 539 1387 130.

912 847 950 884 3.
984 847 1026 883 In
1059 850 1095 881 te
1127 847 1276 881 creator
1305 844 1469 880 onmium

982 902 1133 947 Quievit
1162 902 1437 947 tempiraliter,

983 959 1025 996 In
1058 969 1131 1005 quo
1162 962 1215 1005 tu,
1248 958 1354 1004 virgo
1385 958 1585 1006 virginum,

983 1015 1152 1061 Quiescis
1184 1014 1443 1054 aeternaliter.

911 1110 948 1144 4.
983 1107 1041 1143 Ex
1073 1110 1110 1142 te
1140 1106 1304 1143 laetatur
1335 1106 1473 1152 iugiter

984 1164 1082 1200 Tota
1114 1163 1288 1200 caelestis
1320 1163 1437 1212 curia,

980 1220 1038 1257 Ex
1071 1224 1108 1256 te
1139 1230 1336 1266 speramus
1363 1219 1516 1266 gaudia,

979 1278 1047 1324 Qui
1079 1288 1205 1313 sumus
1236 1277 1274 1312 in
1306 1277 1495 1324 angustia.

575 1421 657 1457 369.
693 1421 753 1464 (S.)
790 1421 911 1456 Feria
936 1420 1132 1457 Secunda.

739 1487 806 1525 Aa
833 1488 982 1525 Horas.

101 1580 137 1618 1.
168 1579 284 1626 Virgo
315 1577 462 1626 fulgens
494 1578 698 1616 virtutibus

169 1636 264 1673 Prae
295 1636 479 1673 creaturis
508 1635 694 1684 omnibus,

170 1692 322 1730 Nostris
352 1693 472 1739 pulsis
504 1693 723 1729 criminibus

168 1748 273 1787 Infer
303 1750 462 1786 virtutes
493 1749 694 1788 mentibus.

165 1828 363 1870 Klemming
386 1829 432 1867 ΙΙ,
459 1826 534 1860 150.

918 1581 955 1617 2.
987 1578 1045 1615 Tu
1075 1589 1142 1615 nos
1175 1582 1345 1615 errantes
1378 1578 1536 1626 corrige,

983 1635 1041 1672 Tu
1071 1646 1138 1672 nos
1170 1636 1348 1672 cadentes
1380 1635 1495 1682 erige,

985 1692 1141 1729 Manum
1172 1692 1373 1739 benignam
1404 1692 1569 1741 porrige,

987 1749 1134 1786 Nociva.
1164 1759 1315 1797 semper
1345 1748 1466 1796 abige.

580 1893 663 1929 350.
702 1894 759 1936 (9.)
796 1893 914 1929 Eeria
939 1893 1136 1930 Secunda.

705 1959 772 1998 Ad
805 1961 1003 2006 Vesperas.

94 2051 130 2089 1.
160 2050 274 2099 Deus,
306 2051 514 2097 plasmator
544 2052 721 2102 hominis,

161 2107 328 2144 Intactae
360 2107 414 2145 fili
445 2108 613 2158 virginis,

165 2164 234 2210 Qui
266 2164 482 2202 libertatem
515 2166 677 2202 dederas

164 2220 295 2267 Nobis,
326 2232 418 2268 quos
449 2226 490 2259 tu
520 2223 759 2261 condideras,

98 2312 137 2350 2.
166 2311 235 2358 Qui
267 2312 420 2360 angelos
451 2316 489 2350 et
519 2313 689 2350 homines

163 2367 243 2405 Hac
275 2368 473 2406 abutentes
505 2371 627 2417 gratia

162 2423 256 2470 Tua,
287 2425 402 2463 iudex
434 2427 670 2476 aequissime,

162 2479 348 2519 Afflixisti
378 2483 534 2532 iustitia,

908 2053 945 2090 3.
978 2051 1036 2088 Tu
1066 2051 1263 2088 induratos
1296 2050 1474 2096 despicis,

980 2109 1037 2145 Tu
1069 2107 1306 2158 paenitentes
1337 2107 1510 2153 respicis,

980 2165 1028 2202 Se
1060 2165 1317 2211 deprimentes
1348 2164 1510 2210 relevas,

983 2221 1030 2259 Se
1062 2222 1286 2258 extollentes
1317 2231 1488 2267 superas,

910 2316 948 2352 4.
979 2313 1050 2360 Qui
1080 2313 1223 2350 monita.
1253 2310 1530 2358 complentibus

980 2370 1062 2407 Tua
1093 2370 1208 2407 vitam
1239 2369 1482 2418 promiseras,

981 2425 1124 2464 Confer
1154 2425 1262 2463 nobis
1293 2425 1473 2463 alacriter

981 2483 1192 2531 Complere,
1224 2482 1410 2530 quidquid
1439 2482 1618 2521 iusseras·

511 2577 548 2613 5.
581 2575 634 2613 Ut
665 2585 747 2611 cum
778 2575 894 2612 iudex
925 2574 1128 2612 adveneris

574 2630 644 2681 Ite,
676 2631 799 2669 venite
828 2630 1012 2679 referens,

574 2688 714 2726 Matris
744 2699 859 2736 prece
889 2699 956 2726 nos
988 2688 1109 2725 socies

577 2745 661 2790 His,
694 2757 787 2793 quos
819 2746 955 2783 dextra
985 2744 1183 2782 locaveris.

173 2815 208 2858 1,
231 2816 252 2850 2
275 2818 339 2852 filii
364 2820 401 2853 C.
428 2839 468 2844 ——
494 2819 533 2861 2,
562 2821 577 2854 1
603 2822 762 2855 homines
787 2827 821 2855 et
845 2823 987 2865 angelos
1015 2821 1056 2854 D.
1082 2838 1127 2844 —
1150 2820 1190 2859 4,
1218 2820 1239 2853 2
1264 2822 1376 2853 Tuam
1401 2823 1475 2855 CD.
1500 2840 1543 2844 —
1569 2821 1601 2861 5,
1625 2820 1647 2855 3

85 2870 198 2901 preces
217 2863 253 2896 C.
278 2882 322 2888 —-
346 2866 445 2899 Nach
477 2865 516 2908 5,
550 2865 573 2899 4
600 2867 661 2900 hat
685 2869 715 2899 A
741 2872 826 2900 statt
849 2869 910 2900 des
935 2869 1112 2910 Anfanges
1137 2865 1265 2899 Maria
1290 2869 1402 2900 mater
1425 2866 1567 2910 qratiae
1592 2868 1649 2900 die

84 2906 216 2940 Worte:
241 2907 355 2943 Sacra
382 2913 491 2944 mater
515 2921 605 2946 cum.
629 2931 675 2935 —
698 2910 902 2957 Klemming
925 2915 972 2952 II,
998 2911 1051 2945 58.
