2031 3289
982 158 1291 199 —292—

355 279 482 313 tamen
536 278 574 312 et
621 274 724 312 modi
772 273 891 320 ipsius
936 277 970 310 et
1014 272 1196 310 materiae
1239 272 1363 310 finalis
1406 273 1572 320 ignarus,
1647 272 1761 311 Cuius
1801 271 1914 311 finem
1962 285 1999 293 ’-

359 331 542 369 orationis
586 331 674 368 huic
717 331 790 367 iam
836 330 944 377 operi
989 329 1060 366 Dei
1105 330 1226 376 gratia
1265 330 1450 376 largiente
1489 329 1692 376 supposui,
1737 328 1836 366 sicut
1873 330 1914 368 in
1955 334 1997 379 ³1⁴2„

356 388 490 435 primis
533 392 659 425 mente
702 387 858 434 concepi
899 391 937 422 et
977 386 1073 422 sicut
1103 386 1142 422 in
1171 386 1351 434 prologo,
1391 386 1480 422 licet
1508 385 1631 422 adhuc
1662 384 1914 423 subiectorum
1961 373 1991 439 ‘y‘

355 445 533 491 ignarus,
566 445 791 481 mentionem
822 443 954 489 utique
985 440 1058 479 feci
1090 442 1240 480 dicens:
1284 443 1386 490 Opus
1420 442 1492 479 hoe
1519 441 1559 478 in
1590 446 1719 488 partes
1749 441 1913 491 quinque
1966 440 1986 458 ⁶'

363 501 531 539 distinxi.
585 500 658 538 Sed
682 499 804 546 quinis
827 498 998 546 partibus
1023 499 1106 535 istis
1127 499 1160 535 si
1181 498 1254 535 tria
1283 520 1339 524 -
1369 499 1562 547 prologus,
1592 498 1700 535 initia
1721 498 1914 536 titulorum

354 562 390 594 et
421 556 508 594 finis
543 556 795 594 subiectorum
823 577 870 581 —
898 555 1100 598 addantur,
1134 566 1206 591 non
1229 559 1375 592 tantum
1402 558 1560 602 septem,
1592 555 1659 592 sed
1682 557 1810 602 partes
1831 558 1914 593 octo
1972 551 1994 604 ’ᾗ

354 611 569 661 refulgent,
622 612 757 660 quibus
800 612 927 658 utique
972 612 1187 659 septenaria
1230 611 1441 658 praesentis
1486 611 1668 648 ecelesiae
1712 610 1834 660 gratia
1877 614 1916 648 et
1959 618 1993 662 1?-

357 670 551 708 octonaria
582 669 756 710 caelestis
785 669 935 716 patriae
965 669 1085 716 gloria
1117 668 1344 708 declaratur.
1960 664 1966 678 ’·

817 747 989 795 Emplicit
1019 746 1154 784 titulus
1183 747 1451 785 subiectorum.

625 850 764 897 Incipit
794 850 887 887 haec
918 848 1010 886 felix
1041 849 1162 886 oratio
1193 852 1325 886 sancta
1354 848 1490 898 fidelis,

625 908 705 954 Qua
734 907 835 954 perit
864 904 998 943 infelix
1030 905 1168 943 veteris
1205 904 1356 943 fallacia
1386 906 1502 945 BeliS.

883 996 1056 1043 Explicit
1087 995 1380 1036 commendatio.

677 1185 759 1222 294.
798 1186 856 1229 (7.)
890 1185 1039 1230 Incipit
1065 1185 1422 1220 commendationis
1449 1184 1600 1220 oratio.

558 1306 595 1344 1.
627 1304 657 1342 Ο
688 1303 819 1349 regina
849 1302 940 1349 poli,
972 1302 1147 1339 miserum
1181 1306 1419 1339 contemnere
1449 1301 1528 1338 noli

627 1360 692 1397 Me
723 1364 974 1406 peccatorem,
1007 1359 1074 1396 sed
1106 1363 1156 1404 te,
1188 1363 1288 1405 peto,
1322 1357 1394 1407 fac,
1427 1362 1469 1395 ut
1498 1357 1678 1395 honorem

629 1416 802 1454 Moribus
833 1419 871 1452 et
900 1416 992 1464 vita⁷
1023 1426 1147 1462 prece,
1181 1418 1278 1464 voto,
1312 1419 1447 1464 mente,
1479 1414 1604 1461 perita

628 1473 760 1510 Laude
792 1477 895 1510 tuum
927 1477 1068 1518 natum,
1101 1476 1223 1508 tecum
1254 1471 1335 1509 sine
1364 1472 1438 1509 fine
1468 1471 1632 1510 beatum.

557 1590 594 1627 2.
626 1587 720 1634 Fac,
751 1589 793 1623 ut
823 1585 999 1622 maiestas
1030 1585 1192 1632 simplex
1223 1591 1261 1622 et
1290 1585 1391 1622 trina
1421 1588 1590 1632 potestas

628 1643 692 1680 Me
722 1643 793 1679 sibi
825 1642 1029 1689 suscipiat,
1062 1641 1139 1691 fiat,
1175 1642 1405 1687 dulcissima,
1436 1641 1512 1679 fiat.

627 1699 717 1748 Fac,
748 1704 833 1736 tuus
864 1704 903 1736 ut
936 1703 1045 1736 natus
1074 1710 1143 1745 pro
1175 1709 1232 1735 me
1263 1703 1348 1735 tuus
1375 1703 1412 1736 et
1444 1698 1631 1736 cruciatus

626 1757 669 1794 In
700 1767 760 1793 me
786 1755 959 1803 perficiat.
989 1767 1057 1792 sua
1089 1756 1200 1804 dona,
1232 1756 1415 1803 piissima,
1447 1755 1525 1793 fiat.

627 1871 682 1908 Te
712 1879 860 1917 precor,
892 1868 1021 1915 Alpha
1051 1869 1110 1905 vel
1141 1869 1184 1914 O,
1218 1869 1382 1906 concede
1413 1869 1502 1905 mihi
1534 1869 1615 1906 sine
1645 1868 1728 1906 velo

628 1927 758 1964 Mente
790 1924 863 1962 frui
896 1926 1011 1975 caelo,
1045 1926 1198 1963 caelesti
1227 1925 1355 1963 vivere
1386 1927 1479 1975 zelo,

627 1983 829 2030 Virgineae
858 1983 970 2019 matri
1000 1987 1147 2029 gratum
1180 1982 1272 2029 fore,
1305 1983 1465 2019 nominis
1497 1983 1571 2020 atri

625 2040 748 2077 Nocte
778 2049 920 2085 carere,
952 2039 1070 2085 sequi,
1103 2039 1202 2086 quod
1234 2039 1371 2076 iustum
1403 2042 1550 2077 constat
1581 2042 1616 2075 et
1647 2037 1769 2086 aequi,

557 1875 594 1911 520

554 2155 592 2192 4.
624 2153 750 2190 Finali
780 2153 908 2200 palma
938 2152 1111 2190 decorari
1141 2152 1254 2189 laude
1284 2153 1353 2189 sub
1384 2153 1494 2196 alma,

626 2209 702 2247 Sub
734 2210 860 2256 palma
890 2209 1038 2255 palmae
1069 2209 1234 2258 reginae,
1269 2209 1424 2256 virginis
1455 2210 1587 2246 almae.

624 2268 742 2312 Quam
773 2266 864 2303 felix
894 2266 1032 2314 palma,
1066 2266 1218 2302 dilectio
1250 2266 1404 2314 virginis
1436 2266 1554 2303 alma!

625 2324 757 2361 Dulcis
788 2324 886 2360 inest
917 2323 1066 2370 palmae
1098 2323 1294 2360 meditatio
1326 2323 1482 2370 virginis
1513 2324 1647 2362 almae.

555 2439 590 2475 5.
625 2435 773 2483 Gratia,
805 2436 887 2472 laus
918 2435 1038 2472 almae
1069 2436 1117 2471 sit
1148 2441 1183 2472 et
1216 2436 1294 2473 eius
1326 2437 1447 2481 gratia
1479 2436 1649 2484 palmae3

628 2493 722 2530 Nam
755 2493 872 2530 trahit
903 2492 951 2529 ad
981 2492 1145 2538 palmam
1179 2493 1374 2530 meditatio
1405 2504 1514 2530 saera
1545 2504 1612 2539 per
1644 2492 1792 2528 almam.

625 2549 654 2587 O
686 2548 777 2586 felix
808 2549 948 2596 palma,
981 2549 1364 2597 meditatioyirginis
1395 2551 1514 2587 alma!

625 2605 720 2643 Nam
753 2606 812 2643 vir
837 2605 875 2642 in
907 2605 977 2642 hac
1007 2606 1106 2642 alma
1138 2607 1274 2652 gaudet
1308 2617 1388 2642 culn
1421 2606 1567 2654 virgine
1599 2605 1735 2652 palma.

553 2710 590 2747 ὕ.
622 2707 724 2754 Ergo
756 2706 994 2753 triumphalis
1027 2707 1247 2744 corroborat
1275 2707 1372 2744 actio
1403 2708 1490 2744 talis

626 2763 775 2810 Datque
808 2773 937 2800 carere
966 2764 1075 2799 malis
1107 2764 1303 2800 meditatio
1334 2764 1542 2812 spiritualis

625 2820 794 2867 Virginei
829 2819 990 2866 decoris,
1023 2820 1199 2857 caelestis
1231 2821 1363 2857 dulcor
1393 2821 1543 2870 odoris3

625 2877 756 2914 Dulcis
788 2878 885 2914 enim
918 2876 1019 2913 mitis
1050 2877 1134 2924 plus
1166 2881 1224 2915 est
1254 2877 1453 2914 dulcedine
1483 2877 1584 2920 vitis.
