2031 3289
957 216 1258 256 κ-362-

371 330 407 369 3.
439 329 681 376 Frayrantia
712 333 796 365 sunt
827 329 981 376 optimis

443 384 657 432 Unyueutis
688 385 920 422 suavissimis

496 441 602 478 Haec
632 440 749 477 ubera
781 441 1001 488 dignissima

438 497 489 534 Et
521 509 541 533 a
573 496 709 533 finibus
738 497 880 534 ultimis

440 554 654 599 Insulisque
685 553 898 591 novissimis

497 609 717 646 Sentiuntur
746 611 1042 658 promptissima,

441 665 494 703 Ut
524 665 713 702 sauciatus
744 666 868 703 anima

440 722 490 759 Et
520 723 623 758 laesa
653 721 796 759 habens
827 723 959 760 intima

493 778 613 815 Miser
643 781 680 814 et
708 779 959 825 pusillanimis

437 835 654 871 Accurrens
687 845 777 872 cura
807 836 971 872 maxima

436 890 554 937 Sugat
585 890 677 927 haec
706 902 773 928 sua
804 892 947 938 optima

496 947 658 985 Sanitati
689 945 791 984 facta
821 949 946 986 nimis,

395 1127 404 1136 .
437 1098 568 1136 Oleum
604 1101 657 1136 est
685 1110 823 1136 nomeu
854 1103 963 1137 tuum

436 1155 618 1202 Effusum
652 1166 721 1202 per
751 1156 968 1193 continuum

495 1211 738 1248 stillicidium
770 1213 927 1261 gratiam

439 1268 623 1305 Roridum
655 1273 693 1304 et
723 1269 904 1316 irriguum

438 1325 511 1362 Per
540 1323 720 1361 fluentum
752 1325 945 1362 assiduum

492 1381 625 1418 Dulcis
656 1382 961 1427 misericordiae3

436 1437 513 1476 Ubi
543 1448 679 1475 nomen
710 1442 767 1474 est
796 1439 956 1489 Mariae,

436 1494 672 1531 Directivum
703 1494 845 1531 habent
875 1495 959 1532 viae

492 1549 817 1587 Transfretatores
848 1550 1040 1599 fluctuum,

435 1607 488 1644 Et
517 1611 575 1644 est
605 1607 658 1643 eis
688 1608 752 1644 lux
783 1619 853 1654 pro
885 1609 946 1645 die

438 1663 527 1701 Sine
557 1668 677 1714 nocte,
709 1664 741 1700 si
772 1675 812 1700 se
842 1665 904 1711 pie

492 1720 640 1767 Regant
670 1731 739 1767 per
769 1721 890 1758 oleum
923 1733 1041 1762 suum.

391 1900 399 1908 .
431 1872 524 1910 Ideo
557 1874 591 1909 te
621 1873 854 1919 iuvenculae,

432 1928 593 1966 Sanctae
623 1930 927 1968 adolescentulae

489 1985 585 2022 Toto
617 1987 731 2023 corde
763 1987 992 2034 dilexerunt,

431 2042 519 2080 Tibi
552 2043 674 2079 dulcis
706 2043 915 2090 virginulae

429 2099 555 2145 Atque
585 2100 732 2137 animae
762 2100 932 2146 singulae

490 2156 734 2192 lnnocentum
767 2157 1034 2205 adhaeserunt,

430 2211 487 2248 Ex
534 2223 606 2258 quo
646 2213 775 2249 ducem
806 2218 842 2248 te
874 2214 1061 2264 viderunt,

433 2267 518 2306 Cito
547 2274 633 2314 post
662 2274 699 2305 te
731 2270 902 2306 exierunt

487 2324 746 2372 Obsequentes
779 2326 988 2373 discipulae

433 2381 539 2417 Vana
571 2382 774 2429 mundique
803 2386 1028 2428 spreverunt

431 2438 482 2475 Et
515 2448 558 2475 ea
589 2444 860 2485 reputaverunt

486 2495 582 2531 Esse
613 2495 695 2532 loco
727 2495 937 2542 decipulae.

388 2671 395 2678 .
427 2641 555 2678 Trahe
584 2652 643 2677 me
666 2643 758 2688 post
790 2644 824 2678 te
855 2647 893 2679 et
923 2652 997 2691 eas,

429 2698 546 2745 Virgo
579 2698 713 2744 dulcis,
746 2703 782 2734 et
815 2699 956 2748 videaS,

485 2754 665 2799 Quoniam
698 2765 756 2791 me
786 2755 826 2791 ni
857 2755 1018 2792 traxeris

428 2812 591 2857 Propter
621 2813 790 2849 sarcinas
821 2816 977 2861 terreas,

429 2867 655 2913 Corporales
685 2872 722 2904 et
752 2868 872 2905 luteas

485 2923 557 2959 llio
589 2923 762 2962 detentus
792 2924 830 2961 in
861 2924 1007 2966 inferis,

1254 331 1411 378 Semper
1441 342 1505 368 ero
1536 343 1618 369 cum
1650 332 1810 382 miseris,

1254 388 1386 424 Iacens
1417 389 1593 425 sordibus
1624 389 1805 435 pulveris,

1308 444 1402 481 Alas
1433 442 1575 481 faciens
1605 445 1813 494 plumbeas,

1253 500 1355 546 Quae
1384 500 1511 538 obices
1540 501 1699 548 itineris,

1254 556 1312 593 Ne
1342 557 1484 593 evolem
1518 568 1599 594 eum
1630 559 1790 608 superis,

1310 613 1524 659 Impedient
1553 614 1634 651 vias
1663 623 1776 652 meas.

1212 788 1219 797 .
1254 758 1461 797 Curremus
1491 759 1533 795 in
1563 764 1845 807 unquentorum

1252 814 1426 859 Odorem,
1459 817 1577 865 virgo,
1609 818 1776 866 tuorum,

1309 872 1349 910 Si
1379 872 1486 918 prior
1515 877 1643 909 currat
1673 875 1797 910 anima

1255 928 1417 974 Postque
1448 939 1583 975 corpus
1605 933 1727 966 tractu
1749 930 1881 968 horum

1252 985 1321 1021 Vel
1353 990 1389 1020 te
1420 986 1534 1022 corda
1564 986 1784 1023 miserorum

1309 1041 1512 1088 Trahente‚
1543 1041 1823 1089 benignissima.

1253 1098 1282 1135 O
1315 1097 1439 1134 anima
1469 1098 1696 1144 pigrissima‚

1252 1154 1394 1201 Tuque,
1428 1165 1515 1191 caro
1546 1155 1768 1201 gravissima

1309 1210 1359 1247 Et
1389 1221 1567 1257 organum
1600 1217 1851 1258 peccatorum,

1254 1265 1414 1316 Currite,
1450 1267 1535 1304 dum
1569 1268 1787 1306 dulcissima

1256 1324 1329 1359 Vos
1358 1324 1476 1360 trahit
1507 1335 1530 1361 a
1559 1325 1771 1362 miserrima

1308 1379 1466 1417 Miseria
1496 1381 1782 1420 mundanorum.

1210 1562 1218 1570 .
1249 1531 1474 1570 Introduxit
1503 1543 1563 1569 me
1593 1534 1714 1578 gratia

1249 1589 1333 1626 Rex
1361 1589 1404 1625 in
1433 1600 1508 1626 sua
1538 1589 1707 1636 cellar-ia,

1306 1645 1404 1682 Dum
1437 1647 1622 1692 permittit
1642 1657 1701 1683 me
1722 1647 1879 1685 inscium

1248 1702 1329 1738 Tua
1359 1706 1397 1738 et
1427 1702 1506 1738 eius
1538 1703 1664 1740 dulcia

1247 1758 1450 1805 Percipere
1481 1759 1678 1806 colloquia,

1295 1816 1396 1860 Quae
1406 1814 1639 1853 confertmos
1649 1817 1853 1853 amantium
1867 1831 1876 1864 3

1247 1871 1358 1908 Nunc
1388 1872 1568 1909 laudante
1598 1877 1635 1909 te
1667 1872 1782 1909 filium

1248 1927 1399 1964 Laudat.
1429 1939 1498 1975 per
1528 1929 1679 1965 modum
1709 1930 1837 1978 alium,

1307 1984 1415 2021 Nunc
1445 1991 1484 2021 tu
1516 1990 1553 2022 et
1582 1985 1648 2022 ille
1677 1986 1752 2023 alia

1248 2041 1444 2086 Laudatis,
1477 2046 1513 2077 et
1544 2042 1802 2088 praeplurium

1249 2097 1321 2134 Est
1353 2098 1404 2134 ibi
1436 2109 1507 2134 vox
1538 2099 1773 2135 laudantium

1306 2154 1381 2190 Vos
1412 2154 1541 2191 ambos
1572 2156 1610 2192 in
1639 2155 1798 2193 laetitia.

1205 2334 1214 2343 .
1244 2305 1540 2344 Exsultabimus
1570 2307 1757 2354 praedicti

1246 2362 1298 2400 Ec
1327 2362 1563 2401 laetabimur
1586 2364 1718 2401 invicti

1303 2418 1400 2457 Caro
1430 2431 1512 2456 mea
1544 2425 1580 2457 et
1609 2420 1766 2467 spiritus

1245 2475 1296 2512 In
1327 2479 1372 2521 te,
1406 2482 1525 2513 mater
1555 2477 1758 2514 benedieti.

1247 2533 1306 2570 Ne
1338 2544 1405 2570 nos
1438 2538 1630 2570 consortes
1662 2533 1791 2571 delicti

1303 2589 1446 2626 Perdas
1484 2589 1522 2626 in
1561 2589 1670 2626 finem
1703 2590 1873 2637 penitus;

1246 2647 1352 2683 Inter
1381 2646 1498 2682 ubera
1528 2646 1673 2693 positus

1244 2702 1346 2738 Tuus
1377 2708 1414 2738 et
1445 2703 1516 2739 Dei
1546 2704 1693 2750 genitus

1302 2759 1375 2795 Per
1406 2763 1443 2795 te
1475 2759 1632 2796 mutabit
1665 2759 1778 2796 edicti

1244 2814 1432 2864 Formam,
1466 2816 1496 2852 si
1529 2816 1634 2859 velis,
1668 2815 1841 2852 subditus

1244 2871 1329 2907 Tibi
1362 2870 1484 2908 faetus
1515 2872 1730 2909 humanitus

1301 2928 1378 2965 Iam
1410 2929 1539 2965 mundi
1563 2939 1705 2965 memor
1725 2926 1873 2965 afflicti.
