2031 3289
509 332 544 367 5.

479 611 543 648 10.

476 1172 543 1210 20.

478 1455 544 1493 25.

473 1737 538 1775 30.

480 2020 545 2058 35.

475 2303 543 2341 40.

480 2585 545 2622 45.

956 239 1012 244 .-
1074 190 1123 256 1¹¹)
1184 240 1235 244 -.

593 325 703 368 Cuius
734 329 781 366 ab
811 340 875 366 ore
907 340 1014 367 sacro
1045 329 1234 367 fluxerunt
1267 331 1441 377 dogmata
1474 331 1584 377 vitae,

677 386 879 422 Hausimus
910 397 1018 423 omne
1050 387 1186 423 bonum
1219 387 1322 423 cuius
1353 387 1400 424 ab
1432 397 1496 424 ore
1527 398 1646 426 sacro,

593 439 712 480 Dulce
744 452 875 488 poema
906 442 972 478 tibi
1005 453 1103 479 nunc
1133 443 1323 490 gliscimus
1355 444 1468 480 edere
1499 444 1611 491 patri,

673 497 840 544 Suscipe‚
874 499 973 544 quod
1006 499 1184 536 canimus.
1219 500 1328 537 dulce
1359 509 1503 547 poema.
1535 500 1620 538 tibi.

588 550 701 598 Ecce,
735 559 905 591 coruscat
936 565 1032 601 apex
1065 556 1133 593 tibi
1164 555 1393 601 pontificalis
1423 556 1586 601 abunde,

674 611 790 656 Quem
822 611 901 647 sine
932 610 1005 647 fine
1035 616 1151 650 tenes.
1186 622 1283 654 ecce,
1317 616 1490 649 coruscat
1521 623 1631 658 apex.

590 663 691 704 Fons
723 671 759 702 et
789 667 894 713 origo
925 667 1012 703 boni
1044 668 1182 715 populo
1214 674 1250 704 te
1280 669 1460 714 praetulit
1491 669 1563 706 isti.

673 722 726 759 Te
757 723 941 759 monitore
971 729 1075 769 patet
1108 723 1190 761 fons
1222 729 1258 761 et
1288 725 1392 771 origo
1426 724 1524 762 boni.

591 775 735 824 Gloria,
766 779 878 815 laude
908 786 1042 826 potens
1074 780 1143 817 hac
1174 785 1210 817 te
1242 780 1439 817 collustrat
1470 781 1508 818 in
1540 780 1637 829 aula,

674 835 727 871 Te
760 836 935 884 comitata
966 837 1059 873 nitet
1090 837 1222 883 gloria.
1255 837 1367 874 laude
1397 843 1544 883 potens.

536 922 542 929 .
591 887 708 928 Huius
740 902 866 928 amore
897 893 1020 939 gregis
1051 894 1251 930 metuenda
1283 894 1427 940 pericla
1457 893 1604 941 subisti,

675 947 825 984 Pellens
856 948 944 985 hinc
975 947 1091 986 fortes
1123 949 1231 986 huius
1264 960 1389 986 amore
1420 950 1556 996 gregis,

588 999 748 1042 Inclitus
778 1008 890 1051 atque
921 1005 1004 1051 pius
1034 1009 1071 1042 te
1102 1016 1169 1042 rex
1201 1006 1444 1043 adamaverat
1476 1006 1632 1052 Eadgar

674 1060 945 1107 Consensitque
975 1061 1045 1098 tibi
1075 1062 1227 1098 inclitus
1259 1067 1370 1109 atque
1401 1063 1498 1108 pius.

589 1112 731 1155 Kastra
762 1116 873 1154 beata
905 1117 975 1155 Dei
1008 1129 1080 1164 quo
1112 1119 1387 1165 centuplicares
1418 1119 1455 1155 in
1487 1119 1634 1167 Anglis,

674 1173 784 1209 Milia
815 1174 1047 1210 constituens
1080 1180 1205 1211 castra
1236 1174 1347 1211 beata
1377 1174 1462 1212 Dei.

587 1225 781 1267 Laudibus
811 1229 1017 1267 innumeris
1049 1230 1117 1266 tibi
1147 1230 1259 1268 turba
1290 1230 1496 1271 monastica
1527 1230 1676 1276 plaudit

672 1285 962 1333 Coniubilatque
992 1286 1062 1323 tibi
1092 1287 1268 1324 laudibus
1298 1287 1516 1326 innumeris.

587 1337 735 1379 Moenia
766 1343 866 1380 celsa
898 1343 1029 1380 domus
1060 1349 1124 1380 tua
1155 1354 1243 1380 cura
1275 1348 1480 1380 novaverat
1512 1343 1620 1380 huius

670 1398 879 1445 Erexitque
910 1399 1017 1436 huius
1049 1400 1194 1436 moenia
1225 1400 1325 1437 celsa
1357 1401 1500 1438 domus.

591 1449 710 1492 Nocte
743 1455 877 1502 dieque
907 1467 1055 1493 sacrum
1086 1456 1262 1502 precibus
1289 1457 1456 1494 tuebaris
1488 1456 1598 1504 ovile,

673 1510 874 1558 Complens
905 1513 1099 1549 servitium
1131 1517 1240 1550 nocte
1272 1513 1406 1560 dieque
1437 1523 1598 1562 sacrum,

586 1563 769 1605 Omnibus
797 1568 909 1615 inque
942 1569 1034 1606 locis
1066 1569 1240 1617 sparsisti
1271 1571 1416 1607 semina
1446 1569 1539 1606 lucis

672 1625 887 1672 Expuleras
917 1625 1095 1662 tenebras
1125 1626 1297 1662 omnibus
1328 1626 1440 1673 inque
1467 1625 1574 1664 loeis.

585 1676 754 1727 Pervigil
784 1686 863 1718 esto
893 1683 979 1729 tuis,
1011 1683 1185 1729 petimus,
1219 1687 1412 1729 protector
1443 1682 1603 1719 alumnis

671 1737 723 1775 Et
753 1742 862 1784 pater
893 1744 929 1775 et
959 1744 1090 1785 pastor
1121 1739 1280 1786 pervigil
1311 1744 1390 1776 esto
1422 1739 1509 1777 tuis.

586 1791 696 1838 Quod
727 1794 797 1831 tibi
830 1796 1075 1842 complaceat,
1109 1795 1170 1833 fac
1200 1807 1267 1832 nos
1298 1796 1517 1843 persolvere
1549 1805 1706 1842 pensum

671 1850 848 1888 Reddere
880 1858 917 1888 et
947 1850 1126 1898 officium,
1158 1852 1258 1899 quod
1290 1852 1360 1889 tibi
1393 1852 1639 1898 complaceat.

586 1902 760 1953 Respuat
790 1908 890 1945 alma
919 1907 1015 1945 fides
1050 1909 1087 1945 in
1120 1908 1229 1945 nobis
1259 1919 1380 1955 omne,
1411 1908 1511 1955 quod
1543 1908 1639 1951 odis,

673 1962 958 2011 Spurcitiaeque
988 1963 1094 2002 nefas
1126 1969 1279 2012 respuat
1310 1965 1407 2002 alma
1438 1964 1545 2003 fides.

592 2015 718 2067 Solve,
751 2026 871 2067 pater,
905 2021 1051 2058 miseris
1084 2021 1186 2058 Petri
1219 2021 1311 2066 vice,
1344 2022 1447 2058 solve
1479 2027 1644 2069 catenas,

671 2076 830 2114 Vincula
862 2083 996 2115 cuncta
1027 2078 1101 2114 reis
1133 2078 1248 2126 solve,
1283 2083 1405 2124 pater,
1438 2078 1600 2116 miseris.

587 2127 772 2170 Transfer
801 2134 848 2171 ad
882 2137 958 2171 alta
991 2135 1068 2181 poli
1100 2145 1248 2181 pueros,
1281 2145 1373 2180 quos
1404 2134 1486 2180 ipse
1517 2133 1683 2180 nutristi,

674 2188 752 2226 Nos
784 2201 895 2236 prece
928 2191 1104 2227 continua
1136 2189 1301 2227 transfer
1331 2191 1380 2227 ad
1411 2191 1490 2227 alta
1520 2191 1611 2238 poli,

586 2241 753 2282 Vocibus
785 2248 965 2294 angelicis
995 2247 1047 2283 ibi
1078 2258 1151 2294 quo
1182 2247 1387 2293 psallamus
1420 2251 1575 2284 ovantes

674 2301 965 2350 Laudemusque
998 2304 1117 2340 Deum
1148 2303 1301 2340 vocibus
1334 2304 1527 2350 angelicis,

589 2354 743 2396 Xristus
776 2364 816 2396 ut
848 2360 907 2396 hic
940 2359 1066 2397 faveat
1097 2360 1205 2404 votis,
1238 2361 1289 2396 sis
1318 2358 1444 2397 fautor
1474 2360 1632 2407 opimus,

673 2414 731 2452 Sis
763 2416 846 2462 pius
878 2417 1040 2461 auditor,
1075 2416 1246 2454 Christus
1276 2420 1317 2452 ut
1348 2416 1408 2453 hic
1439 2414 1577 2454 faveat.

590 2467 767 2509 Ymnifer
798 2474 868 2509 iste
898 2473 1032 2509 chorus
1064 2478 1216 2509 resonat
1246 2472 1315 2509 tibi
1343 2473 1509 2510 carmina
1539 2473 1677 2520 laetus,

677 2528 732 2566 Sit
763 2529 900 2576 iugiter
929 2529 1096 2576 gaudens
1128 2527 1317 2576 hymnifer
1348 2530 1419 2565 iste
1452 2529 1600 2568 chorus,

594 2581 707 2623 Zelus
738 2586 776 2622 in
809 2585 914 2622 hoste
945 2586 1071 2632 gemit,
1104 2590 1167 2622 tua
1198 2596 1264 2622 nos
1296 2585 1509 2622 benedictio
1538 2586 1669 2630 munit,

674 2642 752 2679 Nos
784 2648 847 2678 tua
879 2642 956 2679 vita
989 2642 1095 2688 regit,
1129 2642 1230 2678 zelus
1262 2642 1299 2678 in
1332 2642 1437 2679 hoste
1469 2643 1595 2690 gemit.

947 2784 967 2806 *
1230 2783 1249 2805 ³2<

1088 2815 1109 2838 *
