1914 3223
148 225 293 259 Utinam
327 226 495 259 solacium
520 229 560 260 L.
586 245 630 250 —-
655 226 712 266 85,
738 226 759 260 8
786 232 838 261 est
863 229 948 262 fehlt
971 230 1019 269 G,
1046 229 1126 262 huic
1151 240 1242 262 nunc
1267 229 1434 262 adhaeres
1459 229 1514 269 M,
1544 230 1625 272 iuge
1651 229 1714 262 hoe

145 270 302 304 haberes.
327 289 371 294 —
394 273 492 305 Nach
519 273 586 306 Str.
611 271 655 306 85
682 274 818 307 schiebt
842 271 873 306 L
898 275 1064 317 folgende
1090 275 1263 317 Strophcn
1289 277 1363 308 ein:

237 350 304 382 Sed
329 350 415 383 hora
440 351 587 384 dimidia
1056 355 1188 386 Par-ans
1214 365 1374 390 murram,
1401 353 1581 387 sindonem

280 397 340 427 vix
365 396 422 428 hic
447 400 517 428 tam
543 397 696 437 laetaris,
1101 400 1240 441 Lugens
1267 399 1502 441 contemplare

235 442 325 479 Cito,
350 441 429 480 heu,
460 443 650 484 impelleris
1056 445 1285 485 Magdalcnae
1313 445 1474 477 lacrimas

279 486 443 519 fluctibus
469 489 609 526 amaris,
1102 490 1147 521 Et
1173 490 1424 529 collacrimare,

236 531 403 564 Seiuncta
427 533 471 565 ab
498 533 608 565 oculis
1058 534 1235 567 Nicodcmi
1261 537 1410 577 gemitus

280 578 410 609 viatori
435 579 537 616 caris,
1102 590 1243 621 gemens
1269 581 1460 619 recordare,

233 622 376 660 Mundo,
403 632 516 661 carne,
542 623 711 656 daemone
1059 626 1155 657 Haec
1181 630 1213 657 et
1239 625 1292 657 his
1319 627 1449 657 similia

279 677 359 700 nam
384 678 487 710 saepe
513 669 677 701 turbaris.
1102 674 1256 702 tractans
1281 671 1483 704 lamentare.

233 747 351 779 Vitam
377 748 516 780 taudem
542 752 712 781 mortuam
1056 750 1271 792 Dulcemque
1296 751 1363 782 Dei
1389 750 1497 782 filium

280 793 360 825 inde
385 793 612 831 condolendo,
1101 796 1247 837 supplex
1274 806 1477 835 memorare,

232 838 300 869 Pro
326 840 396 870 tuis
421 838 614 871 defectibus
1059 841 1147 873 Eius
1175 844 1272 873 actus
1298 842 1477 872 ruminans

280 883 345 915 hoc
370 894 446 916 esse
470 884 653 923 credendo,
1102 889 1262 927 tuosque,
1287 896 1427 918 narrare

232 928 322 961 Vide
347 933 492 961 matrem
517 931 690 972 virginem
1055 932 1174 970 Actus,
1200 932 1304 963 verba
1330 935 1450 974 satage

278 978 393 1007 astare
418 975 579 1016 lugendo,
1100 981 1282 1018 menteque
1308 977 1474 1008 mundare

233 1018 301 1051 Sed
326 1025 360 1052 et
384 1020 512 1052 multos
537 1020 627 1052 alios
1058 1022 1171 1063 Atque
1199 1022 1265 1053 soli
1292 1023 1389 1053 ocius

282 1065 471 1097 Dominum
497 1065 666 1097 deflendo.
1104 1070 1236 1099 castum
1262 1071 1294 1099 te
1320 1076 1470 1099 servare.

232 1145 317 1176 Post
342 1144 407 1176 hoc
431 1144 559 1186 Ioseph
585 1145 748 1186 conspice
1055 1147 1096 1177 In
1121 1145 1297 1188 praedicto
1324 1147 1459 1178 cantico

281 1191 330 1222 ire
356 1189 400 1221 ad
424 1188 589 1228 Pilatum,
1099 1201 1158 1222 cor
1183 1192 1234 1222 sic
1258 1191 1451 1229 citharizet,

234 1235 378 1267 Domini
404 1235 590 1277 deposcere
1055 1236 1098 1268 Se
1123 1237 1279 1278 baptizet
1303 1236 1467 1275 lacrimis,

278 1290 403 1322 corpus
429 1281 497 1312 sibi
521 1285 669 1322 gratum,
1100 1281 1242 1323 planctu
1268 1283 1468 1323 martyrizet

232 1326 286 1357 Ad
311 1336 446 1358 crucem
472 1326 636 1358 accedere
1054 1327 1263 1368 Crebrisquc
1289 1328 1450 1368 suspiriis

277 1372 391 1402 virum
416 1374 487 1403 tam
512 1371 652 1403 beatum
1099 1382 1192 1404 nunc
1216 1373 1268 1404 sic
1292 1374 1482 1414 organizet,

233 1416 281 1448 Et
304 1427 428 1458 corpus
454 1417 628 1457 deponere
1055 1417 1104 1449 Ut
1127 1428 1205 1449 cum
1232 1417 1369 1449 Christo
1396 1422 1518 1460 postea

277 1465 389 1494 totum
414 1462 645 1494 vulneratum.
1101 1473 1236 1504 semper
1261 1463 1491 1495 sollemnizet.

141 1539 202 1578 86,
235 1539 257 1574 3
289 1532 413 1573 vellem
446 1541 561 1573 dicere
591 1543 632 1574 L.
665 1559 709 1564 -
741 1538 804 1580 86,
838 1540 861 1573 4
892 1551 996 1584 quam
1031 1542 1078 1573 sit
1109 1543 1284 1584 gratiosus
1318 1542 1359 1574 A.
1394 1557 1438 1562 -·
1470 1540 1532 1581 86,
1558 1541 1578 1575 6
1609 1552 1714 1585 quam

142 1587 330 1619 deliciosus
363 1586 411 1626 A?
444 1597 512 1629 que
542 1587 629 1618 fehlt
654 1586 705 1627 E3
740 1597 913 1629 quamque
937 1588 1112 1629 gratiosus
1138 1587 1166 1619 1.
1193 1604 1236 1610 —-
1261 1585 1316 1625 86,
1341 1585 1362 1619 8
1387 1587 1497 1621 fallax
1521 1586 1576 1620 vel
1603 1589 1652 1630 D3
1679 1592 1713 1620 et

146 1636 313 1665 ventosus
339 1632 385 1664 Η.
408 1649 453 1654 -
486 1629 544 1674 87,
575 1631 592 1664 1
615 1633 670 1664 bis
695 1631 715 1663 5
743 1633 862 1665 lauten
886 1634 923 1664 in
948 1632 1095 1664 EFGH:

506 1700 574 1734 Sed
599 1704 647 1739 tu,
673 1701 730 1733 cui
754 1700 862 1739 volui,
889 1704 1035 1733 metrum
1060 1700 1245 1739 destinare,
1270 1732 1276 1741 ,

509 1745 661 1786 Soror,
696 1756 825 1778 novam
850 1750 1036 1788 martyrem
1060 1746 1174 1778 libens
1200 1746 1348 1784 imitare,

143 1812 198 1854 87,
227 1813 242 1846 1
268 1814 364 1857 Ergo
389 1815 559 1858 quidquid
583 1815 646 1847 alii
670 1815 712 1847 L.
739 1833 779 1839 —-
809 1812 863 1854 87,
889 1813 910 1846 2
934 1815 1052 1846 dicant
1075 1814 1269 1846 ABDILM.
1295 1831 1339 1835 —
1362 1811 1416 1853 87,
1442 1813 1463 1846 5
1489 1813 1645 1856 Cumque
1666 1816 1713 1854 133

144 1860 226 1892 talis
259 1860 345 1893 fehlt
377 1861 428 1900 D;
457 1860 572 1902 Atque
607 1861 755 1902 supplex
788 1861 977 1893 Dominum
1009 1861 1050 1892 L.
1083 1876 1128 1882 —
1159 1857 1214 1897 87,
1248 1859 1268 1892 6
1300 1860 1412 1891 Deum
1446 1859 1631 1902 deprecare
1664 1860 1714 1900 A3

144 1916 278 1938 mecum
302 1905 487 1948 deprecare
513 1907 553 1938 L.
578 1923 622 1928 —
646 1904 701 1944 87,
727 1905 747 1938 7
772 1908 820 1939 Ut
845 1917 898 1938 me
922 1906 1048 1945 GHM3
1074 1907 1123 1939 Ut
1146 1909 1179 1937 te
1207 1905 1251 1943 Ἐς
1278 1909 1416 1936 cantum
1442 1906 1496 1943 H‚·
1521 1908 1713 1946 martyrum

144 1952 199 1991 M,
225 1951 275 1984 Ut
300 1962 364 1983 nos
390 1962 506 1984 secum
531 1952 660 1993 iugiter
683 1952 724 1983 L.
750 1969 795 1974 —
818 1949 873 1990 87,
899 1949 919 1983 8
944 1952 1028 1983 facit
1053 1960 1197 1992 regnare
1222 1951 1262 1982 L.

234 1997 302 2029 Mit
319 1997 387 2030 Str.
405 1994 448 2029 87
467 1997 653 2029 schliessen
671 1997 726 2029 die
745 1997 947 2039 englischen
964 1998 1046 2028 Hss.
1065 1997 1129 2028 mit
1145 1995 1344 2028 Ausnahme
1361 2006 1430 2027 von
1444 1995 1489 2034 E3
1508 1995 1636 2027 ebenso
1651 1995 1711 2026 IL.

145 2060 188 2065 —-
203 2042 337 2074 FGHM
353 2042 459 2084 fiigen
476 2042 565 2074 nach
580 2042 648 2074 Str.
662 2040 716 2081 87,
734 2043 765 2074 Ε
783 2052 847 2075 vor
864 2042 1057 2080 derselben,
1074 2041 1164 2073 noch
1185 2041 1344 2082 folgende
1359 2041 1431 2072 drei
1447 2039 1620 2082 Strophen
1640 2040 1714 2072 bei:

144 2119 198 2154 88.
239 2121 514 2164 Frequentemus
539 2123 711 2154 canticum
964 2119 1018 2153 89.
1055 2120 1161 2163 Ergo,
1190 2130 1336 2157 soror,
1362 2123 1461 2151 tuum
1487 2129 1546 2151 cor

278 2167 383 2202 istud.
414 2178 542 2199 soror
566 2169 635 2209 pia,
1102 2167 1151 2198 ita
1176 2165 1370 2203 citharizet,

233 2213 286 2244 Ne
311 2224 374 2245 nos
399 2212 537 2254 frangat
563 2213 681 2245 taedio
1056 2212 1100 2244 Se
1127 2212 1281 2253 baptizet
1309 2210 1473 2248 lacrimis,

282 2259 379 2295 vitae
407 2257 511 2290 huius
536 2259 606 2296 via,
1101 2257 1243 2298 planctu
1269 2257 1480 2296 martyrizet,

233 2304 323 2336 Nam
348 2304 536 2336 laetantem
562 2305 715 2335 animam
1056 2301 1194 2333 Christo
1221 2302 1305 2333 totis
1330 2301 1464 2332 viribus

281 2350 317 2381 in
342 2349 408 2382 hac
432 2349 583 2381 melodia
1101 2348 1151 2378 sic
1176 2356 1267 2378 nunc
1292 2343 1482 2387 organizet,

234 2395 319 2427 Post
342 2394 433 2427 hanc
457 2396 567 2426 vitam
593 2395 740 2433 suscipit
1054 2392 1102 2424 Ut
1127 2402 1204 2423 cum
1230 2391 1367 2424 Christo
1393 2394 1514 2432 postea

278 2441 377 2472 Iesus
402 2444 437 2473 et.
460 2441 583 2472 Maria.
1101 2447 1236 2478 semper
1261 2436 1488 2468 sollemnizet.

564 2516 618 2550 90.
657 2518 756 2549 Tunc
780 2517 967 2549 cessabunt
991 2517 1139 2557 gemitus

702 2563 915 2605 planctuum,
941 2561 1110 2599 dolorum,

655 2610 742 2641 Cum
767 2608 931 2639 adiuncta
957 2607 1062 2639 fueris

704 2653 819 2685 choris
845 2652 1057 2694 angelorum,

656 2700 745 2730 Nam
772 2698 943 2729 cantando
969 2697 1119 2728 transies

702 2743 746 2775 ad
772 2743 955 2775 caelestem
983 2742 1137 2781 chorum,

658 2789 775 2830 Nupta
802 2788 1001 2820 felicissime

705 2835 776 2875 regi
804 2833 1032 2864 saeculorum.
