1914 3223
693 126 995 166 -059-

458 296 542 332 Μ).
577 296 634 335 (6.)
671 295 712 329 ln
744 294 860 329 Festo
887 293 1025 329 Sancti
1055 292 1225 327 Privati.
1288 337 1292 340 .

718 367 868 403 Prosu
913 365 977 404 vl.

729 434 782 472 (ln
809 432 962 474 Crypta.)

156 538 327 575 Glorioso
358 537 414 574 vir
447 537 610 585 Privata,
964 535 1011 571 Et
1044 545 1123 579 nos,
1155 538 1219 570 tua
1251 531 1404 582 familia,

159 594 264 631 Victa
294 594 421 631 mundi
454 592 602 630 feritate
963 591 1036 628 Hic
1067 591 1104 627 in
1137 590 1190 627 tui
1222 589 1437 627 memoriam

155 651 303 689 Summo
334 651 437 697 pacis
467 649 688 687 obdormisti
965 649 1036 685 Per
1066 652 1102 683 te
1134 657 1307 694 rogamus
1338 646 1497 684 veniam.

156 707 202 744 Et
235 707 282 744 ad
315 707 436 744 caelos
464 706 680 745 ascendisti.
963 706 1049 753 Fac,
1084 703 1185 740 Deus
1217 704 1290 740 tuis
1322 703 1500 750 precibus

156 764 275 800 'l'uum
308 773 440 810 corpus
473 762 675 809 pretiosum
965 761 1035 797 Det
1067 770 1197 807 pacem
1231 760 1292 797 hic
1321 760 1527 808 orantibus,

158 820 205 856 Et
237 830 305 866 per
333 819 457 857 saecla
486 819 686 867 gloriosum
963 817 1037 854 Det
1068 816 1175 854 nobis
1205 817 1276 854 sibi
1309 817 1434 853 vivere

159 875 240 913 Hac
269 887 385 922 parva
415 876 511 913 iacet
543 876 656 923 regia,
962 874 1013 912 Et
1043 873 1130 910 hinc
1160 873 1209 911 ad
1240 879 1277 911 te
1307 873 1525 911 ascendere.

458 1042 539 1077 2250.
574 1043 632 1078 17.)
668 1042 711 1076 In
739 1042 853 1077 Festo
881 1040 1020 1077 Sancti
1046 1040 1219 1076 Privati.

653 1112 1030 1151 Benedicamus.

117 1255 125 1263 .
159 1226 344 1269 Privatus,
376 1236 520 1273 gemma
551 1225 777 1272 praesulum,
893 1227 930 1263 2.
962 1225 1013 1262 Et
1044 1225 1176 1273 dignas
1208 1224 1287 1272 regi
1317 1225 1459 1272 gloriae

155 1283 226 1319 Hic
257 1282 432 1319 transivit
463 1292 531 1329 per
561 1282 760 1326 saeculum,
962 1281 1040 1319 Nos
1071 1282 1328 1328 persolvamus
1359 1282 1512 1330 gratias,

156 1339 262 1386 Quod
294 1349 361 1375 nec
390 1339 560 1376 adversis
593 1337 778 1384 frangitur
963 1339 1056 1385 Quia
1091 1339 1282 1376 Privatum
1314 1338 1426 1376 hodie

154 1395 233 1431 Nec
265 1395 456 1443 prosperis
489 1395 695 1439 extollitur,
960 1395 1091 1432 Traxit
1123 1396 1171 1432 ad
1203 1406 1288 1432 suas
1320 1395 1482 1443 nuptias,

155 1451 264 1489 Unde
961 1451 1062 1499 Ergo

155 1507 424 1545 Benedicamus
455 1507 626 1546 Domino.
962 1508 1042 1545 Deo
1073 1508 1240 1545 dicamus
1271 1508 1426 1556 gratias,

662 1674 742 1710 ⁸251.
778 1674 835 1716 (ὃ.)
870 1674 1013 1710 Aliter.

110 1809 118 1817 .
152 1778 340 1824 Privatus,
373 1778 512 1815 Christi
542 1778 726 1826 pontifex,
888 1781 926 1818 2.
959 1780 1132 1818 Privatus
1162 1791 1291 1819 caesus
1323 1780 1496 1827 fustibus,

153 1835 191 1871 Si
221 1845 352 1881 passus
382 1839 437 1871 est
468 1837 660 1882 martyria,
958 1837 1062 1875 Caeli
1092 1837 1277 1875 scandens
1307 1839 1461 1887 palatia,

155 1890 237 1928 Non
269 1891 387 1938 potuit
419 1891 488 1928 hoc
519 1891 699 1940 carnifex,
959 1894 1151 1940 Aequatus
1183 1898 1238 1931 est.
1268 1895 1512 1944 martyribus,

151 1947 246 1993 Quin
277 1948 431 1985 scandat
463 1948 511 1985 ad
541 1949 738 1995 caelestia3
958 1950 1052 1996 Quia
1082 1951 1225 1997 sprevit
1256 1952 1463 2003 supplicia3

208 2003 284 2041 Nos
314 2003 427 2051 igitur
1012 2006 1124 2045 Unde

153 2060 422 2098 Benedicamus
453 2061 623 2100 Domino.
958 2063 1038 2101 Deo
1071 2064 1238 2102 dieamus
1268 2065 1422 2112 gratias.

428 2227 509 2263 272.
544 2229 602 2271 (9.)
635 2229 679 2263 In
704 2229 969 2265 Revelatione
996 2232 1035 2265 S.
1064 2231 1236 2266 Privati.

755 2299 864 2331 Prosa
888 2300 914 2332 1.

108 2427 117 2435 .
149 2398 178 2436 Ο
208 2399 441 2436 Mimatensis
472 2401 616 2445 civitas,
883 2405 920 2442 3.
952 2403 1061 2441 Nunc
1091 2408 1205 2453 tenet,
1238 2405 1337 2452 quod
1369 2406 1575 2455 desiderat,

149 2454 261 2492 Vivus
292 2460 369 2493 tota
398 2456 622 2504 iucunditas,
956 2461 1008 2500 Ut
1039 2461 1076 2497 in
1108 2462 1247 2498 somnis
1279 2463 1534 2512 praeviderat,

149 2510 234 2548 Tibi
265 2513 450 2558 quondam
482 2514 724 2552 absconditus
955 2517 1024 2567 Oh,
1054 2518 1104 2555 ad
1134 2529 1240 2555 suum
1271 2520 1451 2557 solacium

152 2568 323 2605 Privatus
355 2580 452 2608 nunc
483 2576 538 2607 est
569 2571 752 2610 redditus,
956 2574 1065 2611 Nunc
1096 2580 1227 2622 pascat.
1257 2576 1296 2612 in
1327 2576 1397 2614 hoc
1420 2577 1610 2626 gaudium.

78 2678 86 2686 ⁶
107 2699 116 2708 .
149 2670 325 2707 Adventu
357 2671 448 2708 tanti
481 2671 618 2710 domini
884 2678 917 2714 4.
955 2676 1128 2714 Privatus
1160 2688 1246 2715 suos
1280 2678 1407 2716 visitat

148 2724 395 2764 Gaudendum
426 2728 525 2765 omni
556 2729 708 2778 homini,
952 2732 1001 2770 Et
1033 2733 1118 2770 illos
1149 2733 1352 2784 beatificat,

149 2781 395 2820 Gaudendum
428 2785 571 2822 cunctis
603 2787 770 2835 comiter,
952 2789 1021 2838 Oh,
1054 2789 1155 2827 illius
1186 2791 1370 2830 miracula

145 2835 348 2878 Adelberto
379 2841 582 2881 maior-iter.
950 2846 1147 2885 Deaurant
1177 2851 1306 2886 nostra
1336 2851 1498 2892 saecula,

1332 2914 1402 2949 17*
