2031 3289
960 248 1015 253 —
1073 226 1155 266 3:3ss
1212 249 1268 255 —

353 339 417 376 20.
451 335 647 380 Mortuus
678 343 746 387 est,
778 339 1011 376 contradidit

350 1111 415 1148 21.

278 1931 283 1934 ,
347 1888 412 1926 22.

452 395 532 432 Deo
563 395 663 441 patri
694 398 730 431 et
761 395 932 432 reddidit

506 452 607 488 Fuso
638 451 817 497 sanguine
848 452 1035 503 spiritum,

449 507 618 544 Moriens
650 511 769 544 artem
801 508 984 555 condidit,

451 565 530 609 Qua
561 564 631 600 sibi
663 568 819 600 mortem
852 564 1022 602 subdidit

508 619 586 656 Sibi
618 620 754 656 tollens
785 620 842 657 ius
873 622 1048 670 solitum3

450 676 579 713 Hostis
611 687 679 723 per
709 676 806 713 hanc
839 677 1063 727 depositum,

447 733 551 778 Quod
583 732 735 769 tenebat
766 733 814 770 ad
846 733 1007 783 libitum,

506 788 692 825 Confusus
723 794 841 826 totum
874 791 1054 837 perdidit,

449 843 700 892 Infernusque
733 846 826 883 dans
858 848 1046 896 gemitum,

449 901 591 938 Videns
622 912 771 939 suorum
804 903 957 944 exitum,

504 957 583 994 Sibi
616 958 784 995 dolorem
815 959 977 998 addidit.

447 1108 655 1164 Sepultus
687 1117 742 1148 est
774 1123 841 1158 per
872 1112 1037 1149 triduum

446 1168 526 1205 Usu
557 1168 679 1216 sopito
712 1180 882 1205 sensuum

503 1224 607 1262 Sicut
635 1227 771 1262 mortui
804 1226 956 1273 saeculi,

450 1281 562 1318 Suum
596 1287 678 1318 erat
707 1281 887 1328 irriguum

446 1338 680 1374 Exhaustum
713 1343 824 1384 atque
855 1344 1002 1376 artuum

502 1394 690 1431 Exhausti
721 1405 847 1431 omues
880 1396 1004 1436 rivuli.

446 1451 572 1487 Deleri
604 1455 711 1488 erant
741 1451 841 1487 tituli

449 1509 528 1546 Usu
559 1508 719 1554 vulgalis
750 1508 860 1548 oculi,

503 1564 645 1600 vicisse
677 1563 792 1600 fuisse
823 1576 941 1614 suum,

445 1621 578 1659 Fuisse
610 1626 721 1667 caput
753 1622 889 1668 anguli,

446 1678 588 1714 Ductor
616 1678 675 1714 vel
706 1682 831 1714 rector
861 1679 988 1724 populi

499 1735 574 1771 Aut
609 1734 708 1770 Deus
740 1735 983 1772 exercituum.

450 1883 678 1926 Descendit
709 1887 787 1923 eius
819 1887 942 1923 anima

445 1944 623 1988 Corporis
654 1949 782 1980 sancta
817 1944 964 1980 victima

499 1999 646 2036 Relicta
677 2000 715 2036 in
747 2000 900 2036 sudario

441 2056 502 2092 Ad
535 2057 764 2094 Acherontis
795 2056 933 2102 infima,

444 2112 555 2149 Venit
585 2124 654 2159 pro
687 2113 842 2160 dragma
874 2113 1019 2151 decima

499 2170 654 2207 Perdita
683 2170 793 2217 longo
822 2170 937 2218 senio,

443 2225 527 2262 Non
559 2226 636 2272 illa,
669 2238 763 2273 quae
795 2227 841 2263 de
872 2227 1009 2274 gaudio

444 2282 566 2328 Lapsa
599 2287 655 2320 est
686 2295 707 2320 a
739 2283 925 2329 principio

497 2339 559 2377 Ad
591 2340 730 2378 inferni
761 2341 975 2385 novissima,

442 2397 515 2433 Sed
547 2396 614 2433 illa
645 2397 777 2443 procul
810 2396 936 2444 dubio,

442 2452 544 2497 Quae
574 2453 612 2489 in
644 2453 765 2499 primo
796 2454 964 2499 pomerio

502 2510 623 2556 Capta
654 2514 709 2546 est
741 2508 875 2546 fraude
896 2510 1070 2556 pessima.

374 2658 408 2692 κ’.
441 2652 504 2694 Ad
539 2654 715 2695 inferna
747 2667 828 2692 cum
861 2657 999 2694 lumine

444 2713 606 2749 Veniens
638 2718 671 2749 et
705 2714 740 2749 in
774 2713 924 2750 numine

499 2768 624 2806 Genus
655 2770 778 2806 Adam
813 2770 991 2817 visitavit,

442 2826 472 2861 A
506 2825 675 2863 barathri
707 2827 884 2875 voragine

441 2882 622 2919 Detentos
653 2884 688 2919 in
722 2883 880 2930 caligine

496 2938 588 2976 Suos
620 2950 747 2977 omnes
779 2940 978 2989 liberavit3

1165 772 1229 807 24.

1162 1546 1227 1582 25.

1264 341 1334 379 Ille
1366 342 1510 379 hostem
1542 345 1631 379 tunc
1662 343 1839 381 mactavit.

1263 398 1313 434 Et
1344 403 1544 436 mactatum
1577 399 1756 446 spoliavit

1320 454 1394 492 Sua
1425 455 1710 503 consuetudine,

1264 510 1321 547 Ne
1352 509 1469 548 furiat
1498 512 1536 548 in
1567 523 1659 558 quos
1689 513 1808 560 pavit,

1264 567 1369 605 Sicut
1398 568 1503 614 prius
1535 572 1572 604 et
1601 578 1693 614 quos
1724 569 1817 606 lavit

1321 623 1420 660 Fuso
1452 625 1622 670 corporis
1653 621 1844 672 sanguine.

1264 766 1415 810 Tertia
1447 770 1507 807 die
1539 771 1664 819 rediit,

1264 827 1315 863 Et
1345 831 1492 873 tempus
1523 838 1597 864 non
1627 828 1827 874 praeteriit

1317 883 1455 920 Datum
1489 889 1575 920 ante
1608 885 1822 929 divortium,

1265 939 1495 986 Regrediens
1524 940 1671 977 introiit

1263 997 1453 1045 Potenter,
1484 997 1584 1033 unde
1615 997 1717 1041 exiit,

1319 1052 1499 1098 Corporis
1531 1053 1782 1102 domiciliumg

1262 1108 1376 1154 Lapis
1409 1120 1562 1157 magnus
1593 1111 1640 1147 ad
1673 1111 1809 1147 ostium
1850 1139 1852 1141 .

1262 1166 1381 1202 Datus
1413 1166 1449 1202 in
1482 1166 1677 1202 ostiarium

1319 1223 1532 1268 ingressum
1563 1234 1668 1259 suum
1702 1224 1846 1263 nesciit.

1264 1277 1542 1325 Custodumquc
1572 1280 1773 1316 astantium

1261 1335 1438 1372 Sollertia
1469 1341 1504 1371 et
1538 1336 1702 1373 studium

1320 1392 1519 1437 Percipcre
1551 1393 1620 1429 hoc
1652 1393 1807 1439 nequiit.

1261 1540 1518 1584 Resurrexit
1551 1555 1574 1583 a
1606 1543 1794 1585 mortuis

1261 1601 1482 1649 Resumptis.
1506 1602 1648 1638 viribus
1679 1603 1767 1647 suis,

1318 1658 1427 1695 Ultra
1458 1660 1567 1695 morti
1599 1670 1668 1695 non
1700 1659 1883 1701 subditus,

1260 1714 1405 1751 Clausis
1437 1715 1539 1750 venis
1570 1715 1721 1762 irriguis

1258 1772 1306 1808 Et
1338 1772 1449 1807 tersis
1480 1771 1601 1818 plagis
1633 1771 1787 1817 profluis

1316 1828 1564 1874 Impassibilis
1596 1829 1765 1874 penitus;

1259 1885 1342 1920 Vita
1375 1884 1446 1920 sibi
1479 1890 1533 1920 est
1567 1885 1728 1929 habitus,

1258 1941 1427 1977 Privatio
1458 1941 1632 1978 interitus

1313 1997 1540 2034 Realteratis
1572 1999 1720 2048 mutuis,

1257 2054 1422 2090 'rhomae
1453 2055 1561 2091 testis
1593 2060 1647 2091 est
1682 2055 1819 2103 digitus

1258 2109 1484 2147 Vulneribus
1515 2111 1710 2158 appositus

1312 2167 1369 2203 Ex
1402 2167 1505 2204 iussu
1538 2168 1675 2205 clausis
1705 2170 1840 2208 ianuis.
1903 2175 1905 2177 '

1215 2352 1222 2359 .
1262 2316 1463 2360 Ascendit
1495 2331 1608 2366 supra
1640 2321 1767 2359 sidera

1255 2377 1302 2413 Et
1335 2388 1450 2423 supra
1482 2377 1575 2413 caeli
1606 2389 1742 2424 supera

1313 2434 1477 2471 Rediens
1510 2434 1556 2470 dc
1587 2434 1764 2484 incolatu,

1254 2490 1501 2527 Transeuudo
1533 2501 1602 2537 per
1632 2503 1720 2529 aera

1256 2548 1429 2584 Pandens
1461 2547 1669 2594 redemptis
1699 2549 1855 2587 aethera

1312 2604 1575 2641 Potentissimo
1609 2605 1755 2651 vulatu3

1253 2660 1357 2696 Tunc
1390 2660 1531 2697 Rachel
1564 2671 1644 2697 cum
1677 2667 1863 2709 apparatu

1253 2717 1438 2753 Laetitiae
1469 2721 1505 2753 et
1536 2722 1668 2753 ornatu

1307 2773 1449 2810 Exiens
1480 2784 1547 2809 sua
1579 2784 1725 2812 camera

1251 2830 1406 2867 Obviam
1440 2835 1539 2866 terso
1571 2830 1722 2876 ploratu

1250 2886 1470 2932 Mutatoque
1501 2886 1641 2923 eiulatu

1306 2943 1351 2980 lii
1386 2943 1484 2979 venit
1518 2943 1741 2991 hymnifera.

1993 2754 2031 3289 &ww-ww*
