2031 3289
888 170 1197 211 —224—

354 284 498 316 Collect.
530 295 592 316 ms.
619 283 847 316 Martialense
877 293 966 314 saec.
999 280 1029 314 9.
1078 283 1160 315 Cod.
1186 283 1338 315 Parisin.
1366 280 1464 315 1154.
1489 299 1532 305 --
1556 279 1588 322 3,
1613 281 1635 314 2
1658 284 1727 323 Qui
1758 295 1822 317 nee

261 329 455 371 indignum.
481 348 524 352 —
548 328 580 367 4,
607 326 628 360 2
652 330 825 370 uniusque
850 329 979 360 tritam.
1005 344 1049 349 —
1073 326 1105 367 6,
1129 325 1150 359 3
1175 339 1218 360 ne
1242 335 1379 360 terram.
1404 345 1447 349 —
1473 326 1504 366 7,
1528 326 1551 359 4
1566 328 1664 360 Fore.
1689 345 1734 350 —
1751 327 1783 368 8,
1802 327 1819 361 1

262 375 315 406 Tu
348 384 462 416 quem.
488 392 531 397 —
557 375 607 405 Zu
631 372 662 413 9,
692 372 707 405 1
734 374 803 416 vgl.
830 374 952 414 „Cum
985 373 1129 405 fortis
1164 377 1357 405 armatus
1382 373 1533 405 custodit
1557 374 1684 405 atrium
1709 384 1820 413 suum,

262 416 1126 503 BZAEfffe-ffldssr.elnffiff²¹31>¹ii1sifdaefiss‘Tl'a‘ffsselil
1145 416 1274 495 {6⁸75
1290 417 1505 505 sfffoehfist‘
1533 419 1682 481 ’ΜΨ
1707 420 1822 451 ‘mins‘

617 674 699 711 169.
736 675 793 718 (4.)
831 674 973 711 Oratio
1000 675 1050 710 ad
1077 674 1280 710 Christum
1305 674 1468 718 quarta.

552 804 589 842 1.
621 803 652 841 Ο
684 803 901 840 veneranda
932 803 1001 840 Dei
1033 802 1184 839 suboles

621 860 759 898 Inclita
789 860 910 906 patris
941 863 979 896 et
1009 858 1169 906 effigies,

621 917 758 954 Intime
788 915 971 962 splendor
1001 919 1038 952 et
1068 915 1167 952 alma
1199 914 1301 965 dies„

621 973 693 1018 Qui
724 973 808 1010 loca
837 972 978 1009 lumine
1009 975 1143 1008 cuncta
1172 971 1298 1018 reples

624 1029 742 1066 Totus
774 1031 812 1065 et
841 1029 880 1066 in
911 1029 1081 1076 genitore
1111 1038 1253 1072 manes,

551 1144 589 1181 2.
622 1142 770 1189 Nempe
800 1142 922 1178 minus
952 1144 1062 1188 patre
1093 1151 1163 1177 nec
1193 1139 1284 1188 quid
1314 1139 1444 1188 habes,

621 1198 782 1245 Sceptra
812 1198 897 1246 pari
929 1197 1072 1235 ditione
1101 1201 1220 1245 teneS,

622 1256 799 1302 Quaeque
832 1255 950 1304 cupis,
983 1254 1155 1303 Domine,
1187 1254 1254 1291 illa
1282 1257 1403 1303 potes,

622 1312 721 1349 Nam
752 1322 902 1349 recreas
933 1321 1163 1357 revocasque
1193 1310 1362 1347 homines

622 1369 674 1406 Et
704 1368 831 1415 patria
859 1368 1003 1414 pietate
1034 1366 1152 1405 foves.

555 1484 593 1522 3.
625 1482 695 1529 Qui
725 1481 883 1518 miseros
914 1479 1009 1518 facis
1039 1481 1247 1517 incolumes

623 1539 814 1585 Linquere
846 1537 1004 1574 crimina
1034 1537 1171 1583 quique
1201 1536 1321 1585 iubes,

621 1595 702 1633 Nos
734 1599 772 1631 et
800 1595 839 1631 in
871 1593 1004 1631 exsilio
1035 1604 1117 1630 esse
1150 1593 1255 1630 doles

620 1652 683 1690 Ad
715 1651 955 1698 patriamque
984 1650 1111 1687 redire
1140 1660 1269 1687 mones

623 1709 752 1755 Teque
783 1707 905 1745 Deum
936 1707 1106 1754 reperire
1138 1706 1264 1744 doces.

556 1823 593 1860 4.
628 1821 698 1867 Tu,
731 1831 834 1867 rogo,
866 1820 1016 1866 suscipe
1046 1829 1146 1855 nunc
1175 1818 1347 1864 humiles,

625 1879 725 1924 Quas
757 1887 838 1925 ego,
871 1887 950 1920 rex,
982 1875 1052 1912 tibi
1083 1873 1202 1912 fundo
1231 1885 1364 1921 preces

621 1934 772 1983 Meque,
805 1943 954 1981 precor,
986 1932 1165 1969 miserum
1196 1931 1340 1969 releves

620 1991 680 2028 Ac
710 1990 852 2037 pietate
881 1995 945 2027 tua
976 1993 1127 2036 vegetes

626 2047 679 2085 Et
710 2047 843 2093 procul
874 2057 896 2083 a
927 2046 1029 2082 vitiis
1060 2054 1249 2092 segreges,

555 2164 593 2200 5.
627 2160 823 2208 Omnibus,
855 2170 933 2208 ora,
967 2158 1074 2196 bonis
1106 2158 1257 2208 solides,

626 2217 684 2254 Ne
715 2220 864 2263 premat
893 2216 1056 2262 amplius
1087 2215 1166 2252 ulla
1195 2214 1291 2263 lues,

626 2273 702 2311 Sed
732 2283 880 2310 merear
910 2277 996 2309 tuus
1027 2282 1109 2308 esse
1140 2281 1276 2319 comes,

622 2330 676 2368 Ut
706 2329 798 2366 mihi
830 2330 941 2367 detur
971 2328 1133 2366 amanda
1162 2327 1281 2375 quies,

627 2387 744 2432 Quam
776 2395 948 2423 meruere
977 2385 1032 2422 tui
1063 2394 1254 2431 proceres,

557 2500 595 2538 6.
627 2498 698 2536 His
730 2501 806 2545 tua,
840 2497 1004 2546 Christe,
1036 2500 1141 2544 patet
1171 2495 1333 2543 species⁷

627 2555 778 2593 Emicat
808 2559 844 2591 et
875 2554 1007 2591 rutilat
1035 2552 1165 2601 facies,

624 2612 725 2649 Hinc
755 2621 902 2658 quoque
933 2614 1019 2647 sunt
1049 2610 1189 2655 iugiter
1214 2609 1355 2646 hilares

627 2669 755 2715 Teque
786 2668 914 2705 colunt
945 2671 982 2704 et
1011 2668 1139 2704 amant
1168 2666 1334 2713 alacres3

624 2725 706 2774 His,
739 2724 856 2770 Deus,
888 2724 1057 2771 obsecro,
1089 2733 1147 2759 me
1178 2723 1310 2760 socies.

362 2850 505 2883 Collect.
532 2861 592 2881 ms.
621 2851 739 2881 ineert.
766 2851 851 2892 orig.
877 2859 966 2881 saec.
996 2845 1046 2880 10.
1086 2847 1170 2880 Cod.
1187 2847 1337 2878 Parisin.
1364 2843 1462 2878 3877.
1488 2862 1531 2867 ——
1555 2844 1586 2884 6,
1611 2844 1631 2877 5
1658 2839 1751 2878 Uber
1774 2852 1825 2876 me

272 2905 345 2927 nos.
371 2914 413 2918 —
440 2895 647 2927 Aufschrift:
677 2896 825 2936 „Versus
851 2891 1107 2927 Gothascalci“.
1131 2911 1175 2916 —
1202 2893 1279 2935 Vgl.
1304 2891 1442 2924 Traube
1468 2890 1490 2922 l.
1515 2901 1543 2923 e.
1569 2888 1644 2922 728.
