1914 3223
749 162 804 168 —
864 138 945 182 1343
1007 161 1058 167 -—

128 253 225 292 153.
272 251 388 299 Virgo
419 255 534 300 casta,
568 252 634 289 sed
669 251 843 300 fecunda,
946 254 1038 292 158.

274 308 388 348 Cuius
410 306 558 345 fabrum
581 310 710 347 mundi
733 310 873 347 munda

324 364 580 402 Lactaverunt
614 365 742 414 ubera,

269 421 423 460 Salvum
445 425 548 458 tuum
573 419 632 458 fac
651 422 921 467 Gauterum,

269 477 362 516 Cum
383 478 541 515 instabit
563 482 710 525 tempus
732 490 869 525 serum,

296 534 343 572 Id
374 538 432 571 est
462 535 591 571 mundi
624 545 793 582 vespera.

133 648 226 687 154.
273 647 327 685 Te
355 647 500 694 supinis
531 658 597 685 oro
628 648 778 694 palmis,
947 649 1038 687 159.

274 704 412 751 Corde,
425 705 501 741 oris
518 704 679 751 hymnis,
699 705 871 751 psalmis,

327 761 557 808 Angelorum
592 762 754 800 domina.

272 818 389 856 Servo
420 822 484 855 tuo
514 818 562 855 da
593 818 720 864 quieta

272 873 366 911 Frui
396 874 474 911 vita
504 878 590 921 post
619 875 771 921 expleta

327 931 557 978 Temporum
588 931 789 968 volumina.

135 1046 230 1084 155.
277 1043 526 1080 Benedictum
557 1043 757 1081 benedicta
954 1044 1046 1082 160.

275 1099 430 1137 Profers
453 1099 616 1137 fructum
632 1111 707 1137 non
724 1098 880 1147 afflicta,

332 1157 427 1204 Quia
457 1161 581 1193 tecum
612 1156 806 1203 Dominus,

280 1214 354 1251 Per
383 1208 433 1260 te,
466 1223 617 1262 quaeso,
650 1213 742 1250 mihi
769 1213 879 1251 detur

280 1269 394 1308 Panis
424 1270 502 1315 ille,
535 1280 607 1316 quo
638 1270 809 1317 repletur

334 1326 488 1363 Ventris
519 1327 574 1363 tui
605 1326 801 1373 cophinus,

139 1440 234 1479 156.
281 1439 410 1487 Virgo,
443 1449 574 1477 sacrae
604 1439 701 1490 legis
733 1449 834 1488 arca,

279 1497 377 1543 Quas
408 1496 503 1533 nulli
523 1506 683 1544 parcens
705 1506 834 1543 parca,
850 1493 883 1546 ¹)

335 1553 438 1599 Quae
470 1557 594 1590 tamen
625 1552 776 1598 inertia,

278 1609 438 1652 Memor,
470 1620 549 1658 oro,
572 1609 623 1646 sis
645 1609 881 1658 Gauteri‚

281 1665 352 1711 Qui
383 1663 471 1704 faex
503 1669 560 1703 est
590 1669 627 1702 et
656 1666 740 1712 alga
772 1665 865 1702 cleri

334 1722 437 1760 Min
449 1733 470 1759 o
481 1734 500 1759 r
511 1734 535 1759 u
548 1733 582 1758 m
596 1733 667 1769 que
698 1722 836 1761 scoria.

140 1837 232 1877 157.
279 1835 382 1872 Fons
424 1834 590 1872 dulcoris
624 1834 885 1881 inexhaustae,

281 1891 391 1930 Servi
421 1891 476 1928 tui
507 1891 642 1929 claude
672 1890 795 1929 fauste

339 1948 551 1987 Cosmicam
582 1948 793 1995 periodum,

282 2006 337 2045 Ut
366 2015 437 2052 pro
464 2004 574 2042 malis
595 2016 669 2042 non
693 2005 885 2052 multetur,

285 2063 377 2101 Cum
408 2061 546 2099 citatus
577 2062 816 2108 propelletur

337 2118 403 2156 Ad
441 2121 648 2155 extremum
687 2118 886 2166 synodum.

957 1438 1052 1477 161.

960 1833 1053 1872 162.

1088 253 1160 290 Per
1191 257 1240 300 te,
1272 256 1404 298 mater,
1436 252 1537 289 inter
1566 252 1651 289 illos

1085 308 1223 347 Servos
1255 313 1338 346 tuos
1370 313 1407 346 et
1439 308 1619 346 carnillos

1141 366 1238 403 Mihi
1271 366 1381 403 detur
1412 365 1590 412 synedra,

1085 422 1227 469 Quibus
1260 422 1393 459 doctor
1426 422 1647 468 angelorum

1084 478 1242 515 Librum
1273 478 1365 525 legit
1396 479 1605 515 ethicorum

1141 535 1184 572 In
1217 534 1369 572 sublimi
1401 534 1596 573 cathedra.

1087 648 1202 694 Virgo
1230 647 1394 684 candens
1416 651 1457 684 ut
1479 647 1693 694 ligustrum,

1090 704 1202 742 Cuius
1240 703 1333 741 felix
1364 707 1498 740 venter
1530 703 1692 740 lustrum

1145 761 1212 797 Est
1246 760 1420 797 caelestis
1452 760 1618 809 hinnuli,

1090 818 1198 854 Hanc
1219 820 1408 854 errantem
1430 816 1479 853 ad
1502 820 1693 862 pastorem

1088 874 1204 911 Ovem
1239 874 1340 910 mina
1370 877 1455 921 post
1484 872 1655 910 laborem

1146 930 1197 967 Et
1226 930 1457 976 palaestram
1489 929 1643 968 saeculi.

1092 1043 1227 1092 Virgo,
1250 1052 1319 1089 per
1335 1052 1446 1089 quam
1463 1041 1565 1078 Deus
1585 1041 1698 1079 datur

1093 1099 1145 1136 Et
1175 1099 1360 1136 humanae
1390 1098 1582 1135 tunicatur

1149 1155 1319 1192 Naturae
1351 1154 1534 1203 diploide,

1093 1211 1250 1250 Servum
1281 1215 1385 1248 tuum
1418 1211 1491 1248 duc
1510 1211 1559 1248 ad
1582 1209 1698 1247 vitam

1091 1269 1183 1306 Post
1205 1268 1433 1305 conscissam
1455 1271 1493 1304 et
1515 1267 1694 1304 detritam

1148 1325 1291 1372 'rogam
1322 1325 1446 1362 carnis
1478 1323 1670 1370 putridae.

1099 1438 1226 1486 Virgo,
1259 1436 1391 1474 mundi
1420 1435 1620 1485 medicina,

1097 1494 1215 1531 Verbi
1246 1493 1362 1530 vestis
1393 1496 1430 1529 et
1461 1492 1608 1539 vagina,

1155 1550 1297 1588 Christi
1329 1549 1548 1595 creditaria,

1096 1606 1155 1644 De
1188 1607 1297 1643 ruina
1327 1606 1504 1643 vitiorum

1096 1663 1174 1700 Nos
1207 1666 1357 1710 ereptos
1388 1661 1607 1709 angelorum

1154 1719 1330 1757 Coetibus
1362 1718 1518 1755 associa.

1099 1832 1257 1870 Servum
1287 1836 1392 1868 tuum
1424 1830 1471 1867 de
1501 1828 1703 1877 profundis

1100 1889 1279 1926 Tractum
1317 1887 1434 1924 misce
1463 1886 1703 1923 laetabundis

1156 1945 1343 1991 Superum
1373 1943 1583 1988 consortiis,

1097 2002 1151 2040 Ut
1183 2012 1265 2038 cum
1295 2000 1372 2036 illis
1403 1999 1630 2036 iucundetur

1100 2059 1146 2096 In
1177 2062 1370 2095 aeternum
1401 2060 1438 2092 et
1469 2055 1616 2092 cibetur

1157 2113 1330 2160 Dapibus
1362 2112 1573 2150 ambrosiis

255 2239 280 2282 ¹)
303 2241 429 2274 Dieser
453 2241 524 2273 und
548 2241 608 2273 der
633 2238 792 2284 folgende
818 2241 905 2272 Vers
931 2238 1096 2271 scheinen
1124 2236 1284 2269 verderbt
1309 2246 1351 2267 zu
1377 2236 1466 2267 sein.

1433 2907 1505 2940 41*
