1914 3223
746 127 941 168 —367
1003 147 1054 154 —

136 243 201 281 38.
234 242 391 288 Quando
419 242 510 279 mihi
540 241 722 291 obviabit,

231 298 340 336 Inter
368 299 487 336 ubera
517 297 693 346 pausabit

289 355 383 392 ,Mea
413 360 451 392 et
481 354 800 399 commorabitur;

236 411 342 448 Tunc
373 413 536 459 quietem
567 411 657 448 mihi
691 411 797 448 dabit

236 468 284 505 Et
317 469 426 506 dolor
456 479 560 505 meus
591 467 755 505 cessabit

290 525 349 562 Ex
380 529 534 572 totoque
565 524 774 571 delebitur3

236 581 311 618 Sed
343 582 523 628 quamdiu
553 581 741 626 atteritur,

233 638 377 676 Rotrus
410 638 529 686 Cypri
561 637 725 675 efficitur

289 695 400 742 Mihi,
433 700 468 732 et
500 705 648 732 maeror
679 705 751 731 non
772 687 875 742 abit,'

234 751 332 788 Dum
363 752 545 790 torculari
578 751 775 798 premitur,

233 807 479 855 Nequaquam
512 807 768 845 consolabitur

290 865 442 913 Oculus,
474 865 542 902 sed
574 865 659 912 plus
687 863 865 911 plorabit.

951 243 1017 281 39.
1048 241 1222 280 Dilectus
1253 253 1358 279 meus
1389 247 1446 279 est
1476 241 1600 293 nimis,

1048 298 1165 344 Quem
1196 309 1334 346 sequor
1363 303 1404 336 ut
1434 298 1618 335 exanimis

1107 357 1155 394 Et
1188 353 1331 402 afflicta
1363 354 1558 392 doloribus

1048 412 1100 449 In
1133 412 1250 449 vineis
1282 412 1503 448 miserrimis

1049 468 1234 516 Enyaddi
1265 473 1302 504 et
1334 467 1571 514 nequissimis

1109 524 1197 561 Sine
1227 526 1310 561 uvis
1341 529 1377 561 et
1411 523 1595 561 fructibus

1049 581 1221 618 Tentatis
1252 581 1328 618 suis
1360 580 1535 628 passibus

1050 638 1093 675 In
1125 637 1319 674 absconsis
1350 637 1580 684 aspectibus,

1107 694 1222 740 Quasi
1252 705 1347 730 unus
1379 704 1425 731 ex
1455 693 1629 741 pessimis

1051 750 1194 787 Factus
1226 755 1324 787 esset
1354 750 1575 800 latronibus,

1051 807 1199 844 Exutus
1231 806 1303 844 fuit
1333 807 1500 844 vestibus

1106 863 1217 901 Datis
1246 863 1369 911 plagis
1400 863 1648 911 gravissimis,

634 1067 804 1105 Filius
844 1067 904 1106 ad
943 1071 1164 1106 matrem.

134 1194 201 1243 40.
234 1193 345 1242 Ecce,
377 1198 416 1229 tu
447 1193 478 1228 si
510 1191 720 1239 specularis

233 1252 391 1287 Attente
421 1255 458 1285 et
490 1248 759 1295 contemplaris

289 1306 343 1344 Te
373 1307 411 1343 iu
441 1316 512 1353 me,
544 1311 608 1343 tuo
638 1306 808 1352 speculo,

232 1363 407 1400 Pulchra
438 1373 474 1410 es
505 1369 543 1400 et
573 1362 775 1408 singularis

232 1421 276 1458 In
308 1416 444 1457 decore
474 1429 611 1465 expers
641 1419 745 1466 paris

289 1477 378 1514 Meo
408 1476 534 1513 iudice
564 1476 699 1522 ocu103

233 1533 291 1570 Tu
321 1533 402 1570 sola
433 1543 473 1569 es
503 1533 540 1569 in
572 1532 722 1569 saeculo

235 1589 473 1627 Admiranda
504 1589 721 1635 spectaculo

290 1646 587 1684 Pulchritudinis
618 1645 765 1689 solaris,

234 1703 282 1740 Et
313 1703 399 1740 ideo
435 1714 517 1739 cum
547 1703 675 1740 osculo

234 1761 326 1799 Cum
358 1760 609 1808 amplexuque
639 1759 773 1796 sedulo

287 1817 423 1854 Amica
452 1827 536 1853 mea
567 1817 727 1855 vocaris.

135 1953 200 1991 41.
232 1952 342 2002 Ecce,
374 1954 416 1990 tu
439 1951 607 1999 pulchra
637 1952 775 1990 iterum

232 2009 405 2046 Dicenda
436 2020 472 2046 es
503 2009 550 2046 ob
581 2013 730 2046 uterum

289 2066 473 2104 Ornatum
504 2066 736 2115 primiveri0‚

231 2123 472 2172 Vernantem‚
504 2121 738 2159 odoriferum

231 2180 358 2226 Atque
388 2190 538 2227 semper
568 2178 785 2226 florigerum

289 2237 479 2273 Virtutum
512 2234 605 2273 flore
635 2236 753 2284 vario,

1050 1191 1290 1238 Virginitatis
1322 1192 1401 1228 lilio

1050 1248 1238 1286 Concesso
1270 1248 1467 1295 privilegio

1107 1306 1367 1342 virescentem
1398 1304 1651 1351 fructiferum,

1047 1362 1113 1400 Me
1141 1362 1225 1408 ipso
1255 1360 1357 1398 facto
1387 1362 1483 1399 ostio

1049 1418 1142 1456 Eius
1174 1423 1209 1455 et
1240 1418 1395 1455 ostiario

1106 1475 1180 1513 Seu
1218 1475 1376 1511 custode
1408 1475 1444 1512 in
1474 1479 1682 1522 posterum.

950 1611 1017 1652 42.
1049 1610 1159 1650 Oculi
1189 1611 1246 1648 tui
1276 1611 1468 1658 simplices

1051 1667 1326 1706 Columbarum
1363 1673 1450 1704 sunt
1480 1668 1626 1705 indices

1105 1726 1231 1771 Atque
1263 1728 1373 1762 erunt
1403 1735 1461 1761 me
1491 1725 1603 1772 irato,

1049 1781 1101 1820 Ut
1130 1781 1258 1818 mitius
1288 1785 1330 1818 tu
1359 1781 1504 1818 iudices

1047 1838 1100 1876 Et
1130 1838 1337 1875 vindictam
1368 1837 1563 1875 modifices

1104 1895 1338 1932 Demeritam
1369 1906 1438 1941 pro
1469 1898 1647 1944 peccat03

1048 1952 1145 1989 Nam
1177 1946 1298 1988 habeo
1329 1963 1399 1998 pro
1430 1951 1604 2000 probato,

1049 2008 1157 2055 Quod
1188 2008 1259 2045 hoc
1290 2019 1401 2055 posse
1432 2008 1501 2045 tibi
1534 2009 1624 2046 dato

1105 2065 1169 2103 Ad
1199 2065 1433 2112 supplendas
1459 2076 1560 2102 meas
1582 2065 1682 2103 vires

1051 2121 1249 2159 Custodies
1280 2132 1339 2158 me
1370 2127 1506 2169 pacato

1049 2178 1101 2215 Et
1131 2177 1259 2215 furore
1288 2179 1459 2225 mitigato

1106 2235 1202 2274 Mihi
1234 2239 1271 2272 et
1300 2235 1371 2272 tibi
1401 2235 1606 2282 supplices,

655 2439 820 2476 Mater
860 2438 919 2477 ad
960 2437 1143 2476 filium.

135 2564 201 2601 43.
232 2563 340 2613 Ecce,
372 2566 414 2601 tu
445 2574 492 2613 es,
526 2563 582 2599 mi
612 2562 754 2610 dilecte,

231 2619 395 2657 Pulcher
425 2623 458 2658 et
488 2620 645 2658 decorus
676 2623 780 2657 recte

289 2677 364 2715 Seu
394 2677 638 2724 pulchritudo
668 2676 807 2723 potius,

234 2733 543 2771 Pulchritudines
573 2732 738 2770 infectae

235 2789 407 2828 Omnium
439 2794 473 2826 et
505 2789 752 2838 imperfectae

292 2845 386 2883 Sunt
415 2846 489 2883 nisi
519 2846 573 2884 tui
604 2847 741 2894 solius;

1048 2562 1088 2600 Si
1119 2561 1279 2609 pulchra
1310 2572 1391 2598 sum
1422 2561 1482 2598 vel
1512 2561 1621 2608 alius,

1047 2619 1101 2658 Ut
1133 2618 1263 2655 dixisti
1293 2618 1386 2654 mihi
1416 2617 1534 2667 prius,

1104 2675 1188 2712 Hoc
1217 2687 1239 2712 a
1269 2680 1307 2711 te
1337 2675 1440 2712 venit
1472 2674 1627 2721 directe,

1048 2732 1111 2769 Ad
1142 2736 1245 2769 tuam
1276 2731 1407 2778 puncti
1435 2731 1546 2768 unius

1048 2788 1132 2826 Non
1165 2792 1250 2825 sunt
1282 2798 1410 2825 omnes
1442 2787 1501 2824 vel
1531 2787 1645 2824 ullius

1104 2844 1413 2883 Pulchritudines
1448 2844 1642 2882 collectae.
