1914 3223
176 310 240 349 70.

173 886 237 924 80.

172 1175 238 1212 8.).

171 1462 237 1499 90.

141 2039 230 2076 100.

140 2329 230 2366 105.

137 2612 225 2650 110.

758 159 781 161 A
868 135 944 174 1:30

272 247 897 293 Fortad10111p1u1n‚datcolumbas

330 309 421 346 duas
452 314 486 344 et
520 320 590 355 par
621 313 817 358 turturum,

270 365 452 402 Simeonis
483 370 595 412 atque
626 370 758 403 Annae.

325 421 427 459 audit
460 422 723 465 testimonium,

270 479 375 525 Quod
406 479 452 515 sit
484 479 589 524 ipse.
623 479 684 525 qui
716 479 869 516 sederet

326 545 439 582 super
470 535 592 572 David
624 535 756 572 solium

230 626 238 634 .
273 597 318 633 Et
352 597 398 633 de
426 608 537 634 manu
571 598 699 634 mortis
732 609 837 635 suum

329 653 504 690 liberaret
537 654 728 701 populum.

271 710 389 748 Audit
421 709 500 747 sore
531 721 571 747 se
602 710 796 759 passuram

325 767 470 804 animae
501 767 734 815 martyrium,

271 823 350 860 Hoc
381 828 437 860 est
468 824 546 860 eius
577 824 763 871 passionis

327 885 492 922 dolorem
525 886 761 930 acerrimum,

270 944 385 988 Quem
418 942 548 979 beatus
577 943 641 980 ille
672 954 785 980 senex

326 999 532 1045 appellavit
561 1000 739 1047 gladium,

270 1055 365 1101 Quia
395 1056 493 1092 sicut
525 1057 623 1093 ensis
655 1067 803 1103 corpus,

325 1117 436 1149 vexat
467 1113 573 1149 dolor
603 1113 779 1152 animum.

273 1174 382 1211 Videt
414 1185 540 1221 magos
571 1176 762 1215 advenire.

326 1230 429 1267 videt
459 1231 562 1268 sidus
591 1233 795 1280 praevium,

268 1287 315 1323 Et
350 1291 386 1323 ut
418 1287 537 1324 Deum
570 1288 744 1325 honorari

325 1344 433 1380 donis
465 1355 590 1391 regum
622 1345 791 1382 Arabum

270 1400 379 1437 quta
401 1400 506 1445 illud,
532 1401 630 1447 quod
652 1402 689 1438 in
712 1402 867 1447 psalmis

325 1466 427 1507 patet
461 1463 689 1507 vaticinium,

270 1518 584 1565 Crescentemque
614 1524 742 1556 nostro
765 1531 866 1558 more

324 1584 392 1621 per
431 1575 609 1612 decursus
640 1580 862 1623 temporum,

269 1631 505 1668 Intellectum
537 1637 737 1679 penetrare

321 1688 593 1734 scripturarum
624 1690 800 1740 omnium,

225 1780 233 1788 .
262 1749 359 1786 Dum
395 1751 565 1797 magistri
603 1752 863 1790 documentum

323 1817 396 1843 non
428 1812 526 1844 esset
557 1808 780 1849 adhibitum,

265 1863 385 1900 Audit
416 1865 731 1912 praedicationes,

320 1920 426 1966 signa
455 1921 558 1959 videt
589 1932 758 1969 operum,

262 1976 324 2013 Ab
354 1976 530 2015 obsessis·
552 1978 706 2026 effugari

320 2039 485 2086 legiones
518 2040 752 2090 daemonum,

264 2095 483 2142 Fugientem
517 2098 564 2134 ad
594 2099 780 2136 medelam

318 2152 466 2190 turbam
499 2156 785 2201 aegrotantium,

261 2209 410 2246 Mancis
437 2221 568 2249 manus
600 2210 836 2258 reformatas,

318 2266 443 2304 lumen
476 2269 596 2305 caecis
627 2269 830 2319 redditum,

262 2328 498 2367 Emundatos
529 2330 636 2377 lepra
666 2331 794 2378 plures

317 2385 365 2422 ad
397 2386 503 2424 verbi
534 2387 746 2437 imperium,

260 2442 338 2479 Iam
370 2440 571 2481 foetentem
606 2444 651 2481 de
688 2447 862 2492 sepulcro

315 2499 534 2538 suscitatum
567 2501 763 2550 Lazarum,

259 2556 385 2602 Ipsam
403 2557 524 2594 crucis
540 2560 690 2597 tandem
703 2570 861 2605 poenam

316 2613 445 2650 subire
475 2619 734 2665 spontaneum,

262 2669 320 2705 Ne
351 2681 418 2707 nos
450 2671 580 2708 mortis
613 2672 823 2710 subiremus

315 2732 493 2764 aeternae
524 2729 746 2778 periculum,

256 2782 317 2819 Ab
348 2781 496 2821 inferno
530 2792 786 2833 resurgentem

315 2846 490 2887 potenter
520 2847 604 2888 post
636 2843 815 2892 triduum,

966 251 1052 287 115.

962 539 1048 576 120.

958 1116 1047 1154 130.

955 1405 1046 1444 135.

953 1693 1044 1732 140.

951 1984 1041 2020 145.

950 2272 1042 2310 150.

949 2846 1040 2884 160.

1085 249 1328 295 'l'riumpliata
1363 254 1482 285 morte
1515 249 1637 285 caelos

1140 310 1338 352 penetrare
1369 305 1606 352 postmodum

1083 363 1205 408 Ipsum
1235 361 1406 399 'fructum
1438 363 1494 399 sui
1525 362 1681 409 ventris,

1141 420 1259 465 ipsum
1293 420 1533 467 unigenitum,

1086 475 1139 512 De
1173 476 1275 512 cuius
1308 476 1553 522 conceptione

1143 548 1207 574 σοι·
1238 538 1397 574 habebat
1432 538 1635 583 conscium,

1082 595 1186 641 Quod
1221 605 1398 642 perpessa
1434 606 1504 631 non
1537 593 1667 630 suisset

1138 651 1257 687 coitus
1289 652 1512 698 contagium.

1079 709 1195 754 Quam
1238 708 1436 745 iucundam
1477 714 1513 744 tc
1546 707 1684 745 vixisse

1139 765 1266 800 credat
1301 775 1402 801 mens
1435 765 1616 810 fidelium,

1013 829 1046 864 ἴ.
1081 827 1194 863 Cuius
1226 831 1394 869 tantum,
1429 831 1503 864 tam
1536 827 1682 873 insigne

1140 882 1408 929 comprobatur
1439 884 1625 923 meritum.

1083 939 1194 976 Alma
1212 940 1329 986 virgo,
1353 951 1440 986 spes
1458 944 1540 986 post
1563 940 1682 977 Deum

1138 997 1300 1033 maxima
1331 996 1519 1046 fidelium3

1084 1053 1154 1089 Per
1176 1064 1285 1099 quam
1308 1053 1407 1090 idem
1432 1055 1533 1089 venit
1554 1053 1682 1090 orbem

1138 1125 1316 1161 reperare
1349 1116 1552 1163 perditum,

1080 1171 1202 1208 Multa
1243 1172 1289 1208 de
1330 1172 1387 1209 his
1427 1173 1552 1209 adhuc
1582 1173 1682 1219 loqui

1139 1228 1333 1274 cupiebam
1366 1229 1582 1276 plurimum,

1084 1285 1133 1322 Ut
1165 1289 1317 1322 vacaret
1348 1285 1417 1322 tibi
1449 1286 1583 1322 mentis

1135 1346 1286 1378 nostrae
1319 1342 1382 1378 diu
1413 1343 1590 1390 studium,

1081 1403 1155 1440 Sed
1186 1405 1440 1441 transscendit
1467 1416 1560 1442 onus
1584 1406 1682 1443 vires

1135 1470 1300 1496 meorum
1335 1466 1531 1498 conatuum

1080 1516 1129 1552 Et
1161 1517 1314 1562 explere
1345 1528 1417 1554 non
1440 1529 1521 1554 sum
1547 1519 1680 1565 dignus

1131 1584 1223 1620 opus
1254 1578 1329 1610 tam
1363 1575 1563 1621 egregium.

1079 1629 1136 1666 Nc
1177 1630 1266 1676 quid
1304 1635 1428 1668 tamen
1462 1631 1530 1667 tibi
1561 1633 1608 1668 sit
1641 1632 1678 1668 in

1135 1692 1205 1740 his,
1238 1703 1387 1739 quaeso,
1422 1695 1649 1731 contrarium

1082 1749 1162 1786 Nec
1193 1760 1251 1785 me
1282 1750 1374 1787 velis
1407 1754 1585 1796 reputare

1138 1807 1244 1852 quasi
1276 1807 1530 1855 temerarium,
1570 1852 1580 1858 ς

1077 1863 1183 1909 Quod
1202 1864 1439 1910 praesumpsi
1456 1864 1524 1900 tibi
1542 1864 1679 1901 stultus

1131 1930 1279 1956 carmen
1312 1921 1413 1957 istud
1441 1921 1648 1968 septimum

1078 1983 1132 2019 Te
1163 1986 1307 2030 orante,
1345 1983 1526 2031 templum
1558 1984 1678 2020 sancti

1135 2039 1292 2086 spiritus
1324 2041 1591 2086 gratissimum,

1082 2095 1252 2133 Gratiam
1285 2107 1380 2142 quae
1412 2107 1450 2133 es
1479 2098 1619 2145 adepta

1131 2163 1276 2189 ornnem
1308 2153 1379 2189 Dei
1410 2164 1617 2200 munerum,

1075 2211 1152 2247 Iam
1187 2210 1233 2246 de
1263 2209 1431 2247 bonitate
1461 2214 1526 2248 tua

1132 2271 1252 2308 fidens
1284 2273 1375 2309 sisto
1408 2273 1604 2320 calamum,

1074 2327 1213 2366 Laetus
1231 2329 1355 2375 valde,
1379 2330 1410 2366 si
1429 2340 1502 2366 non
1519 2340 1676 2376 spernas

1131 2386 1270 2422 servuli
1302 2387 1574 2432 munusculum,

1074 2442 1116 2478 In
1149 2454 1232 2489 quo,
1264 2443 1294 2478 si
1322 2443 1412 2489 quid
1436 2444 1532 2480 bene
1553 2447 1674 2491 sonat,

1130 2499 1248 2535 redde
1280 2499 1369 2535 mihi
1402 2500 1630 2547 centuplum,

1008 2565 1040 2597 ’”.
1074 2561 1124 2598 Et
1155 2562 1185 2597 si
1218 2561 1326 2606 nihil,
1359 2562 1479 2608 prosit
1512 2567 1634 2599 tamen

1130 2616 1246 2654 fuisse
1279 2618 1512 2657 benevolum.

1076 2675 1200 2711 Vanus
1233 2675 1328 2712 enim
1361 2680 1395 2711 ct
1428 2675 1610 2712 bonarum

1131 2731 1223 2767 nihil
1256 2732 1396 2768 habens
1428 2732 1564 2769 artium

1075 2788 1148 2824 Vix
1179 2788 1216 2824 in
1249 2788 1357 2824 horto
1389 2789 1513 2826 cordis
1546 2790 1617 2826 mei

1130 2845 1255 2891 carpsi
1287 2845 1356 2881 hoc
1386 2846 1605 2896 olusculum,
