2031 3289
976 202 1279 244 —210—

871 317 984 355 Cuius
1016 316 1106 363 agit,

925 372 1109 419 quidquid
1141 372 1241 421 vult,
1275 371 1456 421 potentia,

871 430 1095 476 Optimeque

929 485 1096 532 disponit
1127 487 1343 534 prudentia.

758 544 875 590 Quem
907 545 944 578 et
974 542 1072 578 velle

760 599 851 636 Geri
882 598 976 635 bene

817 654 1050 701 Disponique
1081 657 1242 704 singula,

761 711 937 749 Dubitari

763 769 848 807 Non
879 769 1066 814 permittit

819 825 912 862 Eius
943 835 1088 862 summa
1119 823 1291 871 bonitas·‚

874 883 946 919 Per
977 892 1086 928 quem
1117 885 1216 928 sunt,

932 938 1023 975 iusti
1055 938 1265 984 quicunque
1295 941 1394 983 sunt7

877 996 951 1032 Per
981 1004 1090 1041 quem
1121 998 1220 1041 sunt,

933 1051 1035 1088 beati
1065 1051 1202 1097 quique
1232 1054 1330 1086 sunt.

444 1132 472 1162 B
498 1129 556 1161 fol.
583 1127 666 1161 9521.
695 1146 739 1151 —
764 1130 790 1162 C
815 1130 873 1161 fol.
902 1127 1006 1161 1781).
1032 1146 1076 1150 —
1104 1127 1131 1167 l,
1159 1126 1174 1159 1
1202 1128 1365 1160 edomant
1388 1127 1427 1158 B.

827 1234 908 1270 229..
945 1234 1047 1276 (112.)
1081 1234 1128 1269 In
1152 1234 1187 1269 3.
1217 1233 1439 1268 Nocturno.

359 1313 393 1351 1.
427 1313 610 1349 Praesens
641 1311 720 1348 vita
750 1310 823 1349 fuit
852 1311 910 1348 his
1172 1313 1208 1350 2.
1242 1310 1508 1356 Persequentis
1539 1309 1687 1356 gladius

486 1372 593 1405 sexta
624 1366 731 1415 feria,
1297 1366 1374 1403 illis
1407 1364 1539 1412 defuit,

429 1426 509 1472 Qua
541 1424 691 1462 Christo
724 1425 910 1471 compassi
939 1428 1026 1461 sunt
1243 1425 1316 1463 Sed
1349 1426 1504 1469 paratus
1534 1422 1678 1459 animus

487 1481 727 1527 abstinentia,
1298 1480 1385 1516 huic
1415 1477 1551 1526 adfuit,

544 1538 649 1575 Sicut
677 1538 761 1584 ipse
1357 1536 1395 1574 Si
1426 1548 1501 1573 non
1531 1536 1616 1572 tulit

600 1594 681 1631 ‘tolli
715 1605 861 1631 crucem
893 1594 1081 1641 praecipit
1413 1604 1550 1640 corpus
1582 1593 1678 1628 ictus
1709 1592 1838 1638 gladii.

541 1652 593 1689 Et
623 1662 662 1687 se
694 1652 832 1689 Paulus
1354 1651 1523 1687 Palmam
1555 1653 1679 1686 tamen

600 1707 818 1745 crucifixum
851 1708 1000 1747 asserit.
1398 1707 1511 1743 habet
1542 1717 1646 1742 mens
1676 1704 1861 1751 martyrii.

431 1767 521 1803 Post
551 1765 648 1802 hanc
679 1765 783 1811 quies
1246 1764 1378 1802 Cesset
1408 1764 1531 1812 lictor,

487 1822 695 1859 animarum
1301 1824 1447 1857 cessent
1478 1824 1613 1857 cuncta

487 1878 587 1915 subit
618 1882 808 1925 tamquam
840 1878 1051 1928 sabbatum,
1302 1882 1574 1915 tormentorum
1605 1886 1755 1924 genera,

431 1936 573 1974 Stolam
604 1936 758 1972 tandem
1242 1934 1311 1981 Tu,
1345 1935 1408 1981 qui
1440 1933 1566 1971 cordis

487 1992 534 2029 ab
565 1996 700 2029 octava
1301 2002 1339 2027 es
1369 1991 1575 2037 inspector,

491 2049 629 2086 reddes
659 2049 736 2085 illis
768 2059 981 2095 corporum.
1300 2048 1348 2085 ad
1380 2048 1450 2084 hoc
1481 2045 1601 2084 refers
1633 2047 1812 2093 praemia.

545 2106 618 2142 Per
647 2116 756 2152 quem
788 2110 886 2154 sunt,
1361 2105 1433 2141 Per
1462 2114 1570 2150 quem
1602 2108 1701 2148 sunt,

600 2162 690 2199 iusti
720 2162 931 2209 quicunque
961 2166 1060 2209 sunt,
1416 2162 1506 2197 iusti
1537 2161 1749 2207 quicunque
1779 2164 1877 2205 sunt,

547 2221 618 2256 Per
648 2229 757 2266 quern
789 2223 886 2267 sunt,
1361 2218 1433 2254 Per
1463 2228 1571 2264 quem
1603 2221 1700 2266 sunt,

600 2275 702 2313 beati
733 2276 869 2322 quique
900 2278 999 2314 sunt.
1418 2274 1518 2311 beati
1548 2274 1684 2321 quique
1714 2278 1812 2311 sunt.

770 2357 805 2393 3.
841 2356 884 2393 In
916 2354 1055 2392 sanctis
1086 2353 1251 2392 mirabili

895 2411 976 2448 Deo
1007 2411 1140 2460 gloria,

839 2468 899 2506 Ex
929 2479 1013 2518 quo,
1047 2478 1115 2515 per
1145 2477 1267 2515 quem,
1299 2467 1337 2504 in
1368 2478 1440 2514 quo
1471 2472 1570 2515 sunt,

896 2535 991 2572 quae
1022 2529 1120 2573 sunt,
1153 2525 1299 2572 omnia3

954 2581 1066 2619 Cuius
1097 2581 1185 2630 agit,

1009 2638 1192 2684 quidquid
1225 2637 1315 2687 vult,
1349 2637 1532 2684 potentia,

952 2695 1177 2742 Optimeque

1012 2751 1179 2798 disponit
1210 2751 1426 2798 prudentia.

840 2809 956 2855 Quem
988 2812 1026 2844 et
1057 2808 1154 2845 velle

840 2865 930 2903 Geri
960 2864 1055 2902 bene

900 2922 1133 2968 Disponique
1164 2921 1324 2970 singula,
