1914 3223
694 188 1002 227 -325—

275 300 296 337 5
344 301 473 346 Agnos
504 300 642 336 exemit
673 301 809 337 exinde
840 290 1000 348 suosque
1031 301 1203 348 redemit,

343 356 422 394 Nos
452 356 609 393 miseros
641 367 731 393 vero
764 358 878 394 simili
911 357 1052 404 pietate
1083 368 1258 406 supremo

341 412 448 451 Patri
478 413 662 459 placavit,
694 413 910 450 miserando
943 414 1214 454 reconciliavit,

342 469 449 506 Mors
481 473 612 506 contra
643 470 757 506 vitam
786 481 946 516 pugnam
980 468 1124 507 confert
1157 471 1358 520 inimicam,

340 525 429 562 Dux
461 532 595 572 regnat
626 527 726 563 vitae
755 526 861 563 vivus
892 527 1024 563 mortis
1055 527 1136 564 sine
1167 528 1245 566 lite.

240 583 291 621 10
341 582 426 626 Die,
461 581 521 618 dic
554 593 643 629 ergo
674 582 738 629 pia
769 582 877 620 nobis
910 583 1105 630 dulcisque
1134 584 1272 629 Maria,

342 638 438 684 Quid
471 638 601 675 vidisti
634 638 726 676 flens
758 650 878 686 prope
910 639 1075 676 tumbam
1107 641 1258 686 quando
1289 641 1460 677 stetisti?

342 695 546 742 Angelieos
579 699 712 744 testes,
745 697 911 744 sudaria,
944 696 1073 742 lintea,
1108 702 1241 734 vestes,

341 753 465 791 Unica
496 762 657 799 spesque
689 763 771 789 mea
802 753 967 789 surrexit
998 757 1035 789 et
1066 753 1136 789 lioc
1167 753 1353 790 Gallilaea

341 808 555 856 Approbat,
589 813 645 845 est
677 809 778 846 visus
809 809 862 846 ibi
894 820 980 846 nam
1011 809 1138 846 multis
1170 810 1426 848 redimendus.

245 865 293 903 15
342 867 402 902 An
435 867 491 902 vis
522 866 662 902 ludaee
693 865 762 902 tibi
794 866 1041 903 credamusve
1072 866 1247 903 Mariae?

341 922 450 960 Illius
482 922 583 958 sanis
616 922 740 959 verbis
772 926 811 959 tu
845 922 1072 960 falsificaris.

340 979 408 1024 Qui
442 979 537 1015 vivis
569 989 670 1025 vere,
703 985 743 1015 tu
774 979 895 1027 nobis,
930 990 1009 1027 rex,
1041 979 1234 1018 miserere.

159 1102 275 1145 Opera
307 1105 441 1144 autogr.
476 1102 619 1133 Othloni
654 1102 909 1134 Emmeramen.
943 1112 1032 1134 saec.
1070 1101 1120 1134 11.
1170 1103 1256 1135 Chn.
1287 1102 1468 1134 Monaeen.
1503 1100 1631 1135 14490.

67 1149 251 1186 Zuschrift,
281 1149 345 1179 wie
371 1159 407 1179 es
436 1147 580 1185 scheint,
605 1159 674 1179 von
700 1148 823 1180 Othlos
849 1148 967 1179 Hand.
986 1167 1027 1170 —
1046 1149 1122 1180 Von
1142 1149 1228 1180 Vers
1246 1146 1266 1179 5
1284 1158 1329 1179 an
1346 1148 1530 1181 metrische
1548 1150 1631 1181 Uni-

68 1193 278 1236 sehreibung
302 1194 360 1225 des
394 1190 563 1224 victimae
582 1191 763 1233 paschali.

389 1372 471 1408 252.
508 1373 566 1415 (5.)
601 1372 701 1407 Item
727 1372 769 1406 in
794 1372 1110 1408 Resurrectione
1136 1372 1312 1408 Domini.

325 1488 489 1527 Vocibus
519 1489 692 1526 altisonis
722 1489 925 1526 Dominum
956 1490 1153 1526 laudemus
1183 1489 1221 1526 in
1252 1490 1336 1527 odis

322 1546 560 1592 caelestique
591 1546 708 1582 melos
739 1547 818 1593 regi
851 1546 980 1582 dulces
1011 1546 1224 1592 iubilemus,

325 1604 398 1640 Per
427 1613 480 1650 se,
511 1613 584 1639 non
615 1607 734 1649 actus,
767 1603 829 1649 qui
862 1603 1018 1639 caelitus
1050 1607 1107 1639 est
1138 1613 1226 1640 caro
1258 1601 1380 1640 factus

326 1659 403 1697 Sub
437 1659 561 1696 carnis
593 1657 682 1696 fatis
713 1660 888 1696 latitante
918 1664 1010 1706 typo
1043 1659 1207 1698 deitatis.

258 1718 280 1756 5
330 1713 460 1767 [Dum]
496 1716 636 1763 tegitur
665 1716 800 1762 pannis
831 1717 981 1753 mundis
1012 1716 1221 1765 puerilibus
1253 1716 1375 1766 annis>

324 1773 390 1811 Illi
420 1772 461 1810 fit
493 1783 588 1809 cuna
619 1773 838 1819 praesaepis
869 1773 1013 1810 mansio
1045 1773 1152 1811 dura.
1281 1818 1287 1826 Ρ

330 1826 461 1881 [EJius
492 1835 735 1876 praeceptum
768 1830 964 1877 miserans,
995 1829 1058 1876 qui
1089 1828 1179 1866 fecit
1209 1829 1393 1877 ineptum,

327 1887 412 1924 Non
445 1886 639 1933 inproviso
671 1886 811 1923 nudum
844 1887 989 1932 pulsum
1023 1887 1214 1934 paradiso,

325 1943 511 1980 Subditur
540 1943 689 1989 egregie
722 1943 857 1989 loseph
890 1943 1076 1989 matrique
1106 1944 1266 1981 Mariae.

234 2001 284 2038 10
332 2000 380 2037 Se
412 1999 631 2036 circumcidi
661 1999 805 2046 patitur
838 1996 948 2050 [ri]tu
979 1999 1129 2045 puerili,

329 2056 434 2094 Sicut
465 2060 644 2102 peccator
673 2056 710 2092 in
742 2057 883 2103 templo
914 2055 1148 2106 purificatur⁷

334 2113 499 2150 Crimina
532 2113 659 2150 delere
690 2113 753 2159 qui
784 2114 902 2149 scitur
931 2118 1061 2150 nostra
1092 2113 1231 2151 valere.

331 2169 408 2207 Sub
442 2170 584 2207 ditione
615 2169 699 2216 pari
732 2169 911 2216 baptismi
942 2168 1047 2206 fonte
1078 2169 1211 2215 lavari,

326 2227 395 2272 Qui
428 2226 503 2263 sibi
534 2237 666 2262 servus
699 2232 792 2273 erat,
825 2226 872 2263 ab
905 2237 948 2263 eo
980 2226 1171 2273 dignando
1202 2225 1366 2265 volebat.

230 2284 280 2322 15
328 2283 456 2320 Fortis
488 2287 536 2328 et,
569 2288 610 2319 ut
640 2283 771 2331 nostis,
805 2283 1053 2330 temptamina
1083 2282 1241 2329 pertulit
1271 2282 1401 2332 hostis,

327 2341 361 2377 A
392 2340 497 2377 nullo
527 2344 651 2376 tactus
682 2340 852 2386 lapidum
884 2339 1025 2385 refugit
1053 2350 1200 2386 quoque
1231 2339 1350 2376 iactus

326 2396 585 2443 Sustinuitque
617 2395 752 2433 famem
784 2397 1005 2443 plerumque
1036 2397 1118 2432 sitis
1152 2397 1364 2433 cruciamen

324 2455 382 2491 Ac
413 2453 627 2490 auditorum
660 2453 810 2499 plantas
842 2453 934 2490 lavit
966 2454 1048 2499 ipse
1079 2463 1243 2489 suorum.

325 2510 431 2547 Haec
460 2510 562 2546 intus
595 2508 708 2559 facta,
741 2510 911 2556 quamvis
942 2510 977 2546 vi
1011 2509 1179 2555 corporis
1210 2513 1308 2555 acta⁷

232 2567 284 2605 20
333 2567 418 2603 Non
450 2571 598 2613 poterat
630 2576 721 2602 sane
753 2566 874 2603 deitas
905 2566 984 2602 eius
1015 2567 1179 2605 latitare.

324 2622 451 2659 Verbo
484 2622 611 2659 divino
642 2623 801 2659 mutavit
831 2633 963 2669 aquam
997 2622 1071 2659 cito
1102 2623 1203 2667 vino,

325 2679 487 2717 Orbatos
519 2679 601 2715 visu
632 2679 785 2715 vestivit
815 2679 967 2715 luminis
996 2689 1078 2728 usu,

326 2736 445 2773 Sanos
476 2734 664 2772 reddebat
695 2735 877 2782 leprosos,
911 2745 1078 2781 quosque
1108 2734 1274 2777 videbat,

330 2793 464 2830 Patres
497 2790 696 2828 defunctos
727 2791 828 2828 iubet
861 2793 942 2837 ipse
973 2801 1170 2838 resurgere
1201 2795 1368 2831 cunctos,

231 2851 282 2888 25
331 2849 469 2886 Omnes
501 2847 669 2894 curabat,
702 2859 794 2895 quos
826 2844 981 2899 [anuae
1013 2848 1068 2885 vis
1103 2847 1333 2896 debilitarat‚

325 2906 424 2952 Quos
455 2915 566 2941 cruor
595 2905 783 2951 impium,
817 2903 938 2941 fluxus
970 2905 1036 2941 hos
1067 2904 1149 2951 ipse
1181 2904 1390 2943 restrinxit.
