1914 3223
729 166 1010 203 —4;;-

271 280 308 319 2.
355 278 420 316 Nil
454 278 524 315 hoc
554 277 725 325 profecto
754 279 883 323 purius
917 278 1108 325 mysterio,

352 336 432 382 Quo
464 335 560 372 fibra
591 334 716 371 cordis
748 335 923 380 expiatur
953 335 1069 376 uvidi,

351 392 607 438 Intemperata
639 401 711 437 quo
744 390 944 427 domantur
976 391 1132 439 viscera,
1209 429 1212 432 Δ

353 448 501 486 Arvina
530 452 678 495 putrem
710 457 756 483 ne
788 447 969 483 resudans
1000 448 1193 494 crapulam

353 503 670 551 Obstrangulatae
701 504 835 540 mentis
866 504 1055 550 ingenium
1088 507 1246 551 premat.

272 620 308 657 3.
360 617 463 654 Hinc
494 615 718 663 subiugatur
748 616 857 652 luxus
888 621 925 651 ct
956 617 1078 662 turpis
1108 617 1208 663 gula,

354 673 445 712 Vini
476 677 589 719 atque
620 673 740 709 somni
773 672 936 719 degener
967 673 1154 721 socordia,

354 729 493 767 Libido
524 730 694 779 sordens,
727 729 1005 766 inverecundus
1038 729 1143 776 lepos

351 786 562 832 Variaeque
594 790 721 833 pestes
753 786 1015 832 languidorum
1038 796 1213 822 sensuum

352 843 510 880 Parcam
541 842 719 879 subactae
751 842 990 890 disciplinam
1023 843 1201 882 sentiunt.

273 959 313 995 4.
360 955 458 992 Nam
490 955 521 991 si
552 955 712 991 licenter
742 954 918 991 diffluens
949 958 1039 1001 potu
1071 959 1107 991 et
1137 955 1221 992 cibo

350 1011 480 1049 Ieiuna
511 1012 584 1048 rite
615 1011 783 1049 membra
814 1022 888 1048 non
920 1021 1108 1057 coerceas,

349 1069 528 1115 Sequitur
559 1067 748 1116 frequenti
780 1067 951 1106 marcida
981 1068 1231 1105 oblectamine

349 1124 523 1163 Scintilla
553 1125 691 1162 mentis
721 1129 763 1162 ut
794 1129 965 1172 tepescat
994 1125 1145 1171 nobilis,

346 1182 580 1229 Animusque
611 1181 730 1229 pigris
761 1186 898 1219 stertat
927 1185 967 1218 ut
995 1182 1244 1228 praecordiis.

268 1299 303 1334 5.
350 1295 565 1332 Frenentur
595 1305 684 1342 ergo
715 1295 884 1342 corporis
916 1295 1127 1343 cupidines,

346 1352 509 1389 Detersa
539 1356 576 1388 et
606 1352 706 1388 intus
738 1351 873 1388 emicet
904 1352 1129 1400 prudentia3

348 1409 411 1447 Sic
441 1408 605 1445 excitato
636 1408 839 1455 perspicax
870 1409 1042 1446 acumine

346 1465 538 1511 Liberque
566 1462 659 1502 flatu
689 1465 834 1502 laxiore
865 1465 1021 1512 spiritus

345 1522 484 1559 Rerum
516 1526 712 1568 parentem
745 1521 884 1558 rectius
915 1521 1145 1570 precabitur.

262 1637 302 1674 6.
352 1635 439 1673 Elia
469 1635 537 1671 tali
570 1635 689 1671 crevit
719 1634 975 1683 observantia,

344 1692 461 1728 Vetus
490 1692 681 1737 sacerdos,
714 1692 813 1728 ruris
843 1691 980 1738 hospes
1011 1692 1123 1739 aridi,

345 1748 514 1795 Fragore
545 1748 593 1785 ab
624 1748 724 1785 omni
755 1759 863 1795 quem
895 1754 1080 1786 remotum
1111 1752 1149 1785 et
1178 1759 1370 1795 segregem

345 1804 545 1852 sprevisse
576 1805 731 1842 tradunt
765 1805 962 1842 criminum
995 1804 1247 1852 frequentiam

347 1861 462 1899 Casto
493 1860 678 1899 fruentem
713 1861 881 1909 Syrtium
914 1862 1078 1901 silentio.

274 1964 310 2004 7.
357 1963 433 2001 Sed
464 1975 550 2001 mox
580 1964 619 2000 in
650 1975 762 2001 auras
793 1964 912 2011 igneis
943 1964 1132 2012 iugalibus

350 2019 546 2067 Curruque
577 2024 709 2067 raptus
741 2021 907 2058 evolavit
936 2025 1131 2069 praepete,

346 2076 405 2114 Ne
438 2077 486 2114 de
516 2078 729 2125 propinquo
758 2077 925 2115 sordium
959 2078 1132 2125 contagio

343 2133 459 2171 Dirus
490 2134 657 2180 quietum
688 2135 850 2171 mundus
879 2133 1041 2172 adflaret
1070 2136 1206 2184 virum,

349 2190 448 2228 Olim
479 2190 652 2237 probatis
682 2191 852 2227 inclitum
884 2191 1047 2231 ieiuniis,

178 2285 319 2317 Collect.
353 2296 415 2317 ms.
450 2286 484 2318 S.
517 2285 684 2317 Iohannis
717 2286 936 2318 Laudunen?
969 2297 1058 2318 saec.
1095 2284 1146 2318 10.
1202 2287 1285 2319 Cod.
1318 2287 1464 2318 Bernen.
1497 2284 1574 2317 455.
1607 2303 1652 2307 -

90 2326 121 2367 2,
146 2327 166 2361 2
192 2331 352 2372 expiatur
369 2331 492 2363 invidi.
510 2348 554 2352 —
572 2329 602 2365 6,
631 2329 647 2362 1
667 2332 784 2363 Helia.
804 2349 846 2353 —-
864 2332 943 2373 Vgl.
961 2333 1020 2363 Nr.
1039 2330 1070 2369 S,
1095 2343 1148 2364 wo
1166 2332 1223 2363 die
1240 2334 1324 2363 zwei
1343 2335 1457 2363 ersten
1475 2331 1649 2373 Strophen

88 2373 200 2407 dieses
226 2375 352 2408 Liedes
385 2376 436 2408 als
467 2377 695 2408 verbreiteter
723 2378 880 2418 Hymnus
906 2379 942 2408 in
972 2377 1033 2409 der
1058 2377 1257 2409 Fastenzeit
1285 2377 1470 2419 mitgeteilt
1495 2377 1647 2415 wurden,

89 2420 250 2496 wsshrend
274 2420 350 2453 hier
375 2422 495 2454 sieben
521 2422 693 2464 Strophen
718 2423 770 2454 als
796 2422 1005 2465 Tischgebet
1030 2423 1112 2454 oder
1128 2423 1367 2464 Tisohgesang
1389 2422 1580 2465 gebraucht
1598 2432 1649 2454 er-

90 2475 125 2496 ac
151 2476 261 2498 einen.

512 2555 571 2591 45.
607 2555 688 2598 (18.)
724 2556 872 2592 versus
897 2557 989 2600 post
1015 2556 1224 2592 Ieiunium.

641 2624 811 2663 (Cathem.
838 2626 933 2664 VIII,
962 2623 1093 2665 1—32).

360 2711 396 2748 1.
440 2710 604 2754 Christe,
640 2721 837 2748 servorum
868 2711 1034 2758 regimen
1066 2717 1229 2759 tuorum,

440 2766 624 2804 Mollibus
657 2767 720 2814 qui
751 2778 819 2804 nos
850 2768 1052 2805 moderans
1083 2767 1240 2805 habenis

444 2823 601 2860 Leniter
634 2822 761 2861 frenas
793 2822 992 2871 facilisque
1024 2829 1175 2870 saeptos

720 2880 822 2927 Lege
853 2891 1018 2918 coerces.
