2031 3289
1027 192 1303 233 -82-

794 358 844 393 76.
880 359 938 401 (3.)
974 357 1100 394 Oratio
1129 357 1173 393 ad
1200 359 1347 394 sanctos
1371 359 1542 405 Angelos.

406 475 440 513 1.
475 473 625 510 Summe
655 474 988 520 potentissimeque
1217 476 1253 512 3.
1286 475 1441 522 Throni,
1476 475 1748 513 dominationes

528 531 709 568 Caelestis
739 530 908 575 militiae,
1342 531 1393 568 Et
1424 532 1581 570 virtutes
1611 533 1753 582 igneae,

477 587 588 636 „Quis
619 590 660 623 ut
690 586 819 623 Deus“
853 585 1053 631 nominate,
1284 587 1421 634 Angeli
1451 588 1752 638 archangelique,

527 643 695 680 Michacl
726 639 1002 692 ar[c.hangele],
1342 644 1554 681 Potestates
1586 645 1760 694 caelicae,

471 699 679 736 Primorum
711 700 867 746 primus,
900 699 1080 735 assistens
1287 699 1419 736 Miseri
1451 701 1684 738 calamitates

525 755 719 792 Maiestati
752 755 889 802 regiae,
1342 757 1545 793 clementer
1576 758 1765 804 respicite.

401 869 439 906 2.
471 867 613 914 Tuque,
647 865 831 904 fortitudo
860 867 943 916 Dei,
1215 870 1253 907 4.
1286 868 1337 905 Et
1367 869 1399 905 si
1430 867 1554 916 foeda,
1586 880 1696 916 quam
1727 871 1908 917 commisi,

527 923 684 961 Gabriel
715 924 936 969 clarissime,
1343 936 1426 962 mea
1456 925 1505 961 sit
1536 926 1763 971 obscenitas,

471 980 520 1016 Et
553 980 727 1017 caelestis
759 981 958 1028 medicina,
1286 982 1355 1018 Cui
1387 983 1467 1018 iure
1497 982 1716 1029 indignetur

526 1037 697 1084 Raphael
731 1037 977 1085 sanctissime,
1059 1052 1063 1054 ·
1340 1042 1467 1074 vestra
1498 1039 1639 1076 munda
1668 1039 1826 1089 puritaS,

473 1094 607 1130 Preces
639 1104 739 1130 meas
771 1093 914 1140 pictate
1284 1094 1402 1141 Cogat
1434 1099 1571 1143 tamen,
1604 1099 1645 1132 ut
1674 1096 1856 1142 ignoscat,

525 1149 695 1197 Benigna
725 1150 928 1187 admittite.
1340 1162 1405 1188 vos
1437 1157 1562 1188 vestra
1593 1151 1816 1199 benignitas.

473 1262 662 1294 collectan.
682 1272 742 1292 ms.
763 1263 796 1294 S.
816 1262 929 1303 Sergii
949 1261 1209 1304 Andegavensis
1228 1272 1317 1293 saec.
1340 1260 1388 1292 ll.
1423 1262 1505 1294 Cod.
1520 1262 1740 1305 Andegaven.
1758 1260 1824 1294 283
1838 1260 1942 1303 (274).

507 1452 557 1486 77.
593 1453 650 1494 (4.)
686 1449 814 1487 Oratio
841 1451 886 1486 ad
913 1452 1059 1488 sanctos
1087 1451 1328 1488 Patriarchas
1355 1454 1393 1488 et
1422 1453 1588 1488 sanctum
1614 1451 1822 1488 Iohannem.

403 1570 438 1606 1.
473 1569 714 1605 Excellentes
744 1569 983 1615 patriarchae
1212 1572 1250 1608 2.
1282 1570 1345 1607 Ad
1385 1580 1540 1616 quorum
1571 1573 1722 1614 sortem,
1755 1570 1939 1607 Iohannes

525 1631 561 1661 ct
592 1626 800 1672 prophetae
830 1626 979 1672 providi
1339 1626 1511 1674 gloriose,
1543 1626 1720 1672 pertines,

470 1683 605 1729 Regem
640 1693 766 1729 regum
799 1683 990 1720 exorando
1280 1682 1350 1729 Qui
1382 1682 1558 1719 mortales
1590 1683 1687 1719 inter
1717 1694 1844 1720 omnes

522 1739 595 1775 sint
626 1739 733 1775 nobis
765 1739 933 1786 propitii,
1337 1740 1440 1775 nullo
1471 1738 1593 1775 minor
1623 1740 1775 1785 emines,

465 1796 533 1841 Qui
566 1796 622 1831 illi
655 1796 963 1841 complacuerunt
1281 1795 1362 1841 Qui,
1388 1796 1485 1842 quod
1511 1796 1632 1831 cuncti
1651 1797 1936 1842 praedixerunt,

520 1864 587 1898 per
620 1852 792 1888 virtutem
827 1852 927 1890 fidei.
1337 1852 1572 1889 ostendendo
1604 1852 1751 1892 edoces.

750 1956 786 1992 2³3.
823 1954 947 2003 Virgo,
981 1959 1127 2000 martyr
1158 1958 1193 1990 ct
1225 1954 1393 2001 baptista

873 2016 910 2047 et
941 2021 1166 2057 praecursor
1200 2011 1363 2053 Domini,

820 2068 1020 2114 Propheta,
1054 2068 1138 2115 plus
1169 2079 1278 2114 quam
1311 2067 1500 2114 propheta

873 2129 985 2171 atque
1018 2125 1140 2162 cultor
1171 2125 1299 2170 eremi,

817 2181 895 2218 Mei
926 2185 963 2217 te
994 2181 1162 2228 rogantis
1193 2181 1292 2218 servi

871 2238 1052 2275 miserere
1080 2238 1221 2276 miseri.

468 2339 656 2370 Collectau.
675 2349 736 2370 ms.
756 2338 789 2369 S.
809 2338 921 2379 Sergii
939 2339 1200 2380 Andegavensis
1218 2348 1306 2370 saec.
1327 2336 1378 2369 ll.
1411 2337 1494 2370 Cod.
1514 2338 1733 2379 Andegaven.
1751 2335 1817 2369 283
1831 2335 1933 2376 (274).

654 2518 706 2553 78.
744 2519 804 2562 (5.)
839 2516 962 2554 Oratio
989 2517 1033 2553 ad
1059 2518 1225 2553 sanctum
1252 2517 1401 2553 Petrum
1427 2516 1656 2564 Apostolum.

394 2625 430 2662 1.
463 2624 492 2661 O
525 2624 702 2670 princeps
734 2623 1002 2670 apostolorum,
1208 2624 1245 2660 2.
1279 2623 1402 2660 Petre.
1437 2623 1539 2659 cuius
1571 2634 1684 2669 supra
1716 2627 1861 2669 petram

520 2681 623 2727 regni
655 2681 729 2718 Dei
761 2680 940 2726 claviger,
1334 2677 1616 2716 fundamentum
1647 2679 1782 2716 stabile

462 2737 699 2773 (hristianac
731 2737 901 2774 veritatis
1275 2736 1507 2772 collocatum
1540 2736 1801 2782 firmatumque

519 2794 651 2831 ‹hic-tor
681 2798 792 2840 atquc
824 2792 969 2840 legifer,
1331 2793 1500 2829 novimus
1532 2792 1714 2829 ccclesiae

466 2850 620 2886 {livinae
653 2850 930 2899 praeceptionis
1271 2850 1303 2885 A
1337 2860 1491 2898 summo,
1526 2849 1591 2885 scd
1626 2848 1827 2895 reprobato

517 2911 694 2952 operator
725 2907 898 2953 impiger,
1329 2906 1498 2951 angulari
1531 2906 1670 2953 lapido,
