2031 3289
228 322 294 359 33.

224 440 292 477 34.

226 558 292 596 35.

227 676 292 713 36.

229 793 294 832 37.

226 912 291 950 38.

226 1031 292 1068 39.

223 1149 289 1186 40.

223 1267 289 1304 41.

223 1386 290 1425 42.

219 1504 289 1542 43.

221 1617 288 1655 44.

223 1730 290 1768 45.

214 1802 290 1880 46.

222 1954 289 1993 47.

223 2069 289 2107 48.

223 2183 289 2220 49.

225 2296 290 2333 50.

225 2408 291 2445 51.

226 2635 292 2672 53.

226 2748 290 2785 54.

225 2859 292 2895 55.

844 227 899 232 —
957 205 1039 246 502

340 319 552 358 Morantem
583 319 698 356 tantis
729 318 876 366 gaudiis

337 376 499 414 Chorum
530 376 630 414 vitae
660 375 853 422 perpetuis

338 437 575 476 Promissum
607 437 714 484 virgo
746 436 885 474 caelica

335 494 472 541 Sponsi
504 494 625 531 cernit
649 504 719 540 per
747 493 929 540 praemia,

338 554 501 593 Auctori
530 556 658 592 iuncta
688 555 854 593 omnium

338 612 449 649 Vitae
479 612 592 649 sumit
622 611 782 658 initium,

340 673 482 712 Taedis
513 673 688 720 splendet
715 672 966 721 sponsalibus,

341 732 438 777 Quot
469 730 654 776 processit
686 729 900 775 virtutibus,

340 791 513 842 Emerge,
549 791 670 828 dulcis
701 790 791 837 filia,

337 849 492 885 Nitesce
521 848 608 897 iam,
646 847 880 895 virguncula,

340 909 532 957 Regnanti
563 920 718 957 regnum
750 909 891 958 obviat,

340 967 489 1004 Christo
521 977 660 1013 sponso
691 976 731 1002 se
763 966 923 1003 collocat

338 1027 387 1066 In
429 1028 561 1065 mundi
592 1028 781 1074 quondam
812 1038 970 1075 vespere

337 1087 455 1132 Quam
486 1095 560 1122 nox
591 1085 730 1131 pressit
760 1085 948 1134 miseriae,

334 1146 422 1185 Non
453 1146 553 1183 ultra
583 1146 705 1193 vergit
736 1147 903 1194 pendula

334 1204 522 1240 Eventum
555 1213 680 1239 rerum
714 1203 829 1241 dubia

336 1263 546 1304 Gratanter
575 1265 703 1302 iuncta
733 1265 898 1312 principi

334 1322 505 1358 vestitur
535 1321 633 1358 stola
665 1321 822 1368 duplici,

337 1383 494 1431 Regalis
525 1394 663 1429 pompa
694 1383 852 1420 thalami

339 1440 524 1477 Pulchrae
555 1438 749 1486 profertur
780 1441 931 1488 virgini,

336 1501 528 1548 Astringit
559 1501 670 1538 istam
701 1513 871 1548 purpura

335 1561 454 1605 Auro,
487 1558 642 1605 gemmis
674 1558 854 1607 interlita,

336 1613 500 1662 Cingunt
532 1614 704 1651 armillae
735 1614 890 1651 brachia

334 1672 385 1710 Et
417 1671 590 1708 dextram
623 1670 893 1719 dextrochiria,

336 1727 458 1766 Istam
491 1727 764 1765 discriminalia

337 1785 497 1823 Comunt
528 1768 780 1830 olfactoriola,

338 1840 458 1880 Aevis
490 1839 599 1887 fulgit
631 1840 901 1886 splendoribus

336 1899 387 1936 Et
418 1897 589 1944 mysticis
621 1896 828 1943 ornatibus,

337 1953 529 2005 Quaenam
560 1953 622 1989 hic
652 1958 728 1990 tam
760 1952 929 1991 mirificis

337 2011 516 2049 Ornanda
543 2014 598 2046 tot
629 2010 809 2056 induniis,

336 2066 458 2114 virgo
490 2067 630 2104 sericas
662 2066 852 2115 sindones,

337 2125 520 2168 OE'eristra,
552 2122 799 2169 periscelides

336 2179 469 2227 Amor,
501 2192 522 2217 0
556 2179 717 2224 Christe,
752 2179 908 2226 virginis

337 2237 450 2275 Unda
481 2237 701 2283 redemptae
732 2237 938 2284 sanguinis,

338 2292 477 2331 Sancte
508 2297 722 2330 sanctorum
755 2293 927 2338 Domine,

338 2351 426 2397 Quis
458 2350 528 2387 hoc
558 2348 675 2385 stabit
706 2350 744 2385 in
775 2360 942 2397 munere,

337 2405 471 2443 Tantis
504 2405 612 2443 donis
643 2410 682 2442 ut
711 2405 846 2452 dignus
878 2406 940 2450 sit,

337 2463 426 2509 Quis
457 2473 619 2509 unquam
647 2461 707 2498 hic
728 2462 782 2499 sic
805 2462 968 2513 proficit,

283 2550 290 2558 .
338 2518 452 2557 Alma
484 2520 602 2555 virtus
634 2517 815 2564 fidelium,

337 2576 502 2613 'suorum
536 2576 650 2612 decus
683 2575 832 2623 civium,

338 2631 480 2669 Beatus
513 2632 615 2669 urbis
647 2631 787 2677 accola,

340 2689 477 2726 Plcnae
510 2687 644 2725 festiva
676 2689 810 2735 gratia,

337 2743 521 2782 Inventus
553 2756 635 2782 cum
669 2745 847 2791 virgineis

338 2802 428 2838 Flos
457 2801 570 2838 stabit
603 2801 888 2845 conventiculis,

339 2856 504 2903 Tempus
536 2857 816 2895 interminabile

343 2914 518 2951 Paschali
552 2919 726 2951 constans
758 2914 891 2951 ordine

1039 320 1105 357 33.

1039 438 1104 476 34.

1039 556 1103 593 35.

1039 674 1104 713 36.

1039 792 1104 830 37.

1041 910 1106 948 38.

1040 1029 1106 1066 39.

1039 1147 1105 1185 40.

1037 1267 1102 1304 41.

1038 1385 1104 1422 42.

1038 1504 1104 1541 43.

1038 1617 1105 1654 44.

1039 1731 1106 1767 45.

1039 1843 1105 1880 46.

1041 1955 1106 1992 47.

1041 2069 1109 2106 48.

1042 2181 1107 2218 49.

1151 316 1285 365 Agnus
1317 318 1542 364 praecurrit,
1574 319 1723 366 agmina

1151 374 1275 421 Digna
1304 378 1511 421 sequuntur
1539 375 1655 413 milia.

1152 435 1296 474 Mutari
1326 446 1482 485 prorsus
1512 437 1650 482 nescia,
1679 481 1683 485 >

1152 492 1260 530 Statu
1282 492 1575 530 transscendens
1596 498 1779 540 tempora.

1148 553 1271 593 Vitali
1303 558 1453 600 sceptro
1484 554 1663 602 glorians,

1154 610 1247 657 Legi
1277 611 1402 648 carnis
1432 609 1500 647 flos
1534 611 1744 649 dominans.

1151 671 1337 710 Laetatur
1363 672 1458 709 lucis
1489 673 1624 719 gratia,

1152 731 1270 775 Quam
1302 727 1377 765 fert
1408 728 1516 765 iustis
1548 729 1706 769 iustitia.

1151 789 1323 828 Tandem
1354 790 1483 826 visura
1513 790 1678 827 nobilem

1152 847 1343 885 Christum
1365 846 1485 883 Deum
1518 850 1554 883 et
1580 847 1783 886 hominem.

1152 907 1238 946 Iam
1269 912 1471 955 regnatura
1501 909 1688 955 perpetim

1154 965 1273 1002 Donis
1305 965 1453 1002 collatis
1485 964 1640 1005 affatim.

1153 1026 1299 1064 Tuetur
1328 1027 1384 1063 sol
1414 1027 1617 1064 immobilis

1152 1083 1203 1120 Et
1233 1094 1307 1130 pax
1338 1083 1640 1123 interminabilis,

1151 1144 1314 1184 Yeraeis
1347 1143 1442 1182 festo
1474 1144 1624 1182 sabbati

1152 1202 1276 1239 Lucra
1307 1206 1450 1238 metens
1481 1202 1555 1238 iam
1586 1201 1690 1240 fidei.

1149 1264 1260 1302 Dona
1288 1269 1464 1310 suscepta
1494 1264 1668 1301 laudibus

1151 1321 1311 1368 Signans
1343 1325 1379 1357 et
1409 1320 1506 1357 votis
1538 1320 1711 1357 omnibus

1152 1381 1305 1421 ostrum
1337 1382 1495 1428 insigne,
1527 1382 1681 1428 specula

1150 1440 1268 1476 Vates
1299 1438 1491 1485 praedixit
1521 1439 1626 1479 talia.

1151 1501 1302 1539 Dotalis
1333 1506 1497 1547 torques,
1530 1501 1671 1549 lunula,

1152 1558 1281 1603 Mitra,
1315 1557 1409 1594 vitta
1441 1567 1523 1593 cum
1552 1557 1679 1596 fibula.

1151 1613 1299 1653 vernat
1330 1613 1468 1650 monile
1497 1614 1694 1661 gemmulis

1151 1672 1196 1708 In
1228 1680 1337 1708 aures
1368 1670 1505 1707 iunctis
1536 1670 1697 1707 annulis.

1153 1725 1299 1774 Lapilli
1331 1731 1488 1763 vernant
1519 1727 1642 1763 aureis

1152 1783 1272 1821 Huius
1303 1788 1440 1820 ornatu
1471 1783 1641 1830 guttulis.

1154 1838 1314 1878 Coronis
1345 1838 1453 1876 rubet
1485 1839 1608 1876 aureis

1152 1896 1271 1933 Victis
1302 1896 1516 1933 horrendis·
1537 1895 1706 1943 proeliiS.

1154 1952 1215 1990 Ex
1246 1956 1346 1989 torta
1377 1952 1490 1999 bysso
1522 1952 1685 1990 candida

1154 2010 1275 2047 Cocco
1306 2008 1363 2045 bis
1389 2009 1507 2046 tincto
1538 2008 1702 2046 florida?

1155 2065 1286 2103 Dotali
1317 2066 1428 2102 sumit
1459 2066 1637 2113 pignore,

1154 2123 1184 2160 Ο
1216 2122 1331 2159 vestis
1364 2121 1477 2158 decor
1508 2122 1711 2168 mysticae!

1154 2177 1203 2216 In
1235 2178 1306 2215 hac
1337 2182 1374 2214 te
1404 2177 1479 2215 fixa
1510 2177 1632 2225 gratia

1153 2236 1256 2281 Quae
1278 2234 1390 2282 digne
1412 2234 1569 2271 laudant
1587 2233 1782 2271 carmina?

1155 2290 1266 2329 Notis
1298 2291 1372 2327 tuis
1403 2291 1502 2336 quod
1535 2301 1754 2338 praeparas,

1155 2348 1266 2384 Vices
1299 2357 1422 2384 rerum
1454 2352 1493 2384 ut
1526 2347 1718 2386 terminas.

1100 2438 1106 2445 .
1153 2403 1309 2443 Iactura
1338 2404 1426 2440 licet
1457 2404 1620 2440 omnium

1153 2462 1208 2498 Te
1229 2465 1396 2509 quaerat,
1423 2470 1527 2506 spem
1552 2459 1786 2497 viventium?

1155 2516 1246 2556 Sion
1280 2516 1383 2553 urbis
1415 2517 1608 2553 introitum

1153 2574 1243 2619 Quis
1284 2572 1438 2609 habebit
1481 2578 1515 2609 et
1549 2572 1787 2619 praemium?

1099 2660 1106 2668 .
1154 2629 1291 2668 Totum
1333 2629 1469 2666 bonum
1501 2630 1563 2676 qui
1596 2629 1785 2675 vendicat,

1153 2687 1261 2732 Quod
1293 2697 1337 2723 ex
1369 2691 1477 2732 parte
1508 2686 1766 2732 praeviderat.

1153 2742 1301 2782 Vernat
1332 2743 1370 2779 in
1403 2747 1510 2788 patre
1541 2743 1705 2779 omnium

1155 2800 1261 2838 Unus
1292 2810 1398 2835 amor
1428 2799 1661 2838 laetantium.

1101 2886 1110 2895 .
1157 2856 1301 2893 Estatis
1333 2860 1416 2892 ortu
1449 2855 1628 2897 tenditur,

1157 2914 1237 2959 Quo
1268 2911 1375 2949 labor
1406 2911 1525 2949 omnis
1555 2912 1714 2948 tollitur.
