2031 3289
0 862 8 1058 ᾼἎῈῼᾼῚῌἮ
2 797 9 847 φῖ,
2 761 9 786 ,Ἰ

398 312 464 357 12.

403 1088 469 1127 13.

408 1852 472 1893 14.

1015 216 1059 220 -
1123 193 1204 234 356
1264 216 1314 220 --

496 311 548 348 Et
578 309 634 346 sie
665 313 701 345 te
732 308 869 344 trinum
902 309 1015 345 aliter

494 367 694 412 Unumque
727 364 974 411 dissimiliter,

554 421 630 460 Fili
661 421 780 467 patris
810 420 981 468 ingeniti,

497 479 653 522 Dieam;
686 477 754 513 hoc
787 481 842 512 est
876 477 1075 525 veraciter,

498 535 594 572 Nam
623 539 660 570 te
692 533 993 569 substantialiter

554 591 710 629 Unitate
739 590 924 635 suppositi

498 647 653 684 Trinum
687 646 824 682 debent
857 645 1037 691 neophyti

499 703 666 742 Credere
697 706 734 738 et
766 702 964 749 decrepiti,

555 759 639 796 Hoc
668 762 792 795 tamen
823 758 1084 804 temporaliter

498 817 568 860 Ita,
601 816 699 862 quod
732 814 855 862 primo
886 815 1007 861 stipiti

498 873 606 918 Insit,
639 872 698 908 cui
725 882 912 917 nunquam
945 871 1082 918 restiti,

556 929 714 974 Semper
745 938 826 964 esse
857 928 1090 973 perenniter.

500 1087 607 1124 Haec
637 1090 759 1122 autem
791 1086 843 1122 ita
875 1086 1008 1130 sentio,

502 1144 607 1190 Quod
641 1142 793 1179 deitatis
824 1143 979 1189 proprio

561 1200 718 1244 Semper
748 1199 799 1234 sis
831 1199 1085 1245 aeternaliter,

504 1256 610 1301 Quod
643 1261 814 1301 sumptae
844 1256 966 1290 carnis
998 1255 1084 1292 unio

504 1312 688 1359 Yirginali
719 1313 755 1347 in
789 1312 929 1358 gremio

560 1370 715 1414 incepta
746 1367 1007 1414 temporaliter

505 1426 757 1471 Intellegatur
786 1425 910 1469 aliter,

503 1482 552 1519 Et
585 1482 683 1528 quod
718 1481 866 1517 dicatur
895 1480 1066 1527 tirmiter,

551 1539 643 1577 ¹Non
677 1548 805 1574 carere
838 1538 1035 1584 principio,

505 1594 578 1632 Sed
611 1595 664 1630 sic
695 1605 846 1630 manere
878 1594 1023 1640 pariter

507 1652 597 1688 Sine
629 1650 702 1687 fine
734 1651 953 1697 perenniter

564 1707 762 1753 Nunquam
801 1708 926 1744 dando
959 1707 1135 1745 divortio.

508 1855 645 1892 Passus
677 1859 800 1891 tamen
835 1855 1037 1891 divortium

508 1911 645 1953 Fuisti,
679 1911 764 1947 dum
796 1912 1024 1958 supplicium

567 1967 784 2005 Sustinuisti
815 1968 996 2016 moriens,

509 2025 605 2061 Nam
637 2029 723 2061 tuae
755 2025 879 2060 carnis
910 2025 1047 2061 atrium

509 2081 676 2127 Reliquit
707 2085 741 2116 et
772 2081 972 2127 hospitium

564 2138 702 2174 Anima
731 2138 820 2174 inde
852 2139 1002 2183 exiens;

510 2194 584 2231 Sed
617 2199 815 2240 utrumque
847 2195 1064 2231 custodiens

510 2251 559 2287 Et
591 2261 613 2286 a
644 2256 776 2287 neutro
809 2250 1006 2295 diffugiens

568 2307 730 2343 Deitatis
762 2308 988 2344 consortium

512 2364 749 2400 Resolidavit
779 2365 911 2400 uniens

511 2421 657 2468 Partes,
690 2420 789 2457 ultra
822 2432 893 2457 non
925 2421 1074 2466 patiens

571 2478 652 2514 Pati
684 2487 746 2513 eas
779 2477 991 2514 discidium.

418 2624 480 2661 15.
514 2624 652 2660 Trinus
683 2624 737 2659 sic
767 2634 806 2659 es
834 2623 1045 2661 substantia

515 2680 693 2726 Unusque
725 2690 884 2726 persona
916 2681 990 2728 dia,

571 2736 739 2783 Simplex
784 2741 817 2772 et
849 2737 1141 2787 incompositus,

516 2794 556 2829 Iu
589 2799 625 2828 te
657 2798 809 2839 reperta
839 2798 924 2830 sunt
955 2794 1040 2841 tria,

517 2850 649 2887 Deitas
681 2854 715 2885 et
747 2850 905 2886 materia

574 2906 704 2942 Carnis
732 2917 812 2943 cum
837 2905 956 2943 forma
976 2907 1144 2953 spiritus.

1217 746 1281 784 16.

1222 1515 1286 1554 17.

1230 2285 1293 2323 18.

1312 307 1390 343 Ista
1420 306 1494 343 tria
1523 309 1565 342 ut.
1594 306 1768 353 primitus

1311 361 1458 400 Ca‘lere
1490 368 1646 409 possunt
1676 364 1826 409 penitus

1369 419 1444 457 Sub
1476 419 1506 456 Ο
1538 423 1574 454 et
1604 419 1731 465 Alpha
1762 420 1916 466 praevia

1312 477 1381 516 Ita,
1415 475 1514 521 quod
1545 475 1593 511 sit
1623 475 1822 522 impositus

1311 531 1507 569 Ambabus
1537 532 1669 568 modus
1701 532 1850 569 debitus

1369 589 1418 624 Et
1450 586 1544 624 fides
1574 599 1649 624 non
1679 588 1727 624 sit
1755 588 1879 627 obvia.

1351 746 1442 791 lpha
1473 745 1542 781 sub
1573 746 1713 791 trigoni
1745 746 1868 783 tribus

1314 801 1427 838 Conis
1458 802 1760 847 pyramidalibus

1370 859 1491 896 Facta
1521 859 1657 894 trinam
1680 858 1943 908 substantiam,

1295 915 1441 952 *Certis
1473 914 1778 951 distinctionibus

1316 971 1582 1008 Distinetamet
1615 971 1842 1019 disparibus,

1373 1028 1547 1065 Ostendit
1580 1032 1616 1063 et
1647 1028 1848 1076 trifariam,

1317 1086 1441 1123 Conus
1471 1084 1644 1130 superior
1675 1085 1786 1130 diam,

1315 1139 1521 1178 Inferiores
1552 1141 1662 1177 aliam

1372 1198 1516 1245 Binam,
1531 1208 1640 1244 quam
1653 1208 1723 1244 pro
1738 1198 1947 1237 bominibus

1306 1254 1568 1301 ‘Assumpsisti
1598 1255 1636 1290 in
1668 1255 1807 1291 sociam

1317 1311 1368 1348 Et
1398 1310 1511 1347 unisti
1542 1310 1581 1347 in
1612 1311 1805 1358 propriam

1374 1367 1564 1405 Iunctu1·is
1595 1368 1875 1414 perennalibus.

1319 1515 1439 1552 Stella
1471 1517 1564 1552 duce
1593 1521 1630 1551 te
1661 1521 1883 1562 quaerentes

1318 1572 1413 1608 Tres
1445 1572 1542 1619 magi
1574 1575 1684 1619 teque
1715 1573 1881 1610 colentes

1376 1628 1535 1674 Triplici
1568 1629 1656 1665 dato
1686 1640 1851 1678 munere,

1318 1685 1412 1721 Tres
1446 1685 1592 1722 Mariae
1624 1687 1816 1722 venientes

1320 1742 1379 1778 Ad
1414 1742 1655 1788 sepulchrum
1684 1747 1721 1779 te
1754 1743 1921 1780 volentes

1376 1798 1620 1835 Aromatibus
1650 1810 1801 1848 ungere,

1320 1853 1499 1901 Signiferi
1531 1854 1734 1902 signiferae

1321 1911 1391 1947 Tui
1426 1912 1555 1948 volunt
1587 1912 1819 1958 distinguere

1379 1967 1617 2005 Substantias
1650 1967 1865 2006 differentes

1323 2024 1401 2061 Has
1433 2029 1522 2074 tres,
1554 2036 1645 2071 quas
1676 2026 1770 2062 miro
1801 2035 1916 2072 opere

1324 2081 1365 2117 In
1397 2086 1504 2117 utero
1534 2092 1744 2128 puerperae

1382 2138 1541 2174 Iunxisti
1574 2138 1730 2175 visitans
1760 2142 1902 2185 gentes,

1327 2285 1415 2322 Sine
1446 2285 1566 2321 tribus
1597 2285 1654 2321 his
1685 2285 1796 2322 altari

1325 2341 1522 2387 Nunquam
1557 2342 1670 2379 debes
1701 2343 1854 2379 adorari

1382 2397 1463 2434 Nec
1495 2399 1598 2435 credi
1629 2410 1650 2434 a
1681 2398 1870 2444 fidelibus,

1325 2455 1366 2491 In
1400 2465 1535 2501 eorpus
1567 2454 1677 2491 habet
1708 2455 1843 2491 mutari
1899 2458 1902 2461 ’

1325 2512 1450 2557 Atque
1481 2511 1832 2548 transsubstantiari

1382 2568 1494 2605 Panis
1525 2567 1723 2605 verborum
1756 2567 1911 2617 viribus,

1325 2624 1462 2661 Anima
1493 2625 1727 2661 naturalibus

1327 2682 1414 2718 lure
1447 2681 1783 2718 concomitantibus

1385 2737 1552 2774 Nexibus
1584 2738 1693 2774 simul
1725 2737 1849 2785 ligari,

1326 2793 1471 2842 Deitas⁷
1503 2805 1576 2831 una
1606 2805 1651 2830 ex
1683 2794 1803 2831 tribus

1327 2851 1458 2889 Facta,
1491 2851 1605 2888 nullis
1636 2851 1870 2898 temporibus

1386 2907 1508 2944 Habet
1541 2908 1629 2944 inde
1659 2907 1841 2955 separari.
