1914 3223
66 312 135 364 221.
182 323 264 362 Non
295 326 350 360 est
379 332 471 369 opus
504 319 727 358 sermentato

183 380 273 419 Frui
295 388 390 428 pune
421 377 572 417 Christo
602 381 689 414 nato

238 436 294 474 De
325 441 398 473 tam
430 434 541 481 digna
573 434 730 482 virgine,

69 552 90 586 :3
105 561 138 588 a.
184 550 287 586 Haec.
316 552 371 586 est
401 548 503 585 scula
534 547 688 595 caelica,

184 606 253 642 Per
282 616 390 651 quam
423 604 547 651 proles
579 603 684 640 deica

238 661 395 698 Nostros
428 659 517 698 fines
548 660 663 705 adiit3

70 778 143 814 421.
184 774 287 812 Haec.
317 778 372 810 est
404 772 548 820 piscina
578 772 690 816 siloe,

182 831 286 867 llaec
317 834 369 866 est
402 840 491 866 arca
522 830 607 866 iusti
642 828 732 873 Noe,

239 887 341 924 llaec
371 891 425 923 est
457 884 528 924 Iris
560 885 735 927 foederis,

72 1003 142 1037 511.
176 999 277 1036 llaec
308 1003 361 1034 est
395 998 504 1034 stella
535 997 729 1042 matutina,

132 1082 133 1085 =
182 1056 284 1093 llaec
320 1060 372 1091 est
406 1065 489 1091 rosa
522 1064 652 1090 carens
684 1055 805 1100 spina,

183 1112 284 1148 Haec
315 1115 369 1147 ost
401 1111 508 1157 cella,
541 1122 613 1157 qua
646 1110 773 1146 divina
824 1131 831 1136 κ

241 1168 363 1205 Latuit
394 1168 568 1205 essentia.

70 1284 143 1320 oa.
187 1281 278 1317 Nam
312 1280 451 1318 subivit
481 1292 546 1317 rex
579 1280 625 1317 de
658 1280 771 1317 caelis

182 1338 271 1373 Cum
303 1337 423 1383 salute
455 1336 644 1374 Gabrielis

186 1394 351 1441 Portam,
384 1404 493 1440 quam
520 1393 730 1430 Ezechielis

238 1450 409 1487 Clausam
438 1450 557 1496 signat
591 1450 695 1488 visio.

72 1563 138 1601 ἵει.
178 1563 208 1600 Ο
240 1563 374 1611 Maria,
408 1561 489 1599 fons
522 1563 697 1607 dulcoris,

181 1619 276 1656 Reos
308 1619 360 1655 tui
391 1619 491 1656 rivos
523 1619 618 1656 roris

182 1676 365 1712 irroratos
399 1676 445 1712 de
475 1676 656 1712 maeroris

183 1732 284 1768 Lacu
314 1732 361 1768 ad
393 1732 597 1778 superioris

237 1788 357 1825 Aulae
388 1787 552 1826 transfer
581 1789 729 1837 gaudia,

797 204 877 246 :315
936 223 992 233 —-

873 319 946 358 2b.
985 318 1089 356 Haec
1120 321 1176 354 est
1207 316 1363 354 thronus
1394 310 1617 361 Salomonis,

986 375 1088 412 Haec
1118 378 1175 411 est
1205 372 1324 410 'vellus
1356 371 1558 417 Gedeouis‚

1044 432 1160 469 Sacro
1191 430 1346 468 madens
1376 428 1539 466 numine.

879 545 951 583 31».
992 545 1094 581 Haec
1126 549 1177 580 cst
1213 544 1313 581 lesse
1344 542 1503 590 virgula,

991 602 1047 638 Ex
1079 612 1150 647 qua
1182 601 1280 637 veris
1310 599 1472 647 primula

1045 657 1221 695 Gloriosa
1252 656 1407 704 prodiit.

876 770 949 809 41».
989 770 1150 807 Mundat
1181 769 1278 806 enim
1310 768 1524 815 inquinatos

991 827 1070 863 Nee
1100 838 1173 863 nou
1204 826 1326 863 salvat
1357 825 1577 862 emundatos

1048 883 1310 930 Foederatque
1340 882 1501 929 superis,

878 996 950 1035 5b*
991 996 1095 1033 Haec
1126 1001 1181 1032 est
1213 1007 1350 1042 parens
1381 996 1463 1032 sine
1492 1006 1597 1044 pare,

992 1053 1104 1099 Virgo
1136 1063 1268 1089 carens
1299 1053 1527 1100 exemplare,

989 1111 1090 1155 Quae
1121 1109 1293 1156 concepit
1324 1110 1404 1146 sine
1436 1120 1550 1157 mare,

1045 1166 1162 1202 Maris
1193 1177 1348 1213 prorsus
1379 1166 1516 1205 nescia.

877 1279 950 1318 6b.
988 1280 1101 1317 Porta
1132 1280 1197 1317 illa
1228 1280 1442 1328 singularis,

990 1337 1105 1374 Porta
1135 1346 1224 1374 vere
1255 1337 1444 1382 salutaris,

990 1394 1064 1431 Par
1095 1393 1204 1441 vitro,
1236 1394 1336 1440 quod
1368 1394 1423 1431 vis
1453 1394 1590 1431 solaris

1046 1449 1129 1486 Non
1162 1450 1370 1497 corrumpit
1401 1450 1521 1488 radio.

877 1562 947 1601 71».
986 1563 1184 1599 Advocata
1215 1574 1236 1599 0
1268 1561 1443 1613 facunda,

987 1619 1068 1656 Tua
1097 1628 1210 1666 prece
1241 1631 1307 1656 nos
1339 1621 1513 1666 emunda,

987 1676 1223 1713 Emundatos
1256 1687 1323 1713 nos
1355 1675 1530 1720 fecunda.

991 1732 1040 1770 Ut
1071 1743 1094 1769 a
1123 1737 1242 1770 morte
1274 1745 1340 1770 nos
1371 1735 1537 1772 secunda

1044 1789 1126 1826 Tua
1156 1790 1277 1826 salvet
1306 1791 1439 1837 gratia.

568 1988 649 2024 338.
684 1989 765 2031 (40.)
800 1989 857 2024 De
883 1988 1121 2028 Nobilitate.

144 2093 413 2131 Cantilena
455 2095 510 2132 de
551 2096 734 2133 chorea
772 2106 923 2143 super
961 2097 1125 2143 illam,
1166 2108 1290 2145 quae
1331 2099 1540 2147 incipit:

71 2149 143 2196 Qui
169 2150 293 2195 yrieve
325 2162 386 2187 ma
416 2151 566 2189 comtise
593 2163 632 2190 se
663 2153 726 2189 iou
757 2152 811 2189 lai
843 2163 881 2190 ce
910 2163 970 2190 me
999 2153 1083 2200 font
1113 2158 1325 2194 amouretes
1352 2167 1426 2195 cau
1456 2168 1545 2195 cuer
1564 2157 1617 2196 ai.

412 2262 474 2301 R⁰
505 2264 694 2302 Nobilitas
723 2269 856 2303 ornata

567 2321 738 2359 Moribus

508 2377 657 2415 Nullam
689 2389 818 2426 parem
850 2379 965 2416 habet
994 2379 1032 2417 in
1064 2381 1226 2429 saeculo,

433 2478 476 2518 ’1.
507 2479 745 2528 Aspernatur
774 2472 930 2529 peecata

510 2535 696 2574 Nobilitas
725 2542 870 2586 ornata,

505 2592 589 2630 Non
619 2594 790 2640 superbit
821 2595 921 2633 elata

568 2650 738 2688 Cultibus

507 2706 601 2744 Suos
631 2717 764 2756 regens
793 2707 832 2745 in
862 2719 1007 2746 morum
1039 2711 1206 2756 speculo.

509 2807 695 2846 Nobilitas
725 2814 857 2848 ornata

568 2865 740 2903 Moribus

509 2921 659 2959 Nullam
690 2933 820 2970 parem
851 2925 965 2963 babet
995 2925 1031 2963 in
1064 2927 1226 2966 saeculo.
