2031 3289
966 182 1266 223 —388—

351 299 415 338 13.
450 298 635 335 Columba
665 308 750 333 mea
779 303 820 333 tu
850 297 924 332 eris

448 355 499 391 Et
539 364 596 390 me
636 354 757 400 ipsum
789 363 857 398 pro
888 352 1026 388 litteris

504 410 622 447 Geres
660 410 709 446 ad
741 408 870 445 mundi
900 409 1075 454 patriam,

447 466 504 503 Ibi
537 477 617 502 cuni
649 476 708 501 me
739 466 949 511 portaveris

448 523 521 560 Seu
552 523 692 558 ibidem
725 522 938 569 adveneris,

506 579 650 615 Mundo
683 577 790 614 dabis
821 577 1026 625 laetitiam,

449 635 534 672 Tibi
562 640 759 671 occurrent
792 633 939 669 obviam

448 691 648 728 Dicentes:
682 696 847 726 monstra
879 690 1024 736 copiam

506 748 748 791 Litterarum,
780 757 873 792 quas
895 754 935 782 tu
964 746 1076 792 geris,

450 804 556 840 Tunc
586 804 655 840 tibi
688 809 725 839 et
756 803 845 838 mihi
879 803 978 839 diam

449 860 609 898 Faciens
640 859 889 896 reverentiam

507 916 631 963 Signis
662 915 825 961 receptis
855 914 1034 953 foederis.

351 1018 415 1057 14.
444 1017 475 1056 Ο
504 1028 589 1053 mea
620 1016 882 1055 immaculata.

447 1075 508 1112 Ad
541 1074 611 1110 hoe
642 1074 715 1110 cito
747 1075 799 1110 sis
829 1077 975 1121 parata,

504 1130 603 1178 Quia
634 1136 762 1178 pater,
795 1132 909 1176 caput
938 1139 1078 1177 meum,

445 1187 608 1224 Plenum
644 1190 695 1223 est
722 1197 820 1233 rore,
854 1193 889 1222 et
921 1191 1028 1231 grata

445 1244 559 1280 Fiunt
593 1243 627 1279 ei
657 1243 750 1279 haec
781 1247 938 1289 pensata

506 1300 553 1336 Et
584 1310 624 1335 se
654 1304 772 1336 totum
807 1300 871 1336 dat
903 1309 1062 1346 roreum,

1164 680 1227 717 15.

1261 296 1414 345 VolenS,
1445 297 1545 343 quod
1576 297 1762 333 hominem
1783 306 1888 332 reum

1257 353 1311 390 Te
1342 363 1487 389 meeum
1516 353 1668 389 iuvante
1697 363 1793 398 eum,

1315 409 1540 445 Damnatum
1554 413 1710 455 propter
1720 410 1890 455 peccata,

1261 466 1336 502 Per
1367 466 1529 511 pretium
1562 465 1806 511 sanguineum

1261 522 1300 558 ln
1333 532 1438 557 suum
1471 521 1603 558 ducam
1636 521 1810 558 horreum

1321 577 1498 615 Passione
1524 582 1790 627 consummata.

1262 678 1446 716 Cim-inni
1475 678 1551 715 ‘mei
1580 678 1716 724 angeli,

1264 735 1368 772 Caeli
1402 736 1514 777 cives,
1547 734 1775 783 archangeli,

1319 792 1425 828 Pleni
1457 796 1542 828 sunt
1571 792 1687 839 guttis
1708 790 1890 837 noctium,

1261 846 1421 885 Roriflui
1451 848 1523 894 ipsi
1555 849 1649 885 caeli

1260 904 1370 941 Facti
1401 909 1498 946 sunt,
1532 915 1611 941 euin
1645 903 1816 941 Gabrieli

1320 961 1565 998 Commissum
1608 967 1664 996 est
1700 960 1890 1006 negotium

1260 1017 1324 1055 Ad
1355 1018 1565 1064 parandum
1595 1017 1798 1063 hospitium

1264 1076 1335 1112 Per
1365 1078 1530 1109 mutuum
1563 1072 1787 1119 colloquium

1317 1130 1369 1167 Et
1397 1131 1621 1166 amotionem
1653 1129 1739 1174 veli,

1261 1187 1370 1234 Quod
1401 1186 1469 1222 tibi
1501 1186 1771 1232 protectorium

1264 1243 1412 1280 Fuisset
1446 1248 1575 1279 contra
1606 1242 1757 1279 noxium

1318 1301 1438 1336 Ictum
1469 1299 1625 1336 alterius
1655 1298 1735 1336 teli.

874 1457 975 1493 Vox
1014 1455 1350 1502 paenitentis.

350 1549 414 1586 16.
446 1547 543 1586 Olim
576 1558 634 1584 me
663 1557 748 1583 mea
778 1546 911 1583 tunica

448 1604 613 1643 Sordida
645 1610 681 1640 et
713 1604 896 1640 mortifica

505 1661 703 1697 Paenitens
734 1660 953 1709 exspoliavi,

446 1717 643 1765 Quomodo
675 1717 746 1753 illa
780 1716 925 1753 lubrica

446 1774 602 1810 Induat·
633 1778 669 1809 et
702 1772 901 1810 damnifica

504 1830 590 1867 Sive
621 1828 722 1866 facta
752 1830 841 1866 mihi
874 1828 1008 1876 gravi?

448 1886 488 1923 Si
519 1887 613 1922 bene
644 1887 894 1929 consideravi,

450 1943 653 1980 Dissimilis
685 1953 804 1979 essem
835 1943 908 1987 avi,

503 2001 605 2046 Quae
645 2000 759 2035 semel
802 2004 912 2045 capta
944 1999 1080 2046 pedica

446 2055 646 2103 Nunquam
678 2056 749 2092 nisi
780 2056 855 2093 alia
887 2056 924 2091 vi

450 2113 575 2155 Redit,
610 2113 734 2159 potius
765 2112 871 2149 suavi

502 2169 681 2206 Abstinet
711 2174 861 2205 ostensa
892 2168 998 2206 mica.

352 2271 415 2311 17.
447 2270 551 2308 Lavi
580 2271 619 2307 in
650 2269 885 2308 confessione

448 2329 540 2365 Cum
572 2339 706 2374 magna
736 2328 960 2364 contritione

502 2384 620 2421 Pedes
650 2395 752 2421 meos
784 2389 819 2420 et
850 2384 1028 2431 affectus3

450 2441 644 2488 Quomodo
676 2441 872 2477 occasione

448 2499 699 2544 Quacumque.
733 2497 990 2534 communione

505 2554 682 2600 Corporis
715 2554 855 2591 Christi
887 2554 1062 2600 refectus,

447 2608 541 2647 Illos
573 2622 640 2656 per
671 2611 788 2647 malos
818 2610 970 2647 effeetus

444 2666 678 2717 Inquinabo,
711 2672 749 2703 ut
780 2667 948 2704 abiectus

505 2723 555 2760 Et
586 2723 720 2770 dignus
752 2722 969 2761 confusione

449 2780 554 2817 Fiant
587 2791 630 2816 ae
661 2780 767 2826 peior
797 2780 964 2828 effeetus,

450 2838 565 2882 Quam
603 2837 634 2872 si
666 2837 882 2874 mansissem
915 2834 1077 2873 infectus

507 2892 587 2929 Non
621 2898 769 2939 sumpta
800 2892 1029 2930 refectione?

1165 1548 1229 1587 18.

1165 2272 1228 2310 19.

1261 1547 1433 1584 Dilectus
1464 1547 1534 1584 Dei
1565 1546 1675 1596 filius,

1262 1605 1376 1641 Meus
1411 1603 1530 1640 factus
1561 1608 1749 1651 tamquam
1770 1603 1892 1651 prius,

1318 1661 1488 1697 Manum
1517 1671 1627 1698 suam
1653 1661 1701 1697 ad
1717 1665 1892 1697 ‘tutamen

1263 1717 1375 1754 Misit
1405 1717 1509 1766 mihi,
1543 1717 1631 1754 dum
1662 1717 1812 1764 saepius

1264 1773 1462 1810 Habitanti
1492 1772 1649 1810 inferius

1319 1830 1496 1877 Largitus
1528 1836 1585 1867 est
1615 1840 1853 1876 recreamen3

1262 1887 1395 1923 Totale
1423 1898 1544 1923 meum
1574 1887 1739 1924 solamen

1265 1944 1307 1980 In
1341 1944 1411 1980 hoc
1442 1943 1581 1980 mundo
1611 1949 1648 1979 et
1678 1943 1849 1981 levamen

1320 2000 1401 2046 Est,
1433 2000 1532 2047 quod
1565 2010 1647 2036 euin
1678 2000 1848 2050 interius,

1262 2057 1297 2093 A
1327 2067 1399 2103 quo
1428 2067 1548 2093 meum
1581 2061 1637 2092 est
1667 2056 1854 2106 iuvamen‚

1263 2115 1418 2151 Intueor
1444 2124 1513 2159 per
1541 2114 1732 2159 foramen,

1320 2170 1426 2214 Quod
1459 2169 1529 2205 sibi
1563 2168 1652 2206 fecit
1681 2169 1831 2216 impius.

1260 2272 1322 2309 Ad
1354 2277 1495 2308 tactum
1525 2272 1603 2308 eius
1636 2277 1791 2309 vexatus

1260 2328 1311 2365 Et
1342 2329 1513 2365 adversis
1544 2327 1754 2374 flagellatus

1320 2385 1455 2421 Venter
1484 2395 1589 2422 meus
1620 2385 1829 2433 intremuit,

1261 2441 1345 2478 Non
1378 2447 1499 2478 taetus
1531 2441 1589 2478 vel
1621 2442 1818 2489 excitatus,

1262 2499 1305 2535 ln
1337 2497 1528 2544 prosperis
1559 2503 1757 2544 soporatus

1317 2554 1570 2601 Neglegenter
1599 2566 1640 2590 se
1671 2554 1814 2601 habuit,

1262 2610 1499 2647 Conscientia
1531 2611 1647 2647 tacuit

1262 2667 1342 2704 Nec
1373 2678 1534 2713 unquam
1566 2667 1637 2704 sibi
1667 2666 1818 2704 miscuit

1318 2724 1508 2767 Dolorem,
1542 2724 1577 2759 vi
1608 2723 1809 2761 tribulatus

1263 2781 1346 2825 Fui,
1379 2791 1445 2816 cur
1475 2785 1596 2816 tactus
1628 2780 1797 2827 congruit

1261 2836 1370 2884 Mihi,
1402 2837 1574 2882 quoniam
1609 2837 1719 2873 diluit

1317 2893 1522 2931 Occasione
1555 2897 1692 2931 reatus,
