<?xml version="1.0" encoding="UTF-8"?>
<!DOCTYPE html PUBLIC "-//W3C//DTD XHTML 1.0 Transitional//EN"
    "http://www.w3.org/TR/xhtml1/DTD/xhtml1-transitional.dtd">
<html xmlns="http://www.w3.org/1999/xhtml" xml:lang="en" lang="en">
 <head>
  <title>
</title>
<meta http-equiv="Content-Type" content="text/html;charset=utf-8" />
  <meta name='ocr-system' content='tesseract 3.04.00' />
  <meta name='ocr-capabilities' content='ocr_page ocr_carea ocr_par ocr_line ocrx_word'/>
</head>
<body>
  <div class='ocr_page' id='page_1' title='image "./hymnographilatin01drevuoft_1068.png"; bbox 0 0 2031 3289; ppageno 0'>
   <div class='ocr_carea' id='block_1_1' title="bbox 936 218 1246 260">
    <p class='ocr_par' dir='ltr' id='par_1_1' title="bbox 936 218 1246 260">
     <span class='ocr_line' id='line_1_1' title="bbox 936 218 1246 260; baseline 0.006 -2"><span class='ocrx_word' id='word_1_1' title='bbox 936 218 1246 260; x_wconf 81' lang='lat'>—510—</span> 
     </span>
    </p>
   </div>
   <div class='ocr_carea' id='block_1_2' title="bbox 759 331 1422 719">
    <p class='ocr_par' dir='ltr' id='par_1_2' title="bbox 759 331 1422 719">
     <span class='ocr_line' id='line_1_2' title="bbox 759 331 1371 380; baseline -0.007 -9"><span class='ocrx_word' id='word_1_2' title='bbox 759 335 796 371; x_wconf 84' lang='lat'>9.</span> <span class='ocrx_word' id='word_1_3' title='bbox 848 331 929 371; x_wconf 88' lang='lat' dir='ltr'>Iam</span> <span class='ocrx_word' id='word_1_4' title='bbox 961 333 1174 380; x_wconf 81' lang='lat' dir='ltr'><strong>triumphat</strong></span> <span class='ocrx_word' id='word_1_5' title='bbox 1203 333 1371 370; x_wconf 87' lang='lat' dir='ltr'>aemulos</span> 
     </span>
     <span class='ocr_line' id='line_1_3' title="bbox 899 390 1369 434; baseline -0.002 -8"><span class='ocrx_word' id='word_1_6' title='bbox 899 390 1001 427; x_wconf 88' lang='lat' dir='ltr'>Laus</span> <span class='ocrx_word' id='word_1_7' title='bbox 1032 393 1180 427; x_wconf 90' lang='lat' dir='ltr'>tuorum</span> <span class='ocrx_word' id='word_1_8' title='bbox 1207 393 1369 434; x_wconf 85' lang='lat' dir='ltr'>actuum,</span> 
     </span>
     <span class='ocr_line' id='line_1_4' title="bbox 845 446 1282 492; baseline -0.002 -9"><span class='ocrx_word' id='word_1_9' title='bbox 845 446 944 484; x_wconf 87' lang='lat' dir='ltr'>Tuos</span> <span class='ocrx_word' id='word_1_10' title='bbox 976 447 1078 483; x_wconf 86' lang='lat' dir='ltr'>canit</span> <span class='ocrx_word' id='word_1_11' title='bbox 1108 446 1282 492; x_wconf 89' lang='lat' dir='ltr'>circulos,</span> 
     </span>
     <span class='ocr_line' id='line_1_5' title="bbox 899 502 1375 540; baseline -0.002 0"><span class='ocrx_word' id='word_1_12' title='bbox 899 502 1076 540; x_wconf 85' lang='lat' dir='ltr'>Celebrat</span> <span class='ocrx_word' id='word_1_13' title='bbox 1105 512 1242 539; x_wconf 89' lang='lat' dir='ltr'>nomen</span> <span class='ocrx_word' id='word_1_14' title='bbox 1271 506 1375 539; x_wconf 91' lang='lat' dir='ltr'>tuum</span> 
     </span>
     <span class='ocr_line' id='line_1_6' title="bbox 841 559 1234 605; baseline 0.003 -10"><span class='ocrx_word' id='word_1_15' title='bbox 841 559 1012 596; x_wconf 86' lang='lat' dir='ltr'>Aeterna</span> <span class='ocrx_word' id='word_1_16' title='bbox 1042 559 1234 605; x_wconf 83' lang='lat' dir='ltr'>memoria,</span> 
     </span>
     <span class='ocr_line' id='line_1_7' title="bbox 843 615 1263 662; baseline 0.002 -11"><span class='ocrx_word' id='word_1_17' title='bbox 843 615 931 652; x_wconf 91' lang='lat' dir='ltr'>Tibi</span> <span class='ocrx_word' id='word_1_18' title='bbox 961 615 1043 652; x_wconf 88' lang='lat' dir='ltr'>laus</span> <span class='ocrx_word' id='word_1_19' title='bbox 1075 618 1112 652; x_wconf 90' lang='lat' dir='ltr'>et</span> <span class='ocrx_word' id='word_1_20' title='bbox 1142 615 1263 662; x_wconf 87' lang='lat' dir='ltr'>gloria</span> 
     </span>
     <span class='ocr_line' id='line_1_8' title="bbox 905 671 1422 719; baseline 0.004 -11"><span class='ocrx_word' id='word_1_21' title='bbox 905 671 1016 708; x_wconf 88' lang='lat' dir='ltr'>Nunc</span> <span class='ocrx_word' id='word_1_22' title='bbox 1047 675 1082 708; x_wconf 87' lang='lat' dir='ltr'>et</span> <span class='ocrx_word' id='word_1_23' title='bbox 1114 671 1153 708; x_wconf 92' lang='lat' dir='ltr'>in</span> <span class='ocrx_word' id='word_1_24' title='bbox 1183 674 1422 719; x_wconf 88' lang='lat' dir='ltr'>perpetuum.</span> 
     </span>
    </p>
   </div>
   <div class='ocr_carea' id='block_1_3' title="bbox 306 752 1872 1159">
    <p class='ocr_par' dir='ltr' id='par_1_3' title="bbox 306 752 1872 1013">
     <span class='ocr_line' id='line_1_9' title="bbox 397 752 1872 798; baseline 0.003 -15"><span class='ocrx_word' id='word_1_25' title='bbox 397 752 511 794; x_wconf 84' lang='lat' dir='ltr'><strong>Epist.</strong></span> <span class='ocrx_word' id='word_1_26' title='bbox 538 754 579 785; x_wconf 91' lang='lat' dir='ltr'>V.</span> <span class='ocrx_word' id='word_1_27' title='bbox 612 771 656 775; x_wconf 90' lang='lat'>-—</span> <span class='ocrx_word' id='word_1_28' title='bbox 687 754 911 787; x_wconf 75' lang='lat' dir='ltr'><strong>Adulescenti</strong></span> <span class='ocrx_word' id='word_1_29' title='bbox 941 755 1150 787; x_wconf 85' lang='lat' dir='ltr'>clarissimo.</span> <span class='ocrx_word' id='word_1_30' title='bbox 1183 772 1228 776; x_wconf 77' lang='lat'>——</span> <span class='ocrx_word' id='word_1_31' title='bbox 1259 756 1324 786; x_wconf 92' lang='lat' dir='ltr'>Am</span> <span class='ocrx_word' id='word_1_32' title='bbox 1351 754 1504 787; x_wconf 82' lang='lat' dir='ltr'>Schluss:</span> <span class='ocrx_word' id='word_1_33' title='bbox 1539 755 1688 796; x_wconf 87' lang='lat' dir='ltr'>„Verum</span> <span class='ocrx_word' id='word_1_34' title='bbox 1720 756 1804 798; x_wconf 89' lang='lat' dir='ltr'>quia</span> <span class='ocrx_word' id='word_1_35' title='bbox 1836 758 1872 788; x_wconf 78' lang='lat' dir='ltr'>te</span> 
     </span>
     <span class='ocr_line' id='line_1_10' title="bbox 307 799 1870 842; baseline 0.003 -15"><span class='ocrx_word' id='word_1_36' title='bbox 307 799 459 837; x_wconf 75' lang='lat' dir='ltr'>cognovi</span> <span class='ocrx_word' id='word_1_37' title='bbox 486 800 735 840; x_wconf 80' lang='lat' dir='ltr'>promerendae</span> <span class='ocrx_word' id='word_1_38' title='bbox 761 801 931 832; x_wconf 86' lang='lat' dir='ltr'>scholaris</span> <span class='ocrx_word' id='word_1_39' title='bbox 957 810 1074 832; x_wconf 89' lang='lat' dir='ltr'>amore</span> <span class='ocrx_word' id='word_1_40' title='bbox 1097 801 1232 842; x_wconf 84' lang='lat' dir='ltr'>gloriae</span> <span class='ocrx_word' id='word_1_41' title='bbox 1258 804 1292 832; x_wconf 85' lang='lat' dir='ltr'>et</span> <span class='ocrx_word' id='word_1_42' title='bbox 1316 800 1498 831; x_wconf 85' lang='lat' dir='ltr'>dulcedine</span> <span class='ocrx_word' id='word_1_43' title='bbox 1523 799 1679 832; x_wconf 84' lang='lat' dir='ltr'>laetitiae</span> <span class='ocrx_word' id='word_1_44' title='bbox 1704 800 1870 833; x_wconf 82' lang='lat' dir='ltr'>iuvenilis</span> 
     </span>
     <span class='ocr_line' id='line_1_11' title="bbox 308 842 1868 887; baseline 0.003 -14"><span class='ocrx_word' id='word_1_45' title='bbox 308 842 472 881; x_wconf 83' lang='lat' dir='ltr'>illectum,</span> <span class='ocrx_word' id='word_1_46' title='bbox 503 848 634 884; x_wconf 87' lang='lat' dir='ltr'>quanta</span> <span class='ocrx_word' id='word_1_47' title='bbox 661 845 758 877; x_wconf 85' lang='lat' dir='ltr'>decet</span> <span class='ocrx_word' id='word_1_48' title='bbox 782 846 961 877; x_wconf 80' lang='lat' dir='ltr'>hilaritate</span> <span class='ocrx_word' id='word_1_49' title='bbox 986 845 1140 877; x_wconf 90' lang='lat' dir='ltr'>nobilem</span> <span class='ocrx_word' id='word_1_50' title='bbox 1162 847 1317 877; x_wconf 81' lang='lat' dir='ltr'>animum</span> <span class='ocrx_word' id='word_1_51' title='bbox 1334 848 1533 884; x_wconf 85' lang='lat' dir='ltr'>exspectata</span> <span class='ocrx_word' id='word_1_52' title='bbox 1549 845 1678 887; x_wconf 86' lang='lat' dir='ltr'>gaudia</span> <span class='ocrx_word' id='word_1_53' title='bbox 1693 846 1735 878; x_wconf 88' lang='lat' dir='ltr'>de</span> <span class='ocrx_word' id='word_1_54' title='bbox 1751 846 1868 878; x_wconf 89' lang='lat' dir='ltr'>baculi</span> 
     </span>
     <span class='ocr_line' id='line_1_12' title="bbox 306 887 1868 933; baseline 0.003 -15"><span class='ocrx_word' id='word_1_55' title='bbox 306 887 502 920; x_wconf 84' lang='lat' dir='ltr'>festivitate</span> <span class='ocrx_word' id='word_1_56' title='bbox 527 890 618 921; x_wconf 87' lang='lat' dir='ltr'>clero</span> <span class='ocrx_word' id='word_1_57' title='bbox 645 890 843 933; x_wconf 89' lang='lat' dir='ltr'>populoque</span> <span class='ocrx_word' id='word_1_58' title='bbox 864 895 945 923; x_wconf 88' lang='lat' dir='ltr'>tuae</span> <span class='ocrx_word' id='word_1_59' title='bbox 963 892 1118 922; x_wconf 82' lang='lat' dir='ltr'>civitatis</span> <span class='ocrx_word' id='word_1_60' title='bbox 1136 892 1173 922; x_wconf 90' lang='lat' dir='ltr'>in</span> <span class='ocrx_word' id='word_1_61' title='bbox 1190 892 1273 922; x_wconf 82' lang='lat' dir='ltr'>anni</span> <span class='ocrx_word' id='word_1_62' title='bbox 1290 891 1462 932; x_wconf 79' lang='lat' dir='ltr'>principio</span> <span class='ocrx_word' id='word_1_63' title='bbox 1481 890 1704 930; x_wconf 84' lang='lat' dir='ltr'>redditurum,</span> <span class='ocrx_word' id='word_1_64' title='bbox 1729 901 1868 923; x_wconf 86' lang='lat' dir='ltr'>carmen</span> 
     </span>
     <span class='ocr_line' id='line_1_13' title="bbox 308 933 1869 975; baseline 0.002 -11"><span class='ocrx_word' id='word_1_65' title='bbox 308 933 478 974; x_wconf 83' lang='lat' dir='ltr'>epistulae</span> <span class='ocrx_word' id='word_1_66' title='bbox 512 935 689 967; x_wconf 87' lang='lat' dir='ltr'>subditum</span> <span class='ocrx_word' id='word_1_67' title='bbox 721 938 821 968; x_wconf 90' lang='lat' dir='ltr'>mitto</span> <span class='ocrx_word' id='word_1_68' title='bbox 854 936 921 968; x_wconf 81' lang='lat' dir='ltr'>tibi</span> <span class='ocrx_word' id='word_1_69' title='bbox 956 936 999 968; x_wconf 92' lang='lat' dir='ltr'>de</span> <span class='ocrx_word' id='word_1_70' title='bbox 1030 939 1064 967; x_wconf 88' lang='lat' dir='ltr'>te</span> <span class='ocrx_word' id='word_1_71' title='bbox 1093 937 1230 968; x_wconf 86' lang='lat' dir='ltr'>noviter</span> <span class='ocrx_word' id='word_1_72' title='bbox 1255 936 1403 975; x_wconf 80' lang='lat' dir='ltr'>editum,</span> <span class='ocrx_word' id='word_1_73' title='bbox 1437 936 1590 968; x_wconf 86' lang='lat' dir='ltr'>lascivae</span> <span class='ocrx_word' id='word_1_74' title='bbox 1615 937 1807 968; x_wconf 86' lang='lat' dir='ltr'>iuventutis</span> <span class='ocrx_word' id='word_1_75' title='bbox 1831 937 1869 967; x_wconf 88' lang='lat' dir='ltr'>in</span> 
     </span>
     <span class='ocr_line' id='line_1_14' title="bbox 307 978 1392 1013; baseline 0.003 -4"><span class='ocrx_word' id='word_1_76' title='bbox 307 978 411 1010; x_wconf 86' lang='lat' dir='ltr'>choro</span> <span class='ocrx_word' id='word_1_77' title='bbox 433 989 549 1011; x_wconf 88' lang='lat' dir='ltr'>coram</span> <span class='ocrx_word' id='word_1_78' title='bbox 575 983 609 1012; x_wconf 87' lang='lat' dir='ltr'>te</span> <span class='ocrx_word' id='word_1_79' title='bbox 633 981 872 1013; x_wconf 82' lang='lat' dir='ltr'>modulatione</span> <span class='ocrx_word' id='word_1_80' title='bbox 896 981 1079 1013; x_wconf 84' lang='lat' dir='ltr'>dulcisona</span> <span class='ocrx_word' id='word_1_81' title='bbox 1104 979 1392 1013; x_wconf 82' lang='lat' dir='ltr'>deeantandum“.</span> 
     </span>
    </p>

    <p class='ocr_par' dir='ltr' id='par_1_4' title="bbox 306 1024 1870 1159">
     <span class='ocr_line' id='line_1_15' title="bbox 397 1024 1869 1070; baseline 0.001 -14"><span class='ocrx_word' id='word_1_82' title='bbox 397 1024 494 1056; x_wconf 87' lang='lat' dir='ltr'>Nach</span> <span class='ocrx_word' id='word_1_83' title='bbox 518 1024 586 1057; x_wconf 83' lang='lat' dir='ltr'>Str.</span> <span class='ocrx_word' id='word_1_84' title='bbox 614 1024 629 1057; x_wconf 92' lang='lat'>1</span> <span class='ocrx_word' id='word_1_85' title='bbox 657 1027 773 1068; x_wconf 86' lang='lat' dir='ltr'>folgen</span> <span class='ocrx_word' id='word_1_86' title='bbox 798 1026 887 1058; x_wconf 86' lang='lat' dir='ltr'>noch</span> <span class='ocrx_word' id='word_1_87' title='bbox 912 1027 968 1058; x_wconf 88' lang='lat' dir='ltr'>die</span> <span class='ocrx_word' id='word_1_88' title='bbox 985 1027 1110 1058; x_wconf 84' lang='lat' dir='ltr'>Verse:</span> <span class='ocrx_word' id='word_1_89' title='bbox 1138 1027 1206 1066; x_wconf 84' lang='lat' dir='ltr'>Qui</span> <span class='ocrx_word' id='word_1_90' title='bbox 1231 1027 1448 1068; x_wconf 85' lang='lat' dir='ltr'>praeclarum</span> <span class='ocrx_word' id='word_1_91' title='bbox 1472 1037 1597 1070; x_wconf 85' lang='lat' dir='ltr'>genere</span> <span class='ocrx_word' id='word_1_92' title='bbox 1620 1024 1623 1068; x_wconf 71' lang='grc' dir='ltr'>ἰ</span> <span class='ocrx_word' id='word_1_93' title='bbox 1646 1026 1691 1058; x_wconf 87' lang='lat' dir='ltr'>Se</span> <span class='ocrx_word' id='word_1_94' title='bbox 1714 1026 1869 1058; x_wconf 82' lang='lat' dir='ltr'>declarat</span> 
     </span>
     <span class='ocr_line' id='line_1_16' title="bbox 307 1070 1870 1113; baseline 0.002 -13"><span class='ocrx_word' id='word_1_95' title='bbox 307 1079 426 1110; x_wconf 88' lang='lat' dir='ltr'>opere,</span> <span class='ocrx_word' id='word_1_96' title='bbox 461 1070 516 1102; x_wconf 90' lang='lat' dir='ltr'>die</span> <span class='ocrx_word' id='word_1_97' title='bbox 549 1070 626 1102; x_wconf 89' lang='lat' dir='ltr'>dem</span> <span class='ocrx_word' id='word_1_98' title='bbox 651 1071 850 1104; x_wconf 77' lang='lat' dir='ltr'>Versmasse</span> <span class='ocrx_word' id='word_1_99' title='bbox 874 1072 964 1104; x_wconf 88' lang='lat' dir='ltr'>nach</span> <span class='ocrx_word' id='word_1_100' title='bbox 990 1071 1213 1113; x_wconf 70' lang='lat' dir='ltr'>iiber-zahlig⁷</span> <span class='ocrx_word' id='word_1_101' title='bbox 1247 1071 1324 1103; x_wconf 88' lang='lat' dir='ltr'>dem</span> <span class='ocrx_word' id='word_1_102' title='bbox 1350 1072 1457 1104; x_wconf 89' lang='lat' dir='ltr'>Sinne</span> <span class='ocrx_word' id='word_1_103' title='bbox 1482 1072 1571 1104; x_wconf 89' lang='lat' dir='ltr'>nach</span> <span class='ocrx_word' id='word_1_104' title='bbox 1597 1071 1672 1104; x_wconf 83' lang='lat' dir='ltr'>sich</span> <span class='ocrx_word' id='word_1_105' title='bbox 1696 1071 1791 1104; x_wconf 89' lang='lat' dir='ltr'>nicht</span> <span class='ocrx_word' id='word_1_106' title='bbox 1815 1071 1870 1103; x_wconf 83' lang='lat' dir='ltr'>als</span> 
     </span>
     <span class='ocr_line' id='line_1_17' title="bbox 306 1114 1352 1159; baseline 0.003 -14"><span class='ocrx_word' id='word_1_107' title='bbox 306 1114 496 1147; x_wconf 87' lang='lat' dir='ltr'>Rundreim</span> <span class='ocrx_word' id='word_1_108' title='bbox 521 1117 683 1158; x_wconf 79' lang='lat' dir='ltr'>anfiigen.</span> <span class='ocrx_word' id='word_1_109' title='bbox 708 1134 753 1138; x_wconf 86' lang='lat'>——</span> <span class='ocrx_word' id='word_1_110' title='bbox 777 1116 854 1159; x_wconf 86' lang='lat' dir='ltr'>Vgl.</span> <span class='ocrx_word' id='word_1_111' title='bbox 880 1118 996 1150; x_wconf 87' lang='lat' dir='ltr'>Neues</span> <span class='ocrx_word' id='word_1_112' title='bbox 1021 1117 1152 1149; x_wconf 82' lang='lat' dir='ltr'>Archiv</span> <span class='ocrx_word' id='word_1_113' title='bbox 1177 1117 1271 1158; x_wconf 84' lang='lat' dir='ltr'>XVI,</span> <span class='ocrx_word' id='word_1_114' title='bbox 1298 1115 1352 1149; x_wconf 84' lang='lat'>74.</span> 
     </span>
    </p>
   </div>
   <div class='ocr_carea' id='block_1_4' title="bbox 683 1255 1481 1358">
    <p class='ocr_par' dir='ltr' id='par_1_5' title="bbox 683 1255 1481 1358">
     <span class='ocr_line' id='line_1_18' title="bbox 683 1255 1481 1298; baseline 0.003 -8"><span class='ocrx_word' id='word_1_115' title='bbox 683 1255 766 1292; x_wconf 79' lang='lat'><strong>346.</strong></span> <span class='ocrx_word' id='word_1_116' title='bbox 803 1256 859 1298; x_wconf 88' lang='lat'><strong>(3.)</strong></span> <span class='ocrx_word' id='word_1_117' title='bbox 894 1256 939 1291; x_wconf 87' lang='lat' dir='ltr'>In</span> <span class='ocrx_word' id='word_1_118' title='bbox 967 1255 1281 1292; x_wconf 74' lang='lat' dir='ltr'>circumcisione</span> <span class='ocrx_word' id='word_1_119' title='bbox 1306 1255 1481 1292; x_wconf 87' lang='lat' dir='ltr'>Domini.</span> 
     </span>
     <span class='ocr_line' id='line_1_19' title="bbox 910 1327 1252 1358; baseline 0 0"><span class='ocrx_word' id='word_1_120' title='bbox 910 1327 963 1358; x_wconf 92' lang='lat' dir='ltr'>De</span> <span class='ocrx_word' id='word_1_121' title='bbox 989 1327 1091 1358; x_wconf 85' lang='lat' dir='ltr'>Festo</span> <span class='ocrx_word' id='word_1_122' title='bbox 1117 1327 1252 1358; x_wconf 87' lang='lat' dir='ltr'>Baculi.</span> 
     </span>
    </p>
   </div>
   <div class='ocr_carea' id='block_1_5' title="bbox 305 1404 1453 1453">
    <p class='ocr_par' dir='ltr' id='par_1_6' title="bbox 305 1404 1453 1453">
     <span class='ocr_line' id='line_1_20' title="bbox 305 1404 1453 1453; baseline 0.001 -10"><span class='ocrx_word' id='word_1_123' title='bbox 305 1405 340 1443; x_wconf 91' lang='lat'>1.</span> <span class='ocrx_word' id='word_1_124' title='bbox 385 1404 514 1442; x_wconf 86' lang='lat' dir='ltr'>Adest</span> <span class='ocrx_word' id='word_1_125' title='bbox 546 1405 626 1442; x_wconf 87' lang='lat' dir='ltr'>dies</span> <span class='ocrx_word' id='word_1_126' title='bbox 1126 1410 1164 1445; x_wconf 88' lang='lat'>4.</span> <span class='ocrx_word' id='word_1_127' title='bbox 1211 1406 1331 1445; x_wconf 82' lang='lat' dir='ltr'>Decet</span> <span class='ocrx_word' id='word_1_128' title='bbox 1365 1417 1453 1453; x_wconf 87' lang='lat' dir='ltr'>ergo</span> 
     </span>
    </p>
   </div>
   <div class='ocr_carea' id='block_1_6' title="bbox 385 1462 797 1838">
    <p class='ocr_par' dir='ltr' id='par_1_7' title="bbox 385 1462 797 1838">
     <span class='ocr_line' id='line_1_21' title="bbox 444 1462 726 1512; baseline 0.004 -14"><span class='ocrx_word' id='word_1_129' title='bbox 444 1464 587 1510; x_wconf 88' lang='lat' dir='ltr'>optata,</span> <span class='ocrx_word' id='word_1_130' title='bbox 622 1462 726 1512; x_wconf 85' lang='lat' dir='ltr'>socii,</span> 
     </span>
     <span class='ocr_line' id='line_1_22' title="bbox 385 1517 723 1565; baseline 0.003 -11"><span class='ocrx_word' id='word_1_131' title='bbox 385 1517 578 1564; x_wconf 77' lang='lat' dir='ltr'>Quidquid</span> <span class='ocrx_word' id='word_1_132' title='bbox 609 1524 723 1565; x_wconf 85' lang='lat' dir='ltr'>agant</span> 
     </span>
     <span class='ocr_line' id='line_1_23' title="bbox 443 1574 738 1627; baseline 0.01 -18"><span class='ocrx_word' id='word_1_133' title='bbox 443 1578 480 1610; x_wconf 91' lang='lat' dir='ltr'>et</span> <span class='ocrx_word' id='word_1_134' title='bbox 510 1574 630 1611; x_wconf 88' lang='lat' dir='ltr'>velint</span> <span class='ocrx_word' id='word_1_135' title='bbox 660 1575 738 1627; x_wconf 83' lang='lat' dir='ltr'>alii,</span> 
     </span>
     <span class='ocr_line' id='line_1_24' title="bbox 386 1630 672 1668; baseline 0.003 -1"><span class='ocrx_word' id='word_1_136' title='bbox 386 1630 464 1667; x_wconf 90' lang='lat' dir='ltr'>Nos</span> <span class='ocrx_word' id='word_1_137' title='bbox 497 1630 672 1668; x_wconf 82' lang='lat' dir='ltr'>choream</span> 
     </span>
     <span class='ocr_line' id='line_1_25' title="bbox 444 1688 797 1735; baseline 0.008 -11"><span class='ocrx_word' id='word_1_138' title='bbox 444 1688 625 1724; x_wconf 84' lang='lat' dir='ltr'>ducamus</span> <span class='ocrx_word' id='word_1_139' title='bbox 656 1688 797 1735; x_wconf 86' lang='lat' dir='ltr'>gaudii.</span> 
     </span>
     <span class='ocr_line' id='line_1_26' title="bbox 498 1744 740 1781; baseline 0.004 -1"><span class='ocrx_word' id='word_1_140' title='bbox 498 1745 573 1781; x_wconf 90' lang='lat' dir='ltr'>Pro</span> <span class='ocrx_word' id='word_1_141' title='bbox 605 1744 740 1781; x_wconf 86' lang='lat' dir='ltr'>baculo</span> 
     </span>
     <span class='ocr_line' id='line_1_27' title="bbox 442 1799 768 1838; baseline 0.006 -2"><span class='ocrx_word' id='word_1_142' title='bbox 442 1799 624 1837; x_wconf 86' lang='lat' dir='ltr'>Exsultet</span> <span class='ocrx_word' id='word_1_143' title='bbox 655 1801 768 1838; x_wconf 89' lang='lat' dir='ltr'>hodie</span> 
     </span>
    </p>
   </div>
   <div class='ocr_carea' id='block_1_7' title="bbox 500 1857 923 1905">
    <p class='ocr_par' dir='ltr' id='par_1_8' title="bbox 500 1857 923 1905">
     <span class='ocr_line' id='line_1_28' title="bbox 500 1857 923 1905; baseline 0.007 -12"><span class='ocrx_word' id='word_1_144' title='bbox 500 1857 624 1894; x_wconf 85' lang='lat' dir='ltr'>clerus</span> <span class='ocrx_word' id='word_1_145' title='bbox 657 1868 740 1894; x_wconf 89' lang='lat' dir='ltr'>cum</span> <span class='ocrx_word' id='word_1_146' title='bbox 770 1858 923 1905; x_wconf 83' lang='lat' dir='ltr'>populo,</span> 
     </span>
    </p>
   </div>
   <div class='ocr_carea' id='block_1_8' title="bbox 328 1941 673 1979">
    <p class='ocr_par' dir='ltr' id='par_1_9' title="bbox 328 1941 673 1979">
     <span class='ocr_line' id='line_1_29' title="bbox 328 1941 673 1979; baseline 0.003 -1"><span class='ocrx_word' id='word_1_147' title='bbox 328 1970 336 1978; x_wconf 98' lang='lat'><strong>.</strong></span> <span class='ocrx_word' id='word_1_148' title='bbox 383 1941 468 1978; x_wconf 92' lang='lat' dir='ltr'>Hoc</span> <span class='ocrx_word' id='word_1_149' title='bbox 500 1941 673 1979; x_wconf 86' lang='lat' dir='ltr'>omnibus</span> 
     </span>
    </p>
   </div>
   <div class='ocr_carea' id='block_1_9' title="bbox 381 1999 814 2375">
    <p class='ocr_par' dir='ltr' id='par_1_10' title="bbox 381 1999 814 2375">
     <span class='ocr_line' id='line_1_30' title="bbox 441 1999 778 2046; baseline 0.009 -12"><span class='ocrx_word' id='word_1_150' title='bbox 441 2009 556 2034; x_wconf 91' lang='lat' dir='ltr'>unum</span> <span class='ocrx_word' id='word_1_151' title='bbox 588 1999 778 2046; x_wconf 83' lang='lat' dir='ltr'>negotium</span> 
     </span>
     <span class='ocr_line' id='line_1_31' title="bbox 384 2053 654 2092; baseline 0.004 -2"><span class='ocrx_word' id='word_1_152' title='bbox 384 2053 504 2091; x_wconf 88' lang='lat' dir='ltr'>Nobis</span> <span class='ocrx_word' id='word_1_153' title='bbox 535 2055 654 2092; x_wconf 86' lang='lat' dir='ltr'>instat</span> 
     </span>
     <span class='ocr_line' id='line_1_32' title="bbox 442 2113 786 2160; baseline 0.015 -14"><span class='ocrx_word' id='word_1_154' title='bbox 442 2114 477 2147; x_wconf 92' lang='lat' dir='ltr'>et</span> <span class='ocrx_word' id='word_1_155' title='bbox 510 2116 624 2158; x_wconf 81' lang='lat' dir='ltr'>negat</span> <span class='ocrx_word' id='word_1_156' title='bbox 654 2113 786 2160; x_wconf 84' lang='lat' dir='ltr'>otium,</span> 
     </span>
     <span class='ocr_line' id='line_1_33' title="bbox 381 2167 571 2205; baseline 0 0"><span class='ocrx_word' id='word_1_157' title='bbox 381 2167 571 2205; x_wconf 86' lang='lat' dir='ltr'>Laetitiae</span> 
     </span>
     <span class='ocr_line' id='line_1_34' title="bbox 442 2223 814 2261; baseline 0.003 -1"><span class='ocrx_word' id='word_1_158' title='bbox 442 2223 547 2261; x_wconf 88' lang='lat' dir='ltr'>Dans</span> <span class='ocrx_word' id='word_1_159' title='bbox 580 2224 814 2261; x_wconf 87' lang='lat' dir='ltr'>exercitium.</span> 
     </span>
     <span class='ocr_line' id='line_1_35' title="bbox 501 2280 740 2318; baseline 0.004 -1"><span class='ocrx_word' id='word_1_160' title='bbox 501 2280 574 2317; x_wconf 89' lang='lat' dir='ltr'>Pro</span> <span class='ocrx_word' id='word_1_161' title='bbox 604 2280 740 2318; x_wconf 87' lang='lat' dir='ltr'>baculo</span> 
     </span>
     <span class='ocr_line' id='line_1_36' title="bbox 439 2336 763 2375; baseline 0.003 -2"><span class='ocrx_word' id='word_1_162' title='bbox 439 2336 619 2374; x_wconf 88' lang='lat' dir='ltr'>Exsultet</span> <span class='ocrx_word' id='word_1_163' title='bbox 650 2337 763 2375; x_wconf 90' lang='lat' dir='ltr'>hodie</span> 
     </span>
    </p>
   </div>
   <div class='ocr_carea' id='block_1_10' title="bbox 499 2393 921 2442">
    <p class='ocr_par' dir='ltr' id='par_1_11' title="bbox 499 2393 921 2442">
     <span class='ocr_line' id='line_1_37' title="bbox 499 2393 921 2442; baseline -0.002 -12"><span class='ocrx_word' id='word_1_164' title='bbox 499 2393 621 2431; x_wconf 85' lang='lat' dir='ltr'>clerus</span> <span class='ocrx_word' id='word_1_165' title='bbox 654 2405 737 2431; x_wconf 91' lang='lat' dir='ltr'>cum</span> <span class='ocrx_word' id='word_1_166' title='bbox 768 2394 921 2442; x_wconf 90' lang='lat' dir='ltr'>populo.</span> 
     </span>
    </p>
   </div>
   <div class='ocr_carea' id='block_1_11' title="bbox 327 2477 695 2527">
    <p class='ocr_par' dir='ltr' id='par_1_12' title="bbox 327 2477 695 2527">
     <span class='ocr_line' id='line_1_38' title="bbox 327 2477 695 2527; baseline 0.003 -13"><span class='ocrx_word' id='word_1_167' title='bbox 327 2507 334 2514; x_wconf 92' lang='lat'><strong>.</strong></span> <span class='ocrx_word' id='word_1_168' title='bbox 380 2477 410 2515; x_wconf 94' lang='grc' dir='ltr'><strong>Ο</strong></span> <span class='ocrx_word' id='word_1_169' title='bbox 441 2488 556 2524; x_wconf 89' lang='lat' dir='ltr'>quam</span> <span class='ocrx_word' id='word_1_170' title='bbox 591 2477 695 2527; x_wconf 89' lang='lat' dir='ltr'>felix,</span> 
     </span>
    </p>
   </div>
   <div class='ocr_carea' id='block_1_12' title="bbox 382 2533 797 2910">
    <p class='ocr_par' dir='ltr' id='par_1_13' title="bbox 382 2533 797 2910">
     <span class='ocr_line' id='line_1_39' title="bbox 441 2533 797 2582; baseline 0.008 -13"><span class='ocrx_word' id='word_1_171' title='bbox 441 2533 545 2570; x_wconf 84' lang='lat' dir='ltr'>cuius</span> <span class='ocrx_word' id='word_1_172' title='bbox 579 2535 626 2571; x_wconf 84' lang='lat' dir='ltr'>ad</span> <span class='ocrx_word' id='word_1_173' title='bbox 659 2535 797 2582; x_wconf 83' lang='lat' dir='ltr'>gaudia</span> 
     </span>
     <span class='ocr_line' id='line_1_40' title="bbox 383 2590 621 2629; baseline -0.008 0"><span class='ocrx_word' id='word_1_174' title='bbox 383 2590 621 2629; x_wconf 88' lang='lat' dir='ltr'>Conveniunt</span> 
     </span>
     <span class='ocr_line' id='line_1_41' title="bbox 441 2646 795 2684; baseline 0.003 -1"><span class='ocrx_word' id='word_1_175' title='bbox 441 2647 488 2684; x_wconf 92' lang='lat' dir='ltr'>de</span> <span class='ocrx_word' id='word_1_176' title='bbox 519 2650 600 2684; x_wconf 88' lang='lat' dir='ltr'>tota</span> <span class='ocrx_word' id='word_1_177' title='bbox 630 2646 795 2684; x_wconf 90' lang='lat' dir='ltr'>Francia</span> 
     </span>
     <span class='ocr_line' id='line_1_42' title="bbox 382 2701 607 2740; baseline 0.004 -1"><span class='ocrx_word' id='word_1_178' title='bbox 382 2701 607 2740; x_wconf 86' lang='lat' dir='ltr'>Referentes</span> 
     </span>
     <span class='ocr_line' id='line_1_43' title="bbox 440 2759 720 2806; baseline 0.007 -10"><span class='ocrx_word' id='word_1_179' title='bbox 440 2759 473 2796; x_wconf 90' lang='lat' dir='ltr'>ei</span> <span class='ocrx_word' id='word_1_180' title='bbox 505 2760 720 2806; x_wconf 86' lang='lat' dir='ltr'>praeconia.</span> 
     </span>
     <span class='ocr_line' id='line_1_44' title="bbox 497 2817 736 2854; baseline 0.004 -1"><span class='ocrx_word' id='word_1_181' title='bbox 497 2817 572 2853; x_wconf 82' lang='lat' dir='ltr'>Pro</span> <span class='ocrx_word' id='word_1_182' title='bbox 602 2817 736 2854; x_wconf 87' lang='lat' dir='ltr'>baculo</span> 
     </span>
     <span class='ocr_line' id='line_1_45' title="bbox 440 2871 761 2910; baseline 0.003 -1"><span class='ocrx_word' id='word_1_183' title='bbox 440 2872 619 2909; x_wconf 85' lang='lat' dir='ltr'>Exsultet</span> <span class='ocrx_word' id='word_1_184' title='bbox 648 2871 761 2910; x_wconf 86' lang='lat' dir='ltr'>hodie</span> 
     </span>
    </p>
   </div>
   <div class='ocr_carea' id='block_1_13' title="bbox 498 2929 921 2977">
    <p class='ocr_par' dir='ltr' id='par_1_14' title="bbox 498 2929 921 2977">
     <span class='ocr_line' id='line_1_46' title="bbox 498 2929 921 2977; baseline 0.009 -13"><span class='ocrx_word' id='word_1_185' title='bbox 498 2929 622 2966; x_wconf 84' lang='lat' dir='ltr'>clerus</span> <span class='ocrx_word' id='word_1_186' title='bbox 655 2940 737 2966; x_wconf 90' lang='lat' dir='ltr'>cum</span> <span class='ocrx_word' id='word_1_187' title='bbox 767 2929 921 2977; x_wconf 83' lang='lat' dir='ltr'>populo.</span> 
     </span>
    </p>
   </div>
   <div class='ocr_carea' id='block_1_14' title="bbox 1205 1463 1740 1906">
    <p class='ocr_par' dir='ltr' id='par_1_15' title="bbox 1205 1463 1740 1906">
     <span class='ocr_line' id='line_1_47' title="bbox 1262 1463 1599 1511; baseline -0.003 -10"><span class='ocrx_word' id='word_1_188' title='bbox 1262 1463 1388 1501; x_wconf 88' lang='lat' dir='ltr'>baculi</span> <span class='ocrx_word' id='word_1_189' title='bbox 1420 1463 1599 1511; x_wconf 85' lang='lat' dir='ltr'>baiulum,</span> 
     </span>
     <span class='ocr_line' id='line_1_48' title="bbox 1205 1519 1460 1557; baseline -0.004 0"><span class='ocrx_word' id='word_1_190' title='bbox 1205 1519 1349 1557; x_wconf 86' lang='lat' dir='ltr'>Tantae</span> <span class='ocrx_word' id='word_1_191' title='bbox 1378 1520 1460 1557; x_wconf 87' lang='lat' dir='ltr'>iure</span> 
     </span>
     <span class='ocr_line' id='line_1_49' title="bbox 1262 1576 1684 1614; baseline 0.002 -1"><span class='ocrx_word' id='word_1_192' title='bbox 1262 1576 1386 1614; x_wconf 88' lang='lat' dir='ltr'>laudis</span> <span class='ocrx_word' id='word_1_193' title='bbox 1416 1576 1465 1613; x_wconf 87' lang='lat' dir='ltr'>ad</span> <span class='ocrx_word' id='word_1_194' title='bbox 1497 1577 1684 1614; x_wconf 90' lang='lat' dir='ltr'>cumulum</span> 
     </span>
     <span class='ocr_line' id='line_1_50' title="bbox 1205 1632 1452 1680; baseline -0.004 -10"><span class='ocrx_word' id='word_1_195' title='bbox 1205 1632 1307 1670; x_wconf 89' lang='lat' dir='ltr'>Bene</span> <span class='ocrx_word' id='word_1_196' title='bbox 1337 1633 1452 1680; x_wconf 87' lang='lat' dir='ltr'>gestis</span> 
     </span>
     <span class='ocr_line' id='line_1_51' title="bbox 1259 1689 1660 1729; baseline 0.005 -3"><span class='ocrx_word' id='word_1_197' title='bbox 1259 1694 1301 1726; x_wconf 90' lang='lat' dir='ltr'>ut</span> <span class='ocrx_word' id='word_1_198' title='bbox 1332 1694 1431 1726; x_wconf 88' lang='lat' dir='ltr'>emat</span> <span class='ocrx_word' id='word_1_199' title='bbox 1462 1689 1660 1729; x_wconf 85' lang='lat' dir='ltr'>aemulum.</span> 
     </span>
     <span class='ocr_line' id='line_1_52' title="bbox 1317 1745 1559 1783; baseline 0 0"><span class='ocrx_word' id='word_1_200' title='bbox 1317 1747 1392 1783; x_wconf 88' lang='lat' dir='ltr'>Pro</span> <span class='ocrx_word' id='word_1_201' title='bbox 1423 1745 1559 1783; x_wconf 84' lang='lat' dir='ltr'>baculo</span> 
     </span>
     <span class='ocr_line' id='line_1_53' title="bbox 1261 1802 1582 1840; baseline 0 -1"><span class='ocrx_word' id='word_1_202' title='bbox 1261 1802 1439 1839; x_wconf 84' lang='lat' dir='ltr'>Exsultet</span> <span class='ocrx_word' id='word_1_203' title='bbox 1469 1802 1582 1840; x_wconf 90' lang='lat' dir='ltr'>hodie</span> 
     </span>
     <span class='ocr_line' id='line_1_54' title="bbox 1319 1859 1740 1906; baseline 0.005 -11"><span class='ocrx_word' id='word_1_204' title='bbox 1319 1859 1441 1896; x_wconf 90' lang='lat' dir='ltr'>clerus</span> <span class='ocrx_word' id='word_1_205' title='bbox 1473 1869 1556 1896; x_wconf 89' lang='lat' dir='ltr'>cum</span> <span class='ocrx_word' id='word_1_206' title='bbox 1587 1859 1740 1906; x_wconf 89' lang='lat' dir='ltr'>populo.</span> 
     </span>
    </p>
   </div>
   <div class='ocr_carea' id='block_1_15' title="bbox 1121 1943 1501 1983">
    <p class='ocr_par' dir='ltr' id='par_1_16' title="bbox 1121 1943 1501 1983">
     <span class='ocr_line' id='line_1_55' title="bbox 1121 1943 1501 1983; baseline -0.008 0"><span class='ocrx_word' id='word_1_207' title='bbox 1121 1946 1157 1983; x_wconf 89' lang='grc'>5.</span> <span class='ocrx_word' id='word_1_208' title='bbox 1206 1944 1351 1981; x_wconf 81' lang='lat' dir='ltr'>Novum</span> <span class='ocrx_word' id='word_1_209' title='bbox 1384 1943 1501 1981; x_wconf 87' lang='lat' dir='ltr'>dandi</span> 
     </span>
    </p>
   </div>
   <div class='ocr_carea' id='block_1_16' title="bbox 1201 2000 1739 2443">
    <p class='ocr_par' dir='ltr' id='par_1_17' title="bbox 1201 2000 1739 2443">
     <span class='ocr_line' id='line_1_56' title="bbox 1261 2000 1622 2049; baseline 0.003 -13"><span class='ocrx_word' id='word_1_210' title='bbox 1261 2010 1376 2047; x_wconf 88' lang='lat' dir='ltr'>genus</span> <span class='ocrx_word' id='word_1_211' title='bbox 1406 2000 1622 2049; x_wconf 84' lang='lat' dir='ltr'>inventitat‚</span> 
     </span>
     <span class='ocr_line' id='line_1_57' title="bbox 1205 2056 1425 2094; baseline -0.005 0"><span class='ocrx_word' id='word_1_212' title='bbox 1205 2056 1425 2094; x_wconf 89' lang='lat' dir='ltr'>Petentibus</span> 
     </span>
     <span class='ocr_line' id='line_1_58' title="bbox 1260 2112 1590 2162; baseline 0 -12"><span class='ocrx_word' id='word_1_213' title='bbox 1260 2113 1314 2150; x_wconf 90' lang='lat' dir='ltr'>ita</span> <span class='ocrx_word' id='word_1_214' title='bbox 1345 2112 1590 2162; x_wconf 84' lang='lat' dir='ltr'>subventitat,</span> 
     </span>
     <span class='ocr_line' id='line_1_59' title="bbox 1201 2169 1510 2217; baseline 0 -11"><span class='ocrx_word' id='word_1_215' title='bbox 1201 2169 1308 2216; x_wconf 79' lang='lat' dir='ltr'>Quod</span> <span class='ocrx_word' id='word_1_216' title='bbox 1338 2174 1510 2217; x_wconf 87' lang='lat' dir='ltr'>petentes</span> 
     </span>
     <span class='ocr_line' id='line_1_60' title="bbox 1261 2226 1685 2274; baseline 0.005 -11"><span class='ocrx_word' id='word_1_217' title='bbox 1261 2226 1388 2263; x_wconf 89' lang='lat' dir='ltr'>dando</span> <span class='ocrx_word' id='word_1_218' title='bbox 1418 2226 1685 2274; x_wconf 82' lang='lat' dir='ltr'>praeventitat.</span> 
     </span>
     <span class='ocr_line' id='line_1_61' title="bbox 1318 2282 1558 2320; baseline 0.004 -1"><span class='ocrx_word' id='word_1_219' title='bbox 1318 2283 1392 2319; x_wconf 84' lang='lat' dir='ltr'>Pro</span> <span class='ocrx_word' id='word_1_220' title='bbox 1424 2282 1558 2320; x_wconf 88' lang='lat' dir='ltr'>baculo</span> 
     </span>
     <span class='ocr_line' id='line_1_62' title="bbox 1261 2338 1581 2376; baseline 0.003 -1"><span class='ocrx_word' id='word_1_221' title='bbox 1261 2339 1436 2376; x_wconf 85' lang='lat' dir='ltr'>Exsultet</span> <span class='ocrx_word' id='word_1_222' title='bbox 1467 2338 1581 2376; x_wconf 89' lang='lat' dir='ltr'>hodie</span> 
     </span>
     <span class='ocr_line' id='line_1_63' title="bbox 1319 2395 1739 2443; baseline 0.002 -11"><span class='ocrx_word' id='word_1_223' title='bbox 1319 2395 1442 2432; x_wconf 88' lang='lat' dir='ltr'>clerus</span> <span class='ocrx_word' id='word_1_224' title='bbox 1473 2405 1555 2432; x_wconf 92' lang='lat' dir='ltr'>cum</span> <span class='ocrx_word' id='word_1_225' title='bbox 1586 2395 1739 2443; x_wconf 89' lang='lat' dir='ltr'>populo.</span> 
     </span>
    </p>
   </div>
   <div class='ocr_carea' id='block_1_17' title="bbox 1121 2479 1421 2519">
    <p class='ocr_par' dir='ltr' id='par_1_18' title="bbox 1121 2479 1421 2519">
     <span class='ocr_line' id='line_1_64' title="bbox 1121 2479 1421 2519; baseline -0.01 0"><span class='ocrx_word' id='word_1_226' title='bbox 1121 2481 1158 2519; x_wconf 88' lang='grc'>6.</span> <span class='ocrx_word' id='word_1_227' title='bbox 1205 2479 1326 2517; x_wconf 86' lang='lat' dir='ltr'>Dator</span> <span class='ocrx_word' id='word_1_228' title='bbox 1356 2479 1421 2516; x_wconf 93' lang='lat' dir='ltr'>ille</span> 
     </span>
    </p>
   </div>
   <div class='ocr_carea' id='block_1_18' title="bbox 1201 2535 1735 2978">
    <p class='ocr_par' dir='ltr' id='par_1_19' title="bbox 1201 2535 1735 2978">
     <span class='ocr_line' id='line_1_65' title="bbox 1260 2535 1664 2583; baseline 0 -11"><span class='ocrx_word' id='word_1_229' title='bbox 1260 2546 1334 2573; x_wconf 91' lang='lat' dir='ltr'>non</span> <span class='ocrx_word' id='word_1_230' title='bbox 1366 2535 1479 2572; x_wconf 87' lang='lat' dir='ltr'>debet</span> <span class='ocrx_word' id='word_1_231' title='bbox 1509 2536 1664 2583; x_wconf 86' lang='lat' dir='ltr'>negligi,</span> 
     </span>
     <span class='ocr_line' id='line_1_66' title="bbox 1206 2592 1480 2629; baseline 0 0"><span class='ocrx_word' id='word_1_232' title='bbox 1206 2592 1279 2629; x_wconf 86' lang='lat' dir='ltr'>Pro</span> <span class='ocrx_word' id='word_1_233' title='bbox 1309 2602 1350 2628; x_wconf 89' lang='lat' dir='ltr'>se</span> <span class='ocrx_word' id='word_1_234' title='bbox 1381 2592 1480 2629; x_wconf 87' lang='lat' dir='ltr'>dona</span> 
     </span>
     <span class='ocr_line' id='line_1_67' title="bbox 1255 2648 1631 2696; baseline 0.003 -12"><span class='ocrx_word' id='word_1_235' title='bbox 1255 2648 1325 2694; x_wconf 82' lang='lat' dir='ltr'>Qui</span> <span class='ocrx_word' id='word_1_236' title='bbox 1356 2649 1474 2696; x_wconf 87' lang='lat' dir='ltr'>magis</span> <span class='ocrx_word' id='word_1_237' title='bbox 1505 2648 1631 2696; x_wconf 86' lang='lat' dir='ltr'>colligi</span> 
     </span>
     <span class='ocr_line' id='line_1_68' title="bbox 1201 2704 1529 2751; baseline 0 -9"><span class='ocrx_word' id='word_1_238' title='bbox 1201 2705 1320 2751; x_wconf 86' lang='lat' dir='ltr'>Quam</span> <span class='ocrx_word' id='word_1_239' title='bbox 1353 2704 1529 2742; x_wconf 88' lang='lat' dir='ltr'>donando</span> 
     </span>
     <span class='ocr_line' id='line_1_69' title="bbox 1259 2759 1575 2810; baseline 0.003 -12"><span class='ocrx_word' id='word_1_240' title='bbox 1259 2771 1300 2798; x_wconf 88' lang='lat' dir='ltr'>se</span> <span class='ocrx_word' id='word_1_241' title='bbox 1331 2759 1423 2798; x_wconf 84' lang='lat' dir='ltr'>facit</span> <span class='ocrx_word' id='word_1_242' title='bbox 1455 2761 1575 2810; x_wconf 84' lang='lat' dir='ltr'>diligi.</span> 
     </span>
     <span class='ocr_line' id='line_1_70' title="bbox 1316 2817 1555 2855; baseline -0.004 0"><span class='ocrx_word' id='word_1_243' title='bbox 1316 2818 1390 2855; x_wconf 90' lang='lat' dir='ltr'>Pro</span> <span class='ocrx_word' id='word_1_244' title='bbox 1421 2817 1555 2855; x_wconf 89' lang='lat' dir='ltr'>baculo</span> 
     </span>
     <span class='ocr_line' id='line_1_71' title="bbox 1258 2874 1579 2912; baseline 0 -1"><span class='ocrx_word' id='word_1_245' title='bbox 1258 2874 1434 2912; x_wconf 83' lang='lat' dir='ltr'>Exsultet</span> <span class='ocrx_word' id='word_1_246' title='bbox 1466 2874 1579 2912; x_wconf 87' lang='lat' dir='ltr'>hodie</span> 
     </span>
     <span class='ocr_line' id='line_1_72' title="bbox 1315 2930 1735 2978; baseline 0.007 -11"><span class='ocrx_word' id='word_1_247' title='bbox 1315 2931 1438 2968; x_wconf 87' lang='lat' dir='ltr'>clerus</span> <span class='ocrx_word' id='word_1_248' title='bbox 1469 2940 1551 2967; x_wconf 91' lang='lat' dir='ltr'>cum</span> <span class='ocrx_word' id='word_1_249' title='bbox 1582 2930 1735 2978; x_wconf 88' lang='lat' dir='ltr'>populo.</span> 
     </span>
    </p>
   </div>
   <div class='ocr_carea' id='block_1_19' title="bbox 1962 0 2031 2391">
    <p class='ocr_par' dir='ltr' id='par_1_20' title="bbox 1962 0 2031 2391">
     <span class='ocr_line' id='line_1_73' title="bbox 1962 0 2031 2391; baseline 0 0"><span class='ocrx_word' id='word_1_250' title='bbox 1962 0 2031 2391; x_wconf 95' lang='lat' dir='ltr'> </span> 
     </span>
    </p>
   </div>
   <div class='ocr_carea' id='block_1_20' title="bbox 1971 2092 1985 2940">
    <p class='ocr_par' dir='ltr' id='par_1_21' title="bbox 1971 2092 1985 2940">
     <span class='ocr_line' id='line_1_74' title="bbox 1971 2092 1985 2940; baseline 0 0"><span class='ocrx_word' id='word_1_251' title='bbox 1971 2092 1985 2940; x_wconf 95' lang='lat' dir='ltr'> </span> 
     </span>
    </p>
   </div>
  </div>
 </body>
</html>
