1914 3223
714 220 1003 264 -299—

543 403 624 438 299.
661 402 718 446 (1.)
755 403 812 437 De
839 403 1029 439 Vanitate
1054 401 1204 438 Mundi.

505 521 627 569 Supra
658 520 897 568 cantilenam,
930 530 1025 566 quac
1056 519 1213 566 incipit:

431 600 558 648 Quam
588 599 646 637 roi
677 598 715 636 la
745 600 818 645 flor
840 598 981 645 paroir
1010 600 1072 645 for
1102 598 1134 634 le
1167 628 1175 636 .
1200 628 1208 636 .
1233 628 1242 636 .
1263 598 1319 635 bet

485 657 528 694 ke
557 656 584 692 li
615 657 708 693 dous
739 658 825 693 tans
857 655 978 692 aester
1005 666 1044 692 se
1072 654 1277 693 reclarcist.

486 769 515 806 Ο
547 780 655 815 quam
689 767 806 805 fallax
838 772 891 805 est
925 767 1052 805 mundi
1083 767 1204 814 gloria

542 825 759 864 Pollicendo
789 825 970 862 seducens
1002 824 1201 866 hominem,

486 882 607 928 Hune,
640 883 698 918 cui
729 882 890 929 spondet
921 881 1012 918 dare
1044 881 1223 928 duplicia,

543 938 583 975 ln
614 943 807 976 aeternum
838 933 1087 988 perduceln]s
1118 938 1319 985 turbinem,

542 996 585 1031 111
616 1006 688 1042 quo
718 994 788 1032 Dei
818 994 941 1032 fuscat
970 995 1182 1041 imaginem,

485 1051 555 1096 Qui
588 1063 656 1098 pro
687 1052 768 1098 ipso
800 1052 941 1088 creavit
972 1051 1105 1088 onmia.

488 1108 582 1147 lleu,
615 1109 771 1154 ingrate,
806 1108 891 1145 dum
926 1108 1018 1144 vivit
1047 1107 1168 1153 venia,

548 1164 763 1209 Remum,
797 1164 872 1202 vita
906 1164 1138 1210 voraginem!

255 1375 335 1411 300.
372 1370 428 1417 (23)
466 1376 523 1410 De
548 1375 700 1411 sanctis
725 1375 765 1410 in
791 1375 956 1420 speciali
982 1376 1023 1410 ct
1047 1374 1175 1420 primo
1202 1375 1249 1411 (lc
1274 1374 1511 1418 virginibus.

430 1493 544 1530 Sour:
577 1493 678 1530 Tant
709 1492 748 1529 ai
780 1504 907 1530 amors
936 1493 1071 1530 sierm'e
1101 1492 1324 1538 ῑοηῃωηοπί.

707 1589 735 1623 O
765 1600 804 1621 sa
811 1593 890 1623 ncta
917 1590 1046 1633 Δωριάς.

485 1674 580 1712 Ave,
612 1683 770 1720 gemma,
802 1683 896 1719 quae
927 1673 1020 1709 luciS
1053 1673 1160 1721 eopia

541 1729 590 1766 Et.
623 1730 760 1766 virtute
791 1730 909 1767 vincis
942 1729 1222 1774 carbunculum,

487 1786 698 1824 Puellarum
730 1796 863 1833 gerens
894 1786 1055 1833 insignia

545 1841 798 1880 Praeferendo
829 1842 984 1889 pudoris
1015 1843 1219 1892 speculum,

542 1899 615 1936 Ora
647 1898 778 1949 Deum,
811 1899 873 1945 qui
904 1903 941 1935 te
971 1909 1040 1946 per
1069 1900 1245 1937 annulum

487 1955 756 1992 Subarrhatam
790 1956 943 1993 decorat
974 1957 1106 2003 gloria,

488 2011 537 2050 Ut
567 2012 730 2049 lamenta
759 2016 878 2051 mutet
906 2012 944 2048 in
975 2013 1112 2059 gaudia

542 2068 590 2105 Et
620 2069 657 2105 in
689 2069 831 2106 caelum
863 2079 1042 2116 praesens
1074 2070 1318 2116 ergastulum.

547 2285 628 2322 301.
664 2286 722 2329 (3.)
760 2282 878 2322 Sour:
914 2285 1009 2323 Vem'
1040 2289 1198 2325 creator.

263 2402 293 2438 Ο
318 2407 440 2438 saneta
466 2403 686 2439 Karkarimt.
1101 2406 1130 2442 O
1156 2410 1285 2442 sam-ta
1309 2408 1466 2452 Agatha.

123 2486 158 2524 1.
189 2487 286 2532 Ave,
318 2473 489 2533 quae-de
518 2487 713 2526 Maxentio
927 2492 963 2529 2.
996 2490 1090 2537 Ave⁷
1124 2490 1226 2528 cuius
1257 2492 1450 2538 apostolus

192 2542 301 2580 Fidei
334 2541 554 2581 fortitudine
806 2585 808 2589 ,
996 2547 1132 2584 Petrus
1163 2548 1309 2585 curavit
1339 2549 1508 2596 vulnera,

193 2599 445 2646 Triumplians
477 2600 551 2637 icta
581 2601 706 2648 gladio
997 2603 1099 2649 Quae
1141 2607 1225 2641 trux
1258 2604 1376 2641 hostis
1407 2609 1444 2642 et
1474 2605 1655 2644 subdolus

194 2655 272 2693 Lac
303 2656 441 2693 dedisti
472 2668 540 2704 pro
571 2657 761 2705 sanguine.
996 2659 1103 2697 Fecit
1135 2666 1335 2708 amputans
1369 2661 1498 2701 ubera.

525 2771 562 2810 3.
594 2771 624 2809 Ο
655 2781 760 2808 sacer
790 2775 917 2809 coetus
948 2773 1146 2819 virginum,

595 2827 769 2866 Candore
799 2828 951 2865 vincens
982 2829 1074 2877 lilia,

592 2883 720 2921 Exora
750 2896 820 2932 pro
851 2895 910 2922 me
939 2885 1152 2933 Dominum,

596 2942 711 2988 Quem
743 2940 842 2979 fudit
872 2942 943 2980 viri
975 2942 1113 2982 nescia.
