1914 3223
742 114 1049 155 —175—

404 227 472 266 13.
505 226 701 264 Floridam
733 227 865 264 mundi
896 228 1074 277 speciem,
1107 227 1218 266 beate
1248 275 1250 277 Ι

504 283 669 330 Martyr,
702 288 742 320 ut
774 283 843 320 luti
875 283 1042 321 maculas
1073 285 1229 334 putasti,

504 340 703 386 Respuens
735 350 864 376 omncs
897 341 1066 378 vitiantis
1098 342 1182 379 aevi

660 397 820 434 Pectore
850 408 981 435 noxas,

404 510 467 548 14.
500 509 619 547 Omne
650 513 877 547 tormentum
911 510 1132 557 gladiosque
1163 521 1295 549 saevos

504 566 630 603 Corde
662 566 792 613 risisti,
825 565 948 603 solido
979 578 1182 615 supernam

501 624 656 659 Intuens
688 623 853 669 palmam
885 634 1001 670 genus
1032 634 1140 660 omne
1172 624 1241 661 leti

659 679 762 716 Lene
793 680 975 726 putando.

406 793 469 832 15.
503 792 560 828 Tu
592 792 674 839 pios
705 793 805 829 inter
835 793 1003 839 speciale
1034 791 1174 830 fratres

500 849 639 886 Munus
670 849 836 886 invictae
869 849 957 886 fidei
987 853 1138 886 secutus

500 904 666 952 Spiritus
696 906 797 942 inter
825 916 982 952 superos
1013 907 1173 944 mereris

658 963 755 1000 Esse
787 963 957 1003 coheres.

406 1076 469 1115 16.
502 1075 557 1112 Te
587 1076 828 1113 sacerdotum
860 1080 1066 1113 veneratur
1097 1076 1204 1123 ordo,

504 1132 676 1170 Hostiam
708 1136 823 1169 temet
855 1133 943 1180 quia
976 1133 1241 1179 victimamque

503 1189 676 1226 Vividam
711 1190 863 1227 Christo
894 1200 1005 1227 sacra
1035 1188 1267 1236 proferendo

660 1246 770 1283 Dona
801 1247 934 1284 litasti.

407 1359 472 1397 17.
506 1359 601 1396 Tota
633 1364 670 1396 te
701 1359 825 1406 plebis
858 1360 1065 1406 populique
1095 1360 1236 1406 passim

502 1415 631 1453 Turba
663 1416 856 1453 collaudat
887 1416 1166 1463 Dominamque
1197 1427 1267 1463 pro
1297 1420 1347 1463 te,

504 1473 604 1518 Quos
634 1473 687 1509 tui
719 1483 870 1510 saevam
903 1471 1048 1510 faciunt
1079 1483 1218 1520 agones

661 1530 847 1566 Temnere
877 1535 1051 1568 mortem.

406 1641 470 1680 18.
502 1641 606 1689 Ergo
636 1647 834 1690 gratanter
865 1643 990 1690 capito
1021 1643 1158 1690 pieque

502 1698 625 1747 Dona,
658 1710 754 1746 quae
781 1711 938 1747 magnus
970 1705 1082 1746 parat
1111 1700 1335 1746 imperator,

503 1756 583 1793 Iam
615 1756 699 1793 subi
730 1757 840 1794 sedes
874 1757 944 1794 tibi
981 1760 1231 1803 praeparatas

661 1813 824 1850 Munere
855 1814 973 1861 largo.

405 1926 470 1964 19.
504 1925 612 1963 Illius
644 1936 801 1973 regnum
828 1927 1068 1973 spatiumque
1100 1927 1214 1974 vitae,

503 1982 723 2031 Coniugem‚
756 1983 903 2029 prolem
935 1983 1117 2030 populum
1148 1982 1300 2020 fidelem

503 2039 662 2086 Semper
690 2044 800 2077 oratu
831 2040 1064 2090 meritisque,
1094 2043 1243 2087 martyr

660 2097 786 2143 Alme,
818 2098 959 2135 iuvato.

207 2218 290 2251 Cod.
315 2219 474 2251 Vaticau.
500 2221 584 2262 Reg.
609 2217 687 2252 469.
711 2219 769 2260 (ol.
787 2220 1003 2262 Sangallen.)
1028 2230 1118 2252 saco.
1145 2218 1178 2252 9.
1208 2230 1260 2252 ex.
1287 2237 1331 2241 —
1360 2219 1388 2259 1,
1415 2218 1436 2252 2
1454 2221 1623 2252 ianm-ius.
1642 2238 1685 2241 —

115 2261 146 2304 2,
172 2260 193 2295 2
218 2261 340 2306 vot[a].
365 2283 410 2286 —
436 2262 487 2303 10,
513 2263 534 2296 2
558 2269 736 2307 patenum.
761 2285 804 2289 —
832 2264 882 2306 17,
908 2264 931 2297 4
956 2270 1093 2298 morter.

591 2445 672 2482 126.
709 2445 767 2489 (6.)
806 2445 949 2482 Oratio
976 2446 1204 2482 Dominica.

337 2550 585 2598 Omnipotens
616 2556 761 2601 auctor,
794 2553 890 2589 caeli
921 2556 1101 2599 regnator
1131 2552 1169 2588 in
1200 2552 1302 2598 aula,

339 2606 609 2645 Sanctificetur
638 2608 783 2646 honore
813 2613 917 2645 tuum
949 2608 1144 2646 laudabile
1174 2619 1312 2646 nomen

337 2664 468 2710 Longe
499 2665 652 2711 repulso
682 2665 801 2714 hoste,
836 2665 899 2712 qui
930 2676 997 2702 nos
1028 2665 1148 2702 livore
1178 2663 1326 2715 fatigat,

342 2721 386 2758 In
418 2723 607 2768 terrisque
638 2721 703 2758 fiat
734 2721 874 2758 nostris
905 2726 971 2758 tua
1003 2721 1106 2758 clara
1136 2722 1326 2769 voluntas,

285 2779 307 2814 5
344 2777 407 2816 Sic
438 2778 656 2815 veneranda
686 2778 765 2824 poli
795 2778 917 2825 qualis
947 2778 985 2814 in
1017 2777 1181 2815 culmine
1212 2781 1373 2816 constat.

345 2833 496 2871 Summe
527 2840 648 2880 pater,
680 2834 788 2871 nobis
819 2845 955 2881 panem
987 2835 1152 2872 concede
1185 2835 1373 2885 diurnum,
