1914 3223
131 1184 133 1187 ’
180 1186 201 1221 5

153 1468 203 1504 10

151 1750 201 1788 15

150 2035 202 2071 20

151 2318 201 2355 25

182 2895 204 2930 5

775 174 1085 219 —577—

239 288 323 319 Was
356 288 420 319 wir
449 297 511 319 aus
536 287 612 319 dem
642 287 819 329 Gesagten
844 298 885 319 zu
911 287 1044 329 t'olgern
1070 288 1202 326 haben,
1237 288 1282 319 ist
1310 287 1401 318 wohl
1427 287 1519 319 dies:
1555 287 1629 318 Das
1655 286 1720 319 Ge-

148 331 246 363 dicht
270 332 376 364 findet
400 332 474 364 sich
501 336 571 364 erst
595 334 631 364 iu
657 333 779 374 spiiten
806 332 1078 364 Handschriften
1104 334 1166 364 mit
1193 333 1270 365 dem
1297 334 1431 364 Namen
1457 333 1722 364 Bonaventuras

149 378 185 409 in
209 378 439 419 Verbindung
470 377 647 419 gebracht.
697 377 756 409 Ich
783 378 996 410 meinesteils
1022 378 1137 410 wiirde
1164 378 1255 410 mich
1281 377 1377 410 nicht
1402 377 1587 417 wundern,
1620 388 1720 409 wenn

148 422 236 454 auch
263 422 375 455 dieses
402 423 489 455 Lied
514 424 570 455 Pe
585 423 744 455 ckham
770 423 950 465 ang-elion,
975 434 1019 455 an
1046 424 1169 456 dessen
1188 424 1253 455 Art
1270 423 1340 455 und
1359 424 1477 455 Weise
1495 433 1530 455 es
1548 422 1723 465 gemahnt.

147 469 226 500 wir
251 468 364 500 haben
390 468 473 500 aber
498 469 602 500 keiue
627 468 974 510 durehschlagenden
992 469 1145 505 Griinde,
1172 480 1207 501 es
1234 479 1296 501 aus
1314 468 1375 501 der
1400 470 1497 500 Liste
1514 468 1575 500 der
1593 467 1721 500 Werke

147 514 411 545 Bonaventuras
442 524 485 545 zu
515 514 704 552 streichen,
738 514 887 546 sondern
919 514 1055 546 werden
1081 514 1245 557 riclitiger
1270 518 1349 552 tun,
1383 514 1565 552 dasselbe,
1600 515 1721 546 immer

148 560 212 590 mit
235 559 296 591 der
320 560 462 600 notigeu
488 560 648 597 Reserve,
672 559 749 591 dein
774 558 1073 591 herkiimmlichen
1098 560 1279 592 Verfasser
1308 570 1351 591 zu
1376 559 1547 592 belasseu.

417 759 500 794 3⁸34.
533 760 591 803 (4.)
626 761 684 796 De
711 761 863 805 septem
888 761 1030 797 Verbis
1055 761 1139 796 DN.
1166 761 1256 797 Iesu
1283 760 1456 797 Christi.

725 842 753 873 P
762 843 797 873 ri
809 853 841 873 m
851 852 873 873 ιι
884 852 917 873 m
949 842 980 873 V
990 853 1007 874 e
1019 853 1034 874 r
1045 843 1064 874 b
1075 853 1097 874 u
1111 853 1154 874 m.

235 958 334 1003 Iesu,
367 956 499 994 salutis
531 956 666 1004 hostia,

239 1013 379 1051 Salutis
410 1012 651 1059 sacrificium,

234 1070 332 1117 Iesu,
364 1069 497 1107 salutis
529 1069 663 1118 gratia,

234 1126 375 1164 Salutis
408 1124 642 1169 beneficium,

236 1185 333 1232 Iesu,
365 1186 447 1230 tuta
476 1181 629 1229 fiducia,

237 1241 335 1288 Iesu,
370 1243 491 1276 tutum
521 1237 721 1286 refugium.

234 1297 292 1335 Tu
319 1307 389 1342 pro
420 1296 583 1333 humano
613 1306 762 1343 genere,

234 1353 286 1392 Ut
318 1353 509 1400 captivum
542 1352 762 1399 redimeres,

231 1409 289 1446 Tu
318 1421 389 1456 pro
419 1409 582 1446 humano
613 1407 786 1458 foedere,

237 1467 288 1506 Ut
321 1466 487 1504 exsulem
518 1465 732 1512 reduceres,

237 1523 295 1560 Tu
325 1534 395 1570 pro
425 1522 587 1560 humano
619 1522 775 1570 scelere,

239 1579 378 1626 Culpas
409 1583 559 1616 nostras
589 1582 630 1615 ut
660 1579 828 1627 tolleres,

236 1636 293 1673 Tu
325 1647 393 1682 pro
426 1635 556 1673 divino
587 1645 754 1683 munere,

235 1693 288 1731 Ut
318 1703 386 1730 nos
414 1692 495 1729 Deo
527 1692 785 1742 coniungeres,

236 1748 321 1787 Non
354 1745 537 1785 recusasti
569 1748 730 1793 vincula,

236 1806 320 1843 Non
351 1805 514 1852 flagella,
545 1816 620 1842 non
651 1805 828 1852 verbera,

235 1862 321 1900 Non
351 1862 542 1899 latronum
573 1861 757 1909 patibula,

239 1919 323 1956 Non
356 1919 508 1965 livores,
541 1929 615 1955 non
643 1919 822 1966 vulnera3

233 1976 308 2013 Sed
341 1975 429 2012 dum
460 1979 498 2011 te
530 1985 621 2011 crux
652 1975 863 2022 susciperet

233 2032 284 2069 Et
315 2031 436 2068 hostis
465 2032 504 2068 in
536 2036 574 2068 te
605 2030 797 2078 fremeret,

234 2089 333 2126 Dum
365 2089 524 2125 malleus
553 2093 784 2139 percuteret,

234 2146 286 2182 Et
317 2146 444 2183 clavus
480 2155 631 2182 carnem
663 2145 870 2194 scinderet,

234 2201 334 2239 Dum
365 2212 516 2246 sensum
548 2202 657 2239 dolor
688 2206 844 2249 angeret

233 2258 285 2296 Et
316 2269 424 2296 sacer
454 2258 606 2305 sanguis
638 2257 784 2307 flueret,

238 2315 332 2352 Dum
364 2315 492 2362 passio
523 2319 560 2352 te
591 2320 781 2363 premeret

234 2372 494 2419 Angustia-que
526 2376 725 2418 cresceret,

1058 957 1207 994 Patrem
1241 957 1382 1004 rogasti
1414 956 1603 1003 precibus,

1058 1015 1110 1053 Ut.
1141 1019 1331 1061 tamquam
1361 1013 1622 1060 ignorantibus

1057 1070 1148 1107 Tuis
1179 1071 1348 1118 ignoscat
1380 1070 1552 1107 hostibus

974 1128 1024 1165 30
1058 1128 1118 1164 Ac
1148 1131 1186 1164 te
1218 1126 1536 1176 crucifigentibus,

1059 1183 1265 1221 Dicens:
1298 1183 1427 1230 Pater,
1460 1181 1613 1231 iynosce
1633 1181 1723 1228 illis,

1057 1240 1152 1286 quia
1190 1240 1387 1290 nesciunt,
1427 1239 1522 1286 quid
1559 1239 1725 1286 faciunt.

1199 1321 1221 1345 21<
1483 1321 1505 1344 >l<

1340 1353 1361 1377 >k

1060 1412 1090 1450 Ο
1122 1410 1224 1447 mitis
1255 1410 1451 1456 patientia,

1061 1468 1090 1505 Ο
1122 1471 1318 1504 mansueta
1348 1466 1503 1510 mititas,

1062 1524 1091 1562 O
1123 1524 1304 1560 immensa
1337 1523 1551 1568 clementia,

1056 1581 1086 1619 Ο
1116 1580 1298 1617 immensa
1329 1579 1552 1626 benignitas,

973 1638 1023 1675 35
1055 1637 1127 1683 Qui
1155 1640 1197 1674 ut
1226 1636 1307 1673 ovis
1338 1636 1538 1673 mitissima

1057 1694 1145 1731 Non
1176 1693 1318 1744 promis
1348 1692 1633 1740 querimoniam,

1058 1750 1126 1796 Qui
1158 1754 1200 1786 ut
1230 1754 1351 1787 mater
1383 1748 1579 1786 carissima

1060 1807 1139 1844 Iam
1171 1816 1330 1843 excusas
1361 1805 1550 1855 iniuriam,

1059 1865 1113 1902 Ut
1143 1863 1268 1900 anima
1297 1862 1516 1899 dulcissima

972 1920 1024 1958 40
1058 1921 1180 1957 Tenes
1213 1919 1529 1965 benevolentiam,

1057 1976 1109 2015 Ut
1139 1976 1315 2013 voluutas
1346 1975 1518 2022 piissima

1058 2034 1234 2070 Praestas
1265 2032 1580 2069 misericordiam.

1056 2090 1119 2128 Ad
1150 2094 1187 2126 te
1219 2089 1324 2127 vadit
1356 2099 1443 2136 spes
1475 2089 1637 2137 animae,

1055 2146 1119 2184 Ad
1151 2150 1190 2183 te
1221 2146 1387 2183 clamant
1417 2145 1598 2192 suspiria,

973 2204 1024 2241 45
1057 2203 1120 2241 Ad
1151 2207 1189 2239 te
1221 2203 1429 2239 decurrunt
1459 2202 1650 2252 lacrimae,

1058 2259 1111 2297 Te
1143 2259 1297 2306 pulsant
1328 2257 1519 2296 desideria

1059 2315 1305 2354 Confidenter
1335 2315 1522 2353 dicentia:

1060 2370 1222 2420 Ignosce
1252 2371 1376 2420 nobiS,
1412 2371 1586 2409 Domine.

703 2563 940 2596 Secundum
969 2563 1172 2595 Verbum.

236 2668 334 2713 Iesu,
367 2666 526 2714 largitor
555 2667 700 2717 veniae,

239 2721 341 2772 Iesu,
374 2723 541 2760 solamen
572 2725 749 2770 tristium,

238 2777 340 2826 Iesu,
371 2780 453 2817 laus
484 2780 750 2828 paenitentiae,

240 2837 336 2886 Iesu,
369 2846 456 2883 spes
488 2837 775 2884 paenitentiam,

238 2893 336 2930 Dum
368 2893 554 2940 penderes
585 2893 762 2930 innoxius

1058 2665 1272 2705 Crucifixus
1303 2669 1340 2702 et
1371 2665 1504 2703 anxius

1059 2724 1165 2761 Inter
1197 2723 1363 2760 latrones
1395 2722 1554 2770 medius,

1058 2780 1205 2816 Horum
1236 2779 1274 2816 in
1305 2789 1428 2826 poena
1458 2779 1594 2829 socius,

1058 2836 1156 2873 Dum
1189 2842 1228 2874 te
1257 2846 1352 2873 unus
1383 2840 1559 2882 argueret

974 2893 1024 2931 10
1057 2892 1108 2930 Et
1139 2893 1256 2930 stulte
1287 2891 1596 2943 reprehenderet,

220 2961 245 2987 D
254 2969 269 2987 r
281 2969 297 2988 e
308 2969 328 2988 v
339 2969 378 2988 es
389 2983 395 2995 ,
420 2961 628 2989 Lateinische
648 2961 930 2995 Hymnendiehter
967 2961 1010 2987 11.
1478 2957 1521 2992 37
