2031 3289
940 160 1246 203 —188—

321 278 358 315 5.
392 276 614 313 Divinorum
648 276 848 321 completio
1131 279 1168 316 6.
1200 277 1271 322 Qui
1301 288 1428 314 verum
1459 288 1567 314 omne
1599 277 1744 326 doceat,

445 332 642 369 Festorum
675 333 766 368 haec
798 331 996 381 festivitas,
1258 334 1468 371 Promissus
1499 334 1560 370 hic
1591 338 1648 371 est
1675 335 1845 381 spiritus,

387 389 516 426 Divini
549 388 816 425 consummatio
1200 389 1273 426 Hic
1304 395 1372 435 cst,
1405 391 1468 436 qui
1500 396 1633 427 cuncta
1663 396 1851 438 suggerat,

450 445 624 483 Promissi
657 444 697 481 fit
729 445 821 481 haec
853 444 1020 491 largitas.
1258 447 1359 492 Quae
1389 447 1466 483 suis
1498 447 1593 483 dixit
1623 446 1734 487 filius,

501 501 649 538 Summa
682 512 824 537 summo
856 501 934 547 regi
1317 502 1468 539 Summa
1498 514 1640 540 summo
1671 504 1748 550 regi

559 558 638 595 Deo
669 558 717 594 sit
748 557 880 604 gloria,
1372 559 1452 596 Deo
1482 559 1531 596 sit
1561 560 1692 610 gloria,

502 614 613 652 Cuius
646 618 780 652 cuncta
1025 623 1032 627 ·
1319 616 1408 654 Cuis
1439 619 1572 652 cuncta

557 671 765 707 subsistunt
796 670 929 718 gratia,
1372 671 1582 709 subsistunt
1612 672 1745 721 gratia,

503 727 560 763 Ex
591 737 676 773 quo,
709 737 777 774 per
808 737 928 773 quem,
1313 728 1373 765 Ex
1404 739 1488 777 qu0‚
1521 739 1589 776 per
1618 739 1740 776 quem,

554 784 590 819 in
623 795 695 829 quo
726 787 811 820 sunt
841 784 976 821 omnia.
1372 785 1410 821 iu
1441 796 1513 831 quo
1543 791 1629 822 sunt
1659 786 1794 824 omnia.

723 909 758 947 7.
791 909 1060 954 Apostolorum
1091 909 1280 955 precibus,

849 965 948 1010 Quos
979 965 1050 1001 hac
1080 965 1119 1002 in
1154 966 1214 1002 die
1246 976 1457 1012 consecras,

791 1021 916 1057 Isdem
947 1032 1013 1058 nos
1045 1021 1336 1059 charismatibus

846 1077 1045 1128 Confirma,
1079 1089 1171 1125 quos
1203 1089 1416 1125 regeneras,

904 1134 1055 1171 Summa
1085 1146 1229 1172 summo
1260 1136 1338 1182 regi

960 1191 1040 1228 Deo
1071 1191 1117 1228 sit
1150 1192 1284 1239 gloria,

903 1247 1016 1284 Cuius
1048 1253 1183 1285 cuncta

963 1304 1173 1341 subsistunt
1203 1305 1337 1352 gratia,

902 1361 961 1398 Ex
993 1372 1077 1408 qu0‚
1110 1372 1178 1408 per
1209 1372 1330 1409 quem,

958 1418 995 1454 in
1028 1429 1100 1464 quo
1131 1422 1215 1455 sunt
1247 1419 1385 1467 omnia.

411 1543 438 1573 B
462 1542 519 1573 fol.
547 1539 586 1572 91
600 1552 629 1572 a.
656 1560 696 1563 —
728 1542 753 1572 C
779 1541 836 1573 fol.
866 1539 970 1573 1031).
997 1560 1035 1563 -μ
1063 1539 1094 1579 4,
1124 1539 1144 1572 4
1171 1543 1334 1582 opposuit
1359 1543 1395 1573 C.
1421 1559 1463 1563 —
1489 1540 1518 1580 5,
1544 1540 1565 1572 4
1592 1542 1638 1572 sit
1662 1541 1746 1572 haec
1772 1542 1808 1572 B.
1834 1558 1878 1562 ——

320 1586 351 1625 6,
378 1585 398 1618 2
424 1587 480 1618 hic
505 1591 557 1618 est
582 1588 725 1628 spiritus
751 1587 865 1617 fehlen
890 1587 928 1617 B.
954 1604 998 1607 —
1025 1585 1054 1623 7,
1084 1585 1098 1617 1
1127 1596 1200 1628 sqq.
1226 1586 1340 1618 fehlen
1366 1588 1405 1617 B.

724 1811 794 1846 183.
830 1811 911 1854 (73.)
947 1810 985 1845 ln
1014 1809 1254 1845 Detlicatione
1282 1809 1482 1846 Ecclesiae.

945 1894 984 1923 111
1014 1891 1040 1923 1.
1068 1893 1256 1924 Nocturno.

364 2011 400 2046 1.
433 2008 549 2046 Sacra
581 2008 823 2054 Ierosolymis
1181 2011 1217 2046 3.
1251 2008 1380 2044 Nostri
1411 2008 1591 2054 templum
1623 2009 1787 2055 pectoris

489 2066 608 2103 Facta
639 2073 724 2101 sunt
755 2064 945 2113 encaenia,
1304 2066 1391 2110 Ipse
1423 2065 1493 2102 sibi
1526 2069 1718 2102 consecret

435 2122 523 2159 Cum
557 2122 620 2158 lux
653 2125 751 2158 esset
784 2121 943 2157 celebris
1248 2121 1295 2157 Et
1328 2121 1444 2168 signis
1475 2122 1698 2158 extrinsecis

488 2178 641 2215 Domini
673 2176 902 2224 praesentia.
1305 2178 1379 2215 Res
1410 2178 1578 2214 internas
1610 2182 1798 2225 aggreget.

361 2306 398 2342 2.
433 2304 519 2350 Ipse
551 2303 688 2339 nostris
721 2303 831 2339 hodie
1176 2305 1212 2339 4.
1246 2305 1348 2347 Quae
1380 2301 1473 2337 fiunt
1503 2302 1680 2347 exterius,

488 2359 518 2396 F
523 2360 612 2396 estis
643 2360 747 2405 assit,
780 2369 1015 2405 quaesumus
1305 2359 1408 2394 Intus
1439 2358 1519 2404 ipse
1551 2358 1750 2405 compleat,

437 2416 648 2453 Praesentis
680 2416 858 2452 basilicae
1244 2415 1379 2451 Mundi
1410 2414 1666 2460 penetralibus

492 2473 663 2509 Basileon
697 2473 886 2518 proprius,
1302 2472 1370 2516 Qui
1403 2471 1528 2507 cordis
1559 2471 1758 2509 inhabitat.

795 2602 830 2636 5.
861 2598 941 2634 Deo
972 2597 1071 2643 patri
1103 2597 1234 2643 gloria,

922 2655 995 2691 Par
1026 2654 1072 2690 sit
1106 2654 1228 2690 honor·
1257 2653 1346 2695 tilio,

864 2712 1025 2757 Compar
1055 2711 1104 2746 sit
1133 2710 1281 2756 spiritui

919 2767 1136 2804 Gratiarum
1169 2767 1279 2806 actio

412 2893 436 2923 Η
462 2892 518 2923 fol.
545 2891 629 2922 (Ala.
661 2909 701 2911 ᾖ
727 2890 757 2929 33,
783 2890 804 2922 2
828 2894 1015 2922 conset-rat.
