2031 3289
999 193 1047 199 -—
1107 169 1189 210 460
1252 193 1304 198 ‹—

685 284 721 321 8.
753 283 804 321 Ut
835 283 890 319 tui
921 282 1028 319 verbi
1060 282 1284 319 documenta
1314 283 1418 320 clara

752 339 863 377 Orbis
894 339 1086 375 illustrant
1116 339 1276 385 populos
1305 338 1452 387 fideles,

750 395 924 432 Militans
955 393 1083 431 fanum
1113 395 1235 432 nitido
1267 396 1403 432 decore

842 451 985 497 lugiter
1013 462 1164 490 ornans,

683 543 721 580 9.
754 540 987 588 Naufragum
1015 545 1130 587 ponto
1161 539 1366 588 ferulisque
1397 552 1548 579 caesum

754 598 894 644 Sporta
923 602 961 634 te
990 608 1116 634 muros
1147 596 1347 644 profugum
1379 609 1448 644 per
1478 603 1582 636 artos

754 654 902 691 Detulit
931 665 1083 700 passum
1115 653 1291 690 tenebras
1321 659 1469 691 atroces

845 710 1018 747 Carceris
1048 710 1135 747 atri.

659 801 724 839 10.
755 800 826 837 Ille
857 801 1022 837 crudelis
1054 799 1156 837 Nero
1188 800 1330 838 Caesar
1359 806 1485 851 anget,

755 856 904 894 Efferus
934 857 1001 893 leti
1032 857 1208 903 capitalis
1239 867 1327 893 ense

754 913 927 950 Abstulit
956 914 1071 950 vitam
1100 913 1181 961 tibi,
1215 919 1343 950 sancte
1374 914 1503 962 Paule,

845 970 1025 1016 Corporis
1056 969 1179 1016 aequi.

657 1060 722 1100 11.
753 1060 905 1106 Martyr
937 1063 973 1096 et
1003 1059 1156 1096 tandem
1188 1059 1400 1096 celebratus
1429 1060 1494 1096 isti

753 1117 867 1154 Miles
898 1116 946 1153 ad
979 1116 1073 1153 caeli
1104 1116 1237 1152 solium
1269 1117 1436 1165 superni,

753 1173 805 1210 Et-
834 1173 908 1210 tuis
939 1173 1045 1209 miris
1075 1173 1220 1209 meritis
1250 1172 1394 1210 ibidem

844 1230 964 1268 Utere
994 1239 1144 1276 perpeS.

659 1320 724 1358 12.
757 1320 888 1367 Tuque
918 1330 988 1366 pro
1018 1319 1126 1356 nobis
1157 1319 1285 1356 noc-uis
1318 1324 1462 1368 rogato,

753 1377 824 1422 Qui
855 1376 976 1413 Deum
1008 1381 1114 1412 tanto
1146 1376 1298 1412 redimit
1330 1376 1467 1423 nitore,

757 1434 886 1479 Teque
917 1433 1095 1469 dilectum
1128 1433 1316 1478 pretiatur
1347 1433 1437 1479 alte,

848 1489 963 1526 Paule
994 1489 1168 1536 benigne.

657 1580 722 1620 13.
756 1579 908 1617 Gratias
939 1579 1011 1616 sibi
1044 1578 1252 1616 referamus
1284 1590 1384 1626 ergo,

753 1637 823 1682 Qui
853 1641 917 1673 tuo
948 1640 1089 1673 tantam
1122 1636 1255 1673 tribuit
1284 1636 1407 1673 labori

756 1692 938 1739 Gloriam,
973 1693 1136 1738 Christo,
1171 1693 1284 1729 decus
1317 1697 1429 1740 atque
1460 1702 1635 1739 magnum

843 1749 1029 1796 Tempore
1059 1753 1150 1788 tot0.

17 1562 44 1723 ³5}

23 1745 40 1821 15

23 1809 27 1830 ¹

19 1835 38 1851 μ

459 1838 600 1870 Collect.
636 1849 699 1869 ms.
724 1838 926 1870 Hilariense
960 1848 1050 1870 saec.
1085 1836 1135 1869 15.
1185 1838 1268 1870 Cod.
1294 1839 1466 1870 Hilarien.
1493 1836 1546 1869 77.
1571 1855 1616 1859 -
1644 1834 1703 1876 13,
1742 1836 1757 1868 1
1785 1838 1859 1868 tibi.
1884 1854 1929 1859 —

370 1884 421 1921 13,
448 1882 469 1915 3
496 1885 635 1916 Christi.
656 1901 700 1905 —-
720 1884 843 1925 „Hunc
869 1884 1033 1924 hymnum
1061 1884 1102 1914 ad
1128 1883 1295 1915 honorem
1319 1884 1466 1926 gloriosi
1490 1883 1652 1924 apostoli,
1677 1884 1787 1914 sancti
1814 1883 1925 1919 Pauli,

366 1941 469 1962 versu
495 1929 660 1971 sapphico
686 1932 719 1960 et
744 1929 891 1960 adonico
916 1929 1038 1961 feriate
1062 1928 1157 1969 (oder
1182 1928 1321 1969 seriate)
1344 1929 1535 1970 composui.
1574 1929 1659 1960 Tres
1685 1929 1788 1970 primi
1805 1938 1926 1960 versus

369 1980 449 2006 sunt
467 1976 636 2016 sapphici,
656 1978 800 2016 quartus
817 1985 899 2006 vero
918 1974 1066 2005 adonius
1084 1976 1119 2005 in
1137 1975 1231 2005 omni
1245 1975 1466 2016 quaternario
1481 1974 1653 2005 collocati.
1683 1974 1805 2005 Potest
1818 1973 1928 2005 dividi

367 2022 403 2051 in
429 2026 497 2052 tres
524 2025 638 2061 partes
664 2020 706 2051 ad
733 2030 909 2060 vesperos,
933 2019 977 2051 ad
1001 2020 1192 2051 matutinos
1218 2023 1252 2051 et
1276 2020 1319 2051 ad
1343 2019 1464 2051 laudes
1490 2020 1598 2050 sieut:
1625 2021 1673 2052 Ut
1697 2023 1826 2061 queant
1839 2019 1927 2050 laxis

368 2076 531 2098 resonare
567 2065 674 2103 fibris,
711 2066 822 2096 Antra
853 2065 981 2096 deserti
1013 2066 1142 2096 teneris
1173 2066 1236 2096 sub
1270 2066 1389 2102 annis,
1427 2065 1456 2096 Ο
1491 2065 1596 2096 nimis
1628 2064 1711 2096 felix
1744 2065 1927 2106 meritique

368 2110 483 2142 celsi-‘⁶
511 2128 555 2132 —-
581 2111 647 2142 Cfr.
674 2109 934 2152 Grillenberger
959 2110 981 2141 l.
1007 2120 1035 2141 c.
1061 2108 1138 2142 321.
1905 2118 1908 2120 ·

22 1967 44 2031 -252
20 1895 44 1957 ⁴33

0 1594 22 2188 ‘QmffmQt-'u—v«

23 1852 43 1889 -G

43 2440 45 2448 r
10 2334 46 2430 »ἕως
0 2021 45 2322 mer?

500 2277 581 2314 445.
618 2278 677 2319 (4.)
712 2277 942 2313 Translatio
970 2277 1011 2312 in
1037 2278 1207 2312 metrum
1231 2276 1365 2320 hymni
1389 2279 1468 2312 Ave
1494 2277 1617 2313 maris
1644 2277 1780 2314 stella.

597 2372 711 2410 Alma
740 2372 813 2409 Dei
842 2372 1014 2418 genetrix
1045 2376 1082 2408 et
1114 2371 1208 2409 caeli
1238 2371 1352 2408 ianua
1382 2369 1486 2419 felix,

664 2429 830 2475 Fulgida
860 2429 972 2465 stella
1002 2428 1128 2475 maris,
1161 2428 1266 2475 virgo
1297 2428 1486 2474 perennis,
1518 2437 1600 2466 ave.

597 2485 643 2522 Id
676 2484 867 2522 Gabrielis
898 2487 982 2522 Ave
1013 2495 1108 2531 quae
1139 2482 1250 2521 fortis
1281 2484 1328 2522 ab
1360 2495 1426 2522 ore
1456 2484 1589 2534 tulisti,

666 2541 746 2578 Nos
775 2541 932 2578 miseros
964 2539 1082 2579 funda
1113 2541 1219 2588 pacis
1248 2541 1287 2578 in
1318 2551 1405 2578 arce
1434 2545 1554 2581 ratae.

536 2600 572 2637 5.
603 2599 707 2645 Quae
739 2597 969 2635 celebranda
1000 2608 1137 2644 parens
1168 2598 1321 2634 mutasti
1353 2608 1488 2634 nomen
1520 2601 1557 2634 et
1586 2597 1704 2646 Evae,

670 2654 727 2692 Tu
758 2655 858 2692 mala
887 2658 1017 2692 nostra
1049 2655 1148 2700 fuga,
1181 2659 1221 2690 tu
1251 2654 1345 2691 bona
1380 2658 1515 2691 cuncta
1546 2658 1645 2701 pete.

601 2711 764 2749 Vincula
794 2711 898 2747 solve
929 2711 1003 2748 reis
1035 2715 1069 2747 et
1102 2709 1232 2757 profer
1263 2711 1406 2747 lumina
1436 2709 1558 2748 caecis
1598 2733 1600 2735 >

666 2767 804 2805 Matiis
837 2771 873 2804 et
904 2767 1054 2804 insinua
1083 2770 1120 2803 te
1149 2767 1313 2805 retinere
1342 2771 1494 2805 statum.

600 2824 654 2862 Te
684 2823 876 2861 mediante
904 2833 1037 2870 preces
1067 2834 1136 2870 pro
1167 2823 1275 2860 nobis
1305 2823 1371 2860 ille
1400 2827 1585 2873 capessat,

507 2881 571 2919 10.
674 2880 744 2926 Qui
775 2880 861 2917 tulit
893 2891 976 2918 esse
1007 2885 1092 2917 tuus
1119 2885 1228 2917 natus
1258 2880 1296 2917 in
1327 2879 1418 2917 orbe
1447 2880 1562 2920 Deus.
