2031 3289
910 159 1217 199 ——146—

772 268 835 304 113.
870 269 928 313 (3.)
964 269 1002 305 ln
1029 268 1140 305 tertio
1165 269 1359 305 Nocturno.

293 354 328 390 1.
361 354 405 390 In
435 358 557 389 ortum
588 352 719 389 mundi
749 352 897 389 sensilis
1103 356 1139 392 4.
1171 354 1304 399 Aquae
1337 352 1467 390 fovens
1498 353 1668 392 vivificus

358 409 524 446 Mundus
554 408 814 456 intellegibilis
1172 410 1253 447 Iam
1285 409 1525 447 incumbebat
1554 411 1725 458 spiritus,

418 466 531 503 Caelo
563 466 672 502 simul
1229 466 1281 504 Ut
1312 466 1399 503 hinc
1429 478 1548 513 aquae

472 526 507 558 et
539 525 642 559 terra
673 521 826 559 condito
1285 522 1359 559 iam
1387 527 1478 559 tunc
1509 524 1764 570 conciperent,

416 578 473 615 De
505 579 633 616 divino
1232 579 1344 617 Unde
1374 580 1520 625 prolem

472 635 546 672 iam
578 635 708 681 prodit
737 635 874 674 animo.
1286 646 1385 672 nunc
1414 647 1559 673 sacram
1591 640 1781 683 parerent.

291 739 329 776 2.
364 737 515 774 Caelum
544 748 630 773 mox
662 736 896 784 spiritalibus
1105 739 1142 775 5.
1173 736 1309 773 Mundi
1339 747 1485 784 quoque
1515 739 1725 784 primordia

361 793 592 831 Redimitum
624 798 680 829 est
711 793 869 839 civibus,
1174 793 1286 830 Lucis
1318 799 1520 831 venustans
1550 795 1685 842 gratia,

417 850 522 887 Haec
552 854 744 887 auctorem
1231 850 1339 887 Dixit
1368 850 1494 889 Deus:

473 918 580 944 suum
610 906 808 944 laudantia
1291 906 1348 944 Sit
1377 907 1456 954 lux,
1488 911 1525 944 et
1553 906 1655 946 facta
1687 913 1755 960 est,

419 963 609 1001 Matutina
1231 963 1266 1000 A
1299 963 1466 1001 tenebris

476 1023 563 1057 sunt
591 1020 658 1057 illa
689 1020 829 1057 sidera.
1288 1019 1377 1056 inde
1410 1021 1533 1058 divisa
1562 1025 1633 1060 est,

295 1124 331 1162 3.
364 1122 492 1159 Tellus
523 1122 658 1167 inanis,
691 1132 809 1158 vacua
1106 1123 1144 1160 6.
1176 1122 1234 1159 Sit
1263 1132 1399 1168 perpes
1430 1121 1511 1158 Deo
1542 1123 1674 1170 gloria,

363 1178 525 1215 Latebat
556 1179 661 1225 aquis
691 1178 827 1224 obsita,
1176 1178 1235 1216 Ex
1256 1190 1328 1225 quo
1350 1183 1448 1224 sunt,
1471 1189 1566 1225 quae
1587 1183 1686 1230 sunt,
1710 1179 1848 1228 omnia,

418 1235 476 1272 Ac
506 1234 622 1272 facies
1232 1236 1359 1281 Ipsum
1392 1240 1538 1285 cuncta,

477 1291 658 1339 profundi
690 1290 849 1338 gurgitis
1288 1302 1357 1338 per
1379 1302 1487 1339 quem
1506 1296 1603 1341 sunt,
1626 1293 1848 1339 praedicent

419 1348 617 1396 Caligabat
1233 1349 1313 1395 Ipsi
1345 1359 1506 1397 semper,

478 1405 651 1442 obductis
681 1404 860 1441 tenebris.
1289 1406 1327 1442 in
1358 1417 1429 1452 quo
1460 1410 1558 1453 sunt,
1590 1405 1763 1444 iubilent.

386 1496 414 1526 B
439 1495 496 1526 fol.
522 1492 608 1526 821).
635 1513 676 1516 -
701 1492 732 1532 4,
762 1491 777 1525 1
804 1494 914 1536 Aqua.
940 1511 984 1515 —
1005 1492 1035 1533 5,
1063 1492 1079 1525 1
1106 1495 1142 1525 in
1168 1494 1286 1526 mundi
1311 1505 1458 1536 quoque.

816 1626 882 1663 114.
917 1628 975 1668 (4.)
1010 1625 1119 1663 Fet-ia
1148 1626 1324 1663 Secunda.

916 1697 968 1729 Ad
993 1699 1215 1730 Matutinum.

296 1782 331 1819 1.
365 1782 408 1817 In
440 1784 638 1817 coaeterno
669 1779 852 1816 Dominus
1108 1781 1145 1819 Ρ).
1179 1779 1320 1825 Quibus
1353 1780 1418 1816 has
1449 1791 1564 1826 aquas
1595 1779 1723 1817 usibus

368 1836 491 1874 Verbo
523 1837 620 1874 dixit
649 1836 877 1873 altissimus:
1178 1837 1373 1885 Reservat‚
1408 1838 1511 1873 novit
1540 1836 1733 1886 Dominus,

420 1894 718 1931 Firmamentum
1237 1893 1393 1930 Constat
1423 1898 1560 1942 autem,

478 1951 526 1987 sit
557 1950 834 1999 interpositum,
1293 1954 1329 1986 et
1361 1950 1453 1986 haec
1487 1954 1524 1986 et
1554 1953 1680 1986 cetera

423 2008 475 2046 Ut
508 2007 655 2044 dividat
1235 2006 1354 2043 Nobis
1380 2017 1474 2053 esse,

479 2075 659 2110 aquarum
690 2063 868 2103 medium.
1290 2074 1364 2100 non
1394 2063 1466 2100 sibi
1499 2062 1662 2102 condita.

298 2156 333 2192 2.
364 2154 516 2192 Dictum
549 2153 702 2192 effectus
731 2154 912 2203 sequitur,
1111 2157 1146 2193 4.
1182 2154 1331 2191 Nostris
1362 2154 1650 2191 necessitatibus

366 2211 536 2257 Abyssus
566 2211 827 2260 interceditur,
1181 2211 1408 2248 Providetur
1435 2211 1473 2247 in
1504 2210 1689 2261 omnibus,

422 2267 642 2305 Jacentibus
1238 2267 1312 2305 Pro
1342 2267 1500 2314 singulis

479 2325 587 2371 aquis
616 2322 774 2361 inferius
1291 2335 1314 2361 a
1348 2324 1456 2361 nobis
1487 2324 1648 2362 Domino

425 2381 716 2428 Suspensluntur
1237 2379 1455 2418 Gratiarum

481 2448 600 2485 aquae
630 2437 815 2484 superius.
1294 2437 1453 2475 debetur
1483 2437 1594 2476 actio.

640 2531 675 2565 5.
710 2528 767 2565 Sit
797 2539 934 2575 perpes
965 2529 1046 2566 Deo
1077 2529 1208 2577 gloria,

709 2585 768 2622 Ex
801 2596 873 2632 quo
904 2589 1002 2630 sunt,
1035 2596 1130 2632 quae
1159 2589 1257 2634 sunt,
1289 2585 1427 2632 omnia,

767 2643 894 2688 Ipsum
928 2647 1073 2691 cuncta,

823 2709 891 2745 per
921 2709 1029 2745 quenl
1060 2703 1158 2748 sunt,
1191 2699 1425 2745 praedicent,

768 2755 846 2802 Ipsi
879 2765 1039 2802 semper,

825 2812 860 2848 in
892 2823 966 2858 quo
999 2816 1096 2861 sunt,
1129 2812 1299 2851 iubilent.

393 2890 417 2919 Β
444 2889 500 2920 sol.
525 2888 610 2919 821».
