1914 3223
875 198 956 238 5:35
1015 221 1071 226 —

77 319 79 321 ’
135 313 211 351 4a.
255 312 298 348 In
331 311 401 348 hoc
431 311 537 358 signo
568 310 800 358 triumphali,
958 293 1033 351 db.
1075 304 1191 350 Mare
1216 312 1338 350 credit
1369 317 1405 349 et
1436 312 1577 358 obedit,

253 368 298 405 In
330 368 400 405 hac
430 367 537 414 virga
567 367 763 414 pastorali,
1070 369 1236 406 Mundus
1269 369 1403 414 credit,
1436 373 1473 406 et
1505 370 1648 407 recedit

308 425 422 472 Virga
454 423 723 470 paenitentiae,
1125 425 1246 462 Error
1276 426 1524 473 ignorantiae.

135 529 204 566 5a.
246 526 349 574 Ergo
384 525 543 562 mundas
574 528 611 561 et
642 523 824 562 fecundas
955 525 1027 566 5b.
1069 527 1181 573 Aqua
1212 527 1364 570 munda,
1398 538 1463 564 nos
1495 527 1655 565 emunda

250 583 370 620 Nobis
401 582 534 625 undas,
573 592 679 630 crux,
711 580 881 619 effundas
1067 583 1117 620 Et
1150 584 1304 621 caelesti
1337 595 1404 620 nos
1436 582 1599 621 fecunda

305 641 363 678 De
399 642 509 685 petra
541 637 766 678 dulcedinis,
1123 640 1245 677 Fonte
1276 640 1538 703 plenitudinis.

226 739 369 771 Collect.
404 750 465 770 ms,
502 738 535 770 S.
572 738 692 770 Iacobi
726 739 762 769 in
788 739 909 770 Insula
934 738 1058 770 Leodii
1084 749 1172 770 saec.
1201 737 1287 771 ¹³.=‘14.
1337 740 1420 772 cod.
1448 742 1702 773 Damnstadien.

136 782 236 816 2777.
263 785 303 816 A.
329 803 372 807 —
397 784 502 825 Trop.
528 794 590 814 ms.
618 783 844 816 Martialense
870 794 959 815 saec.
988 782 1038 816 13.
1082 784 1165 815 Cod.
1186 784 1335 817 Parisgn.
1365 783 1460 818 1086.
1484 788 1518 817 Β.
1541 803 1576 808 -—
1599 787 1701 828 Trop.

134 840 196 861 ms.
228 829 456 861 Martialense
493 839 582 860 saec.
620 827 763 860 11—14.
824 829 905 860 Cod.
932 830 1083 861 Pax-isin.
1113 827 1213 861 1139.
1239 830 1316 861 add.
1343 840 1433 862 saec.
1468 829 1554 862 ¹⁹'1‡.
1590 832 1625 863 C.
1661 851 1701 855 —-

138 876 237 906 Cant.
266 885 326 907 ms.
356 875 451 906 Petri
477 875 519 906 de
544 875 690 908 Medicis
717 884 805 906 saec.
835 872 886 906 13.
913 885 963 906 ex.
1014 874 1097 906 Cod.
1127 875 1352 907 Laurentian.
1378 876 1431 908 Pl.
1460 875 1487 907 1.
1513 875 1566 908 29.
1593 878 1633 908 D.
1662 897 1702 900 —

133 921 263 961 Hymn.
290 923 323 952 et
348 921 511 962 Sequent.
541 930 603 952 ms.
629 919 911 952 Emmeramense
938 929 1028 951 saec.
1056 918 1104 951 15.
1132 920 1218 952 Clm.
1245 921 1424 953 Monacen.
1457 920 1580 953 14667.
1600 922 1639 953 Ε,
1660 940 1704 944 -

132 965 231 997 Miss.
268 976 329 998 ms.
356 966 572 997 Posoniense
609 975 698 998 saec.
734 963 783 997 15.
831 965 915 997 Cod.
941 965 1030 996 Mus.
1057 966 1250 1007 Hungarici
1277 963 1354 997 219.
1380 966 1417 998 F.
1443 984 1485 988 —-
1511 967 1615 999 Grad.
1642 978 1703 999 ms.

133 1011 320 1043 Caelestin.
358 1011 529 1044 Parisien.
571 1022 660 1044 saec.
705 1009 755 1042 16.
817 1011 900 1043 Cod.
943 1011 1112 1043 Mazarin.
1151 1009 1227 1042 448.
1270 1011 1309 1043 G.
1350 1029 1395 1032 —
1437 1012 1601 1053 sequent.
1643 1023 1703 1045 ms.

134 1056 364 1098 Sangallense
389 1057 472 1088 anni
500 1054 597 1089 1516.
647 1056 730 1089 eod.
757 1056 958 1098 Sangallen.
983 1055 1166 1095 (Brander)
1195 1054 1271 1088 546.
1298 1057 1338 1089 G.

225 1102 292 1134 Str.
327 1100 347 1133 2
380 1101 465 1134 fehlt
498 1102 573 1135 AD.
607 1121 650 1125 —-
681 1099 742 1140 Sa,
772 1101 786 1134 1
816 1105 907 1134 recte
933 1102 969 1134 F.
1005 1119 1039 1123 —
1080 1099 1142 1139 3a,
1165 1099 1186 1133 2
1211 1102 1426 1143 praeelectus
1453 1104 1488 1134 C.
1516 1119 1557 1123 —-—
1582 1100 1645 1140 31).
1684 1101 1705 1134 2

133 1147 299 1179 collectus
327 1148 401 1180 AD.
427 1165 471 1169 —
497 1146 563 1178 Str.
590 1146 612 1179 4
636 1147 721 1180 fehlt
745 1148 820 1179 AD.

527 1304 609 1340 365.
646 1305 706 1347 (5.)
741 1303 895 1339 Contra
920 1303 1117 1339 Potentes
1144 1303 1312 1339 saeculi.

604 1399 792 1446 Exsurge,
826 1397 967 1435 dormis
1000 1397 1188 1435 Domine?

602 1455 708 1493 Nihil
738 1455 778 1492 in
808 1458 873 1492 tuo
903 1454 1054 1491 nomine

658 1513 837 1549 Potentes
870 1514 985 1558 agunt
1015 1511 1141 1559 hodie,

657 1568 844 1605 Miserere
874 1567 1051 1604 miseriae

601 1625 908 1662 Miserandorum
940 1634 1155 1671 pauperum

603 1681 654 1719 Et
683 1681 923 1719 inventorum
955 1681 1140 1718 scelerum

662 1738 744 1775 Tua
774 1737 915 1774 virtute
947 1738 1128 1775 dexterae

663 1795 841 1832 Potentes
873 1794 947 1831 cito
980 1798 1145 1841 contere,

603 1851 673 1898 Qui
703 1851 870 1888 laborem
904 1851 1122 1888 consideras

606 1907 657 1945 Et
687 1907 922 1945 laborantem
954 1907 1107 1947 liberas

233 2009 376 2041 Collect.
395 2019 456 2040 ms.
476 2008 510 2041 S.
528 2009 646 2040 Iacobi
665 2009 701 2040 in
717 2008 838 2040 Insula
855 2008 977 2040 Leodii
998 2018 1087 2039 saec.
1107 2005 1195 2039 ¹3l14.
1233 2007 1316 2039 Cod.
1337 2007 1593 2038 Darmstadien.
1607 2004 1706 2038 2777.

613 2164 695 2200 36⁸.
733 2164 790 2205 (6)
827 2163 972 2200 Cautio
999 2164 1046 2199 de
1073 2162 1254 2200 Christo.

583 2258 756 2297 Christus
785 2258 967 2296 assistens
998 2255 1171 2305 pontifex

638 2315 815 2352 Formam
846 2315 1001 2361 scripsit
1032 2313 1263 2361 pontificum,

642 2371 783 2417 Quibus
815 2370 1002 2418 praefecit
1031 2371 1196 2418 unicum,

583 2428 635 2467 Ut
667 2438 876 2475 pauperum
908 2428 957 2464 sit
988 2425 1130 2474 opifex,

638 2483 683 2524 In
714 2496 786 2532 quo
816 2484 998 2521 virtutum
1029 2484 1213 2529 normula,

640 2543 682 2579 In
714 2552 786 2588 quo
818 2541 971 2578 vivendi
1002 2541 1134 2588 regula

696 2599 888 2635 Monstrat
919 2597 1010 2634 satis
1041 2597 1226 2644 inspecta,

639 2655 747 2700 Quod
780 2654 916 2691 ceteris
947 2654 1193 2700 praemineat,

637 2711 750 2758 Quasi
786 2711 849 2757 qui
884 2710 978 2747 viam
1013 2710 1158 2760 doceat,

696 2767 889 2804 Zachaeus
921 2777 1035 2813 super
1065 2771 1178 2805 tecta.

230 2867 372 2900 Collect.
392 2879 453 2900 ms.
472 2869 506 2901 S.
525 2868 645 2900 Iacobi
660 2868 695 2898 in
713 2867 834 2898 Insula
851 2866 973 2898 Leodii
993 2875 1083 2898 saec.
1104 2863 1188 2898 ¹³l14.
1227 2865 1309 2898 Cod.
1330 2865 1586 2898 Darmstadien.
1601 2863 1701 2897 2777.
