2031 3289
886 166 1195 206 —300—

534 285 572 320 2.
617 280 730 318 Mitte
761 280 808 317 de
839 279 953 317 caelis
985 280 1210 325 veniamque
1240 278 1380 314 nostris

618 336 778 383 Largire
808 336 930 382 culpis
989 363 1351 376 ......

618 392 723 430 Assit
755 397 791 429 et
821 392 929 429 nobis
959 392 1083 438 gratia
1113 391 1291 437 perennis

806 448 970 494 Spiritus
999 447 1101 486 almi.

537 530 577 569 3,
624 528 740 566 Cuius
770 526 933 574 protecti
961 536 1115 562 munere
1145 525 1289 572 potenti

626 585 779 622 Patrum
812 582 996 630 exemplis
1024 581 1242 628 meritisque
1272 580 1384 619 celsis

626 641 778 677 Pariter
807 644 929 676 artum
960 649 1173 676 mereamur
1204 637 1322 674 altum

806 695 998 733 Scandere
1028 705 1196 742 regnum.

536 779 578 815 4.
626 775 757 813 Gloria
787 774 890 821 patri
919 774 1141 820 genitaeque
1171 772 1270 818 proli

624 832 677 869 Et
704 831 786 877 tibi,
820 841 974 877 compar
1003 830 1198 876 utriusque
1229 837 1378 874 semper

624 888 788 936 Spiritus
818 887 927 933 alme,
959 887 1063 924 Deus
1093 897 1201 931 unus,
1234 884 1334 921 omni

809 944 997 989 Tempore
1027 942 1155 979 saecli.

359 1023 443 1057 Cod.
470 1023 623 1054 Pal-isin.
650 1023 760 1053 Nouv.
787 1032 860 1063 aeq.
890 1019 985 1052 1496.
1012 1030 1100 1052 saec.
1128 1017 1179 1051 12.
1205 1019 1251 1050 in.
1276 1035 1321 1039 —-
1345 1019 1482 1049 Dal-aus
1506 1016 1598 1049 Bibl.
1624 1016 1828 1049 Cluniaeen.

270 1070 337 1102 col.
363 1067 425 1101 291
455 1079 505 1111 Sq·
532 1087 573 1091 -—
599 1067 819 1099 Wiederholt
843 1077 906 1097 aus
930 1066 1029 1097 Aual.
1059 1066 1154 1103 XIX,
1180 1061 1254 1096 188.

751 1198 833 1234 ⁶234.
870 1198 927 1241 (6.)
962 1198 1007 1232 In
1034 1197 1166 1233 sancti
1191 1195 1347 1231 Maioli.

928 1257 981 1289 Ad
1005 1256 1155 1288 Laudes.

289 1343 325 1380 1.
357 1339 513 1387 Maiole‚
545 1350 698 1376 consors
729 1349 926 1385 procerum
1104 1339 1140 1375 3.
1173 1336 1297 1381 Unde,
1329 1339 1451 1382 pater,
1484 1345 1552 1371 nos
1584 1333 1732 1380 respice

359 1398 502 1444 Regum
534 1396 613 1443 regi
645 1395 888 1443 placentium,
1175 1393 1329 1429 Pressos
1357 1390 1504 1438 peccati
1539 1390 1721 1437 pondere,

361 1455 466 1491 Inter
499 1453 680 1490 caelestes
711 1451 864 1495 aulicos,
1173 1449 1331 1496 Depone
1361 1458 1512 1496 gravem
1546 1447 1744 1491 sarcinam,

357 1510 580 1547 Divinitatis
612 1508 792 1554 conscios,
1173 1505 1312 1552 Leviga
1344 1504 1624 1542 conscientiam.

291 1603 328 1641 2.
362 1601 528 1638 Honoris
558 1598 778 1647 privilegio⁴
1103 1601 1139 1635 4.
1172 1597 1246 1633 Hic
1277 1594 1442 1632 fascibus
1475 1594 1658 1641 depositis

357 1658 476 1696 Coetu
505 1657 654 1693 iunctus
686 1654 905 1699 monastico,
1172 1653 1309 1690 Mortis
1341 1652 1483 1689 solutos
1514 1651 1674 1687 vinculis

360 1714 435 1751 Sed
467 1717 504 1750 et
534 1713 658 1749 choris
690 1711 869 1758 angelicis
1173 1711 1289 1756 Iunge
1321 1719 1401 1755 nos,
1433 1712 1517 1745 tuos
1548 1707 1730 1757 servulos,

359 1770 517 1808 Frueris
548 1769 635 1806 aula
663 1768 826 1806 luminis.
1173 1765 1374 1802 Monachis
1404 1763 1755 1811 praestantissimis.

667 1861 704 1898 5.
754 1859 846 1896 Cum
878 1858 1013 1905 quibus
1043 1868 1111 1894 nos
1142 1860 1327 1904 perpetua

748 1915 1013 1952 Possideainus
1044 1915 1181 1960 gaudia

749 1971 891 2009 Christi
923 1970 1073 2008 favente
1106 1970 1229 2017 gratia

747 2029 821 2066 Per
850 2026 996 2064 infinita
1027 2027 1189 2065 saecula.

377 2119 458 2151 cod.
484 2120 636 2151 Pax-isin.
661 2120 774 2151 Nouv.
802 2128 876 2158 aeq.
904 2114 1000 2148 1496.
1028 2127 1116 2148 saec.
1145 2113 1195 2147 12.
1222 2117 1271 2148 in.
1294 2132 1336 2136 —
1363 2116 1500 2146 Daraus
1526 2113 1617 2145 Bibl.
1643 2086 1834 2145 Cluniacen

274 2166 339 2198 eol.
366 2163 443 2198 292.
467 2182 511 2186 —-
536 2163 756 2196 wiederholt
779 2174 841 2194 aus
867 2162 968 2194 Anal.
995 2163 1089 2198 XIX,
1120 2159 1193 2193 189.

752 2308 834 2344 235.
871 2307 929 2348 (7.)
965 2306 1009 2340 In
1035 2305 1165 2340 sancti
1191 2304 1346 2340 Maioli.

901 2366 941 2397 In
966 2364 995 2396 2.
1023 2365 1196 2405 Vesperis.

547 2449 582 2487 1.
631 2448 793 2495 Christe,
828 2450 1044 2483 cunctorum
1076 2445 1222 2491 pariter
1251 2449 1400 2480 tuorum

628 2504 828 2543 Palmitum
861 2503 959 2547 vitis,
990 2502 1093 2538 Deus
1124 2501 1233 2549 alme,
1266 2500 1375 2537 nobis

630 2560 773 2598 Praebe
804 2559 934 2597 Maioli
967 2557 1162 2594 celebrare
1192 2557 1290 2594 tanti

814 2616 932 2653 Festa
963 2614 1125 2662 patroni.

548 2711 584 2747 2.
632 2708 748 2753 Quem
781 2706 851 2743 tibi
882 2705 1021 2743 nostris
1051 2705 1195 2750 placuit
1225 2704 1357 2742 diebus

632 2763 810 2802 Pluribus
842 2762 958 2810 signis
990 2761 1209 2807 meritisque
1241 2760 1364 2806 dignis

631 2820 796 2867 Regibus
828 2830 952 2856 coram
985 2817 1249 2864 hominumque
1279 2817 1413 2853 turmis

815 2875 1051 2913 Glorificare.
