2031 3289
381 307 446 346 31.

373 1078 441 1116 32.

365 1851 431 1887 33.

357 2620 422 2659 34.

991 195 1295 237 —384—

477 307 610 345 Favus
643 306 835 344 distillans
868 308 1032 345 dulcoris

476 363 606 400 Labia
636 366 703 399 tua
737 364 896 410 decoris,

534 420 686 466 Sponsa
718 430 803 456 mea
837 420 1065 470 dulcissima,

477 476 550 512 Per
581 476 717 512 ostium
749 480 855 521 patet
883 475 988 523 foris,

477 532 586 577 Quod
618 532 672 569 tui
703 532 893 568 interioris

531 588 628 633 Apis
657 599 736 624 sum
769 589 1023 634 sagacissima,

473 644 597 681 Extra
628 649 806 693 monstro,
840 656 935 691 quae
964 646 1107 692 optima

475 700 557 737 Tua
587 700 779 737 continent
809 700 953 750 intima,

530 756 581 793 Et.
593 757 721 803 quales
735 762 819 793 sunt
835 756 979 794 fruetus
987 757 1104 807 floris,

474 812 530 850 Ob
562 823 669 859 quem
702 813 750 850 ad
782 815 911 850 mundi
944 814 1072 852 intima

473 868 665 905 Descendi
698 870 743 906 de
774 870 960 908 altissima

529 925 641 962 Turri
673 926 767 962 caeli
799 928 994 966 cieatoriS.

473 1076 556 1113 Mel
581 1079 615 1113 te
636 1077 706 1122 lac,
739 1088 834 1124 quae
855 1083 942 1115 sunt
964 1079 1104 1129 dulcia,

469 1133 547 1171 Sub
579 1133 713 1180 linqua
744 1138 811 1171 tua
841 1135 962 1181 iurgia

532 1190 725 1226 Nescienti
754 1190 950 1239 patefiunt,

473 1246 572 1283 Dum
605 1247 861 1292 praedicantis
892 1248 993 1285 labia

471 1302 559 1339 Sive
589 1303 739 1349 linguae
770 1304 918 1350 eloquia

526 1359 676 1396 Laudes
708 1366 790 1397 tuas
821 1362 1008 1409 aperiunt,

469 1416 538 1462 Qui
569 1420 618 1463 te,
650 1420 689 1452 ut
720 1422 877 1462 possunt
905 1422 942 1454 et
963 1418 1098 1469 sciunt,

467 1472 673 1509 Elucidare
704 1473 860 1520 cupiunt

525 1529 811 1575 vilipendentes
842 1531 978 1579 onmia,

467 1585 570 1630 Quae
602 1586 713 1622 vilem
745 1587 909 1633 linguam
942 1587 1083 1626 faciunt

467 1640 541 1678 Seu
571 1652 665 1688 quae
697 1653 778 1679 eam
808 1643 978 1681 inficiunt

523 1698 597 1734 Per
627 1698 742 1735 verba
774 1711 882 1747 vana,
916 1701 1018 1741 vilia.

461 1850 514 1887 Et
544 1851 639 1887 odor
668 1851 975 1890 vestimentorum

466 1906 516 1944 Ut
546 1907 639 1944 odor
665 1909 763 1946 turis
793 1912 947 1947 tuorum

518 1963 588 2000 Est
620 1974 701 2000 cum
735 1965 782 2003 de
812 1967 1092 2012 pulchrioribus

463 2019 594 2056 Totius
627 2021 839 2069 scripturae
869 2022 1003 2060 florum

464 2075 682 2114 Castissime
714 2079 955 2116 collectorum

518 2132 575 2170 Tu
604 2134 739 2171 induta
769 2146 807 2172 es
839 2136 1026 2186 laudibus,

461 2190 692 2236 Quamquam
723 2192 866 2238 gloriae
899 2194 1063 2232 vestibus

461 2245 608 2283 vestita
638 2248 689 2284 sis
720 2249 949 2294 perennibus

517 2303 559 2339 In
590 2309 793 2350 conspectu
824 2307 1055 2357 angelorum,

461 2357 632 2396 Laudum
664 2371 808 2408 quoque
841 2363 1038 2401 decoribus

460 2415 514 2452 Te
546 2416 684 2454 debent
715 2422 753 2454 et
782 2418 961 2456 odoribus

519 2472 666 2509 Vestire
696 2484 763 2511 ora
793 2479 954 2514 tuorum.

457 2619 605 2657 Hortus
636 2620 835 2659 conclusus
867 2632 906 2659 es
935 2634 1034 2671 vere,

456 2675 576 2713 Soror
605 2689 701 2725 mea,
733 2689 888 2728 sponsa,
923 2690 1010 2717 vere

511 2733 638 2779 Atque
674 2736 818 2771 cunctis
840 2736 1085 2786 temporibus,

454 2788 606 2827 Hortus
637 2791 847 2840 cowelusus,
881 2803 962 2839 quo.
984 2792 1087 2832 ferae

455 2845 562 2882 Viam
593 2852 781 2893 nequeunt
812 2849 952 2886 habere

515 2903 589 2939 Pro
620 2903 864 2942 devastandis
894 2904 1061 2954 floribus,

1185 1514 1251 1552 36.

1176 2288 1242 2328 37.

1293 312 1485 359 Angelicis
1516 313 1735 350 custodibus

1292 369 1470 416 Undique
1501 369 1748 417 pervigilibus

1349 426 1506 471 Semper
1535 430 1706 463 servatus
1738 427 1895 479 sincere,

1294 482 1452 527 Semper
1482 481 1645 519 refertus
1678 481 1877 532 fructibus,

1292 537 1449 584 Semper
1480 549 1640 575 vernans
1671 539 1874 577 virtutibus

1349 594 1434 630 Non
1466 594 1714 641 desinensque
1745 594 1893 636 florere.

1248 769 1257 778 .
1289 739 1394 777 Fons
1423 740 1598 787 siynatus
1628 751 1666 777 es
1698 741 1829 778 veniae

1288 798 1414 843 Atque
1447 797 1727 834 misericordiae

1344 854 1407 890 Ad
1439 854 1701 899 adaquandum
1734 853 1904 904 miseros,

1289 908 1401 956 Signo
1433 910 1600 956 signatus
1632 911 1788 959 gratiae,

1288 966 1394 1011 Quod
1428 966 1527 1002 cives
1559 977 1663 1002 meae
1694 967 1842 1013 patriae

1345 1022 1582 1069 Cognoscunt
1614 1023 1716 1068 apud
1747 1033 1916 1074 superos,

1286 1078 1387 1115 Fons
1418 1080 1518 1115 solus
1551 1080 1649 1115 inter
1680 1085 1825 1116 ceteros

1287 1134 1462 1181 Signatus
1494 1140 1651 1182 propter
1681 1141 1867 1184 posterOS‚

1342 1191 1425 1228 Non
1461 1192 1636 1228 desinens
1668 1193 1742 1229 ullo
1774 1192 1848 1240 die,

1288 1247 1448 1285 Fluctus
1479 1249 1652 1285 emittens
1683 1259 1901 1300 prosperos,

1285 1304 1469 1342 Nesciens
1499 1316 1661 1351 unquam
1692 1305 1834 1342 alteros

1342 1361 1444 1398 Dare
1475 1367 1561 1398 tuae
1594 1360 1773 1401 familiae.

1282 1515 1391 1551 Tuae
1423 1518 1510 1550 sunt
1541 1513 1761 1551 emissiones

1283 1571 1370 1608 Sive
1403 1570 1690 1607 distributiones

1339 1627 1390 1664 Ut
1413 1627 1630 1673 paradisus
1660 1626 1867 1675 malorum,

1280 1684 1351 1729 Qui
1381 1687 1464 1720 tuas
1496 1683 1715 1729 largitiones

1279 1741 1442 1790 Recipit,
1477 1740 1703 1776 munitiones

1336 1797 1462 1833 Habet
1493 1797 1656 1832 omnium
1690 1796 1886 1847 bonorum,

1276 1853 1481 1892 Paradisus
1505 1853 1741 1899 punicorum

1280 1910 1374 1948 Cum
1408 1910 1594 1957 fructibus
1625 1910 1784 1947 aliorum

1332 1967 1544 2005 Pomorum
1576 1977 1628 2014 es,
1659 1966 1689 2002 si
1721 1970 1761 2003 tu
1793 1966 1910 2003 dones

1277 2024 1330 2060 Te
1361 2024 1399 2060 in
1430 2035 1537 2060 usum
1568 2022 1812 2070 infirmorum,

1278 2080 1566 2127 Languentium,
1599 2079 1856 2116 morbidorum

1333 2137 1470 2174 Dando
1501 2136 1775 2173 miserationes.

1275 2290 1331 2326 Tu
1362 2289 1533 2327 omnibus
1565 2300 1604 2326 es
1634 2288 1760 2325 omnia

1275 2346 1499 2383 Ministrans
1531 2344 1743 2382 necessaria

1332 2403 1424 2440 Tam
1443 2403 1598 2449 singulis
1616 2412 1725 2448 quam
1743 2399 1903 2448 singula,

1275 2460 1505 2506 Quibusdam
1540 2460 1633 2496 dans
1665 2456 1832 2495 remedia
1886 2471 1888 2473 ·

1276 2516 1395 2564 Cypri
1425 2528 1510 2554 eum
1540 2515 1665 2553 wardo
1699 2513 1835 2556 dulcia,

1327 2573 1501 2622 Nardus,
1534 2582 1684 2610 croceus
1706 2573 1739 2607 et
1758 2567 1900 2621 fistula,

1273 2629 1547 2667 Cinamomum
1579 2629 1626 2665 ad
1659 2627 1807 2674 pocula,

1272 2687 1345 2724 Seu
1375 2691 1565 2734 unguenta
1595 2685 1654 2722 vel
1686 2683 1831 2720 fercula

1329 2743 1512 2781 Reserata
1542 2747 1629 2779 sunt
1657 2741 1744 2788 alia,

1270 2800 1333 2836 Ad
1363 2811 1458 2847 quae
1491 2800 1617 2838 danda
1647 2809 1686 2834 es
1717 2795 1862 2841 sedula,

1270 2855 1322 2894 Ut
1353 2857 1508 2904 exigunt
1537 2853 1781 2903 praeambula

1326 2913 1546 2950 Morborum
1576 2911 1789 2949 seminaria.
