2031 3289
975 207 1139 247 —66

337 315 375 347 C.
391 334 433 338 —
449 316 481 357 4,
506 316 529 349 4
552 320 674 360 igneus
697 319 737 350 A.
764 336 806 341 —
830 317 860 357 4
886 317 906 350 6
932 328 1022 360 quae
1044 319 1080 351 C
1098 336 1142 341 —
1160 318 1191 359 5,
1222 317 1237 350 1
1262 319 1351 351 111110
1369 319 1405 351 C.
1422 337 1463 341 —
1482 319 1512 357 5,
1537 318 1558 352 3
1582 320 1712 352 Assunt
1737 321 1891 352 fremitus

335 362 494 402 ingentes
515 365 554 395 B.
572 382 615 386 -—
633 364 664 401 5
690 362 712 395 4
735 365 820 406 Igne
847 365 1080 395 aestuantium
1099 365 1137 395 B.
1154 381 1198 385 —
1216 364 1283 396 Str.
1309 364 1329 396 6
1353 364 1439 396 fehlt
1466 366 1504 397 B.
1523 382 1565 387 —
1583 363 1612 403 6
1639 364 1659 397 2
1684 366 1777 397 lassa
1794 366 1830 397 C.
1848 382 1893 386 —

335 404 366 444 6,
392 406 412 438 5
437 408 577 441 Caudae
602 410 673 441 tela
697 410 737 447 A,
762 410 850 440 telas
878 409 915 440 C.
939 426 983 430 —
1009 407 1039 447 7,
1066 408 1086 440 2
1111 414 1145 440 et
1168 419 1238 440 non
1263 419 1338 442 esse
1356 409 1393 442 C.
1420 427 1460 431 ——
1486 408 1561 448 8,1
1586 411 1694 442 oculis
1722 409 1892 442 increduli

335 453 374 484 B.
393 470 436 474 —
454 451 484 491 9,
510 452 530 485 3
549 454 661 486 adhuc
678 456 802 495 premit
818 455 865 493 B,
892 453 1003 485 adhuc
1020 457 1154 495 promet
1170 454 1206 486 C.
1228 471 1266 475 —
1284 452 1315 492 9,
1341 453 1361 486 5
1378 456 1433 496 pie
1453 455 1487 486 C.
1508 472 1547 476 —
1568 456 1725 497 „Tertius
1744 456 1789 486 hx
1793 465 1892 486 mnus

336 496 377 529 de
402 500 523 539 poenis
549 497 797 531 infernalibus“
824 499 871 530 A:

337 542 400 574 auf
420 544 481 575 das
508 544 671 576 Gedieht:

386 2639 424 2674 (J.

902 499 1054 538 „Ymnus
1079 499 1121 530 de
1145 500 1266 540 poenis
1294 499 1578 540 dampnatorum“
1610 502 1647 533 C.
1687 501 1728 532 In
1753 502 1781 532 Β
1806 499 1892 542 folgt

701 544 747 585 „P
758 547 882 575 etrus
902 523 1163 575 „Damianus
1188 544 1230 575 de
1254 555 1396 587 egressu
1421 547 1556 577 animae
1581 555 1602 577 a
1626 543 1801 602 coimpore‘·

814 698 868 734 66.
904 699 983 741 (51.)
1018 698 1068 734 De
1095 696 1221 734 Gloria
1246 698 1428 735 Paradisi.

410 829 419 838 .
451 800 512 838 Ad
544 799 720 846 perennis
755 799 856 836 vitae
887 796 1028 835 fontem

509 867 613 892 mens
645 856 724 892 sitit
753 865 853 892 nunc
883 854 1003 900 arida,

454 913 629 950 Claustra
650 912 773 949 carnis
790 916 942 958 praesto
959 909 1082 958 frangi

508 969 635 1005 clausa
665 968 810 1014 quaerit
841 968 978 1015 anima,

453 1025 602 1071 Gliscit,
635 1024 766 1072 ambit,
798 1025 984 1061 eluctatur

510 1082 617 1118 exsul
648 1080 723 1118 frui
753 1080 889 1127 patria.

411 1198 418 1206 .
451 1168 549 1205 Dum
580 1165 770 1213 pressuris
800 1176 845 1202 ac
875 1165 1064 1202 aerumnis

506 1233 546 1260 se
577 1223 692 1270 gemit
722 1222 935 1267 obnoxiam,

449 1282 567 1328 Quam
598 1279 735 1327 amisit,
771 1278 857 1315 dum
890 1277 1061 1326 deliquit,

508 1336 785 1382 contemplatur
815 1334 986 1382 gloriam,

452 1395 637 1431 Praesens
668 1392 807 1428 malum
837 1395 949 1438 auget
978 1390 1067 1428 boni

509 1449 650 1496 perditi
681 1449 912 1484 memoriam.

452 1533 549 1570 Nam
559 1533 640 1579 quis
651 1537 810 1582 promat,
823 1541 988 1568 summae
996 1531 1102 1578 pacis

510 1594 650 1636 quanta
680 1590 728 1626 sit
757 1589 914 1634 laetitia,

452 1646 527 1684 Ubi
558 1646 654 1682 vivis
684 1645 898 1692 margaritis

508 1706 664 1749 surgunt
695 1701 881 1750 aedificia,

451 1761 558 1796 Auro
590 1759 690 1795 celsa
720 1758 861 1795 micant
891 1761 1002 1808 tecta,

509 1816 659 1852 radiant
689 1813 883 1852 triclinia?

413 1930 419 1937 .
453 1900 551 1937 Solis
581 1900 737 1947 gemmis
767 1899 944 1946 pretiosis

511 1957 605 1993 haec
635 1960 828 1993 structura
857 1955 1034 2001 nectitur,

453 2015 558 2050 Auro
596 2014 735 2050 mundo
766 2018 956 2059 tamquam
985 2012 1083 2049 vitro

510 2069 615 2106 urbis
647 2070 707 2107 via
737 2069 930 2114 sternitur,

455 2126 576 2163 Abest
607 2126 730 2174 limus,
763 2126 869 2163 deest
899 2124 1020 2172 timus,

513 2184 593 2220 lues
624 2183 728 2219 nulla
759 2183 937 2220 cernitur.

415 2298 423 2306 .
456 2268 588 2305 Hiems
604 2268 774 2312 horrens,
794 2272 918 2304 aestus
935 2272 1082 2303 torrens

512 2325 592 2361 illic
621 2335 809 2370 nunquam
841 2323 1025 2367 saeviunt,

456 2381 547 2418 Flos
578 2385 783 2427 perpetuus
815 2390 983 2417 rosarum

511 2448 578 2474 ver
608 2437 685 2484 agit
715 2440 952 2484 perpetuum,

456 2495 624 2531 Candent
658 2494 750 2541 lilia,
782 2493 949 2530 rubescit

512 2561 655 2596 crocus,
687 2550 798 2586 sudat
830 2549 1048 2588 balsamum.

458 2637 589 2673 Yirent
620 2640 743 2684 prata,
776 2639 935 2672 vernant
964 2639 1057 2677 sata,

512 2693 584 2729 rivi
615 2693 737 2729 mellis
769 2690 939 2741 influunt,

460 2750 736 2795 l'igmentorum
768 2749 889 2795 spirat
919 2748 1013 2785 odor

511 2806 634 2851 liquor
663 2811 700 2842 et
730 2810 951 2851 aromatum,

460 2863 627 2899 l‘cndent
657 2873 768 2909 poma
798 2860 1018 2899 floridorum

513 2930 584 2955 non
617 2919 770 2966 lapsura
801 2929 1006 2956 nemorum.

1200 799 1236 837 7.
1267 798 1351 835 Non
1382 799 1545 836 alternat
1575 800 1663 836 luna
1695 800 1809 848 vices,

1170 1898 1234 1936 10.

1324 856 1379 892 sol
1412 856 1470 892 vel
1503 867 1632 893 cursus
1662 856 1842 904 siderum,

1268 912 1399 958 Agnus
1430 916 1486 948 est
1516 911 1637 948 felicis
1668 913 1773 950 urbis

1323 968 1447 1004 lumen
1478 968 1728 1015 inocciduum,

1267 1023 1353 1061 Nox
1376 1028 1412 1060 et
1428 1027 1575 1071 tempus
1594 1025 1741 1071 desunt,
1762 1036 1896 1063 aevum

1325 1080 1423 1117 diem
1454 1079 1530 1117 fert
1560 1081 1788 1121 continuum.

1226 1193 1236 1203 .
1267 1164 1364 1201 Nam
1396 1168 1432 1200 et
1462 1165 1583 1201 sancti
1613 1165 1750 1212 quique
1779 1166 1883 1202 velut

1323 1221 1378 1257 sol
1409 1221 1627 1267 praeclarus
1659 1222 1828 1271 rutilant,

1267 1277 1358 1314 Post
1388 1277 1620 1324 triumphum
1652 1279 1821 1316 coronati

1323 1338 1450 1370 mutuo
1483 1334 1715 1371 coniubilant

1267 1390 1319 1427 Et
1347 1391 1530 1437 prostrati
1560 1402 1704 1438 pugnas
1738 1391 1857 1428 hostis

1325 1446 1398 1482 iam
1428 1447 1549 1483 securi
1577 1452 1790 1486 numerant.

1225 1559 1235 1570 .
1267 1530 1376 1569 Omni
1406 1524 1491 1568 labe
1523 1530 1711 1569 defaecati

1319 1587 1442 1624 carnis
1476 1587 1575 1625 bella
1606 1589 1790 1638 nesciunt,

1263 1641 1361 1681 Caro
1394 1642 1495 1681 facta
1523 1645 1707 1691 spiritalis

1319 1705 1357 1736 et
1386 1711 1490 1737 mens
1522 1712 1634 1737 unum
1665 1701 1845 1745 sentiunt,

1264 1757 1364 1793 Pace
1392 1757 1510 1794 multa
1540 1756 1778 1803 perfruentes

1319 1814 1539 1850 scandalum
1575 1825 1649 1850 non
1680 1812 1895 1861 perferunt.

1266 1898 1337 1935 His
1369 1898 1590 1935 mortalibus
1622 1899 1725 1936 exuti

1323 1959 1496 2001 repetunt
1528 1955 1708 2002 originem

1265 2011 1317 2048 Et
1346 2018 1583 2057 praesentem
1614 2012 1785 2049 veritatis

1326 2068 1628 2114 contemplantur
1659 2069 1835 2116 speciem.

1268 2124 1367 2161 Hinc
1396 2124 1549 2161 vitalem
1580 2125 1656 2162 vivi
1687 2123 1802 2162 fontis

1325 2181 1501 2217 hauriunt
1532 2181 1782 2220 dulcedinem.

1169 2266 1231 2305 11.
1263 2265 1358 2302 Inde
1388 2270 1526 2302 statum
1559 2276 1707 2313 semper
1737 2267 1836 2304 idem

1170 2636 1233 2673 12.

1323 2322 1529 2359 exsistendi
1561 2323 1726 2372 capiunt,

1266 2379 1381 2428 Clari,
1416 2379 1544 2428 vividi,
1578 2380 1731 2417 iucundi

1323 2435 1436 2472 nullis
1467 2441 1596 2482 patent
1630 2436 1789 2484 casibus,

1267 2491 1416 2528 Absunt
1447 2492 1567 2528 morbi
1600 2504 1749 2539 semper
1779 2493 1892 2537 sanis,

1322 2554 1494 2585 senectus
1525 2549 1735 2587 iuvenibus.

1267 2634 1366 2671 Hinc
1397 2645 1563 2681 perenne
1595 2639 1721 2671 tenent
1753 2645 1846 2682 esse,

1323 2701 1409 2727 nam
1442 2691 1603 2728 transire
1634 2691 1796 2731 transiit,

1267 2746 1361 2784 Inde
1393 2748 1527 2793 virent,
1560 2748 1698 2794 vigent,
1730 2746 1879 2796 florent,

1326 2804 1540 2853 corruptela
1570 2804 1722 2851 corruit,

1270 2860 1568 2898 immortalitatis
1601 2860 1705 2907 vigor

1324 2918 1455 2954 mortis
1486 2918 1542 2954 ius
1574 2916 1782 2954 absorbuit.
