1914 3223
124 273 187 307 δι’..
218 274 308 306 Illud
335 273 384 305 illi
411 271 449 303 fit
935 267 998 300 51).
1029 269 1127 308 Quod
1153 271 1206 300 est
1230 267 1359 299 homini

261 320 372 357 letale,
1071 314 1187 345 vitale.

111 388 186 423 ⁸68..
219 390 297 429 Qui,
322 387 402 420 duin
427 387 530 428 capit,
938 384 1000 416 (ib.
1032 385 1086 418 Et,
1112 384 1191 415 dnm
1215 369 1356 420 mactat,

261 435 396 476 capitur
1076 430 1229 460 moritur.

127 501 188 535 7³1.
219 502 342 543 Raptis
366 501 477 542 captis
938 495 1001 529 71».
1033 497 1143 531 Dolet„
1171 497 1259 528 solet

265 547 393 578 Inferni
419 555 554 577 carcere
1076 544 1141 582 Qui
1169 543 1254 574 nnlli
1285 553 1431 583 parcere.

127 615 188 649 8a.
221 616 277 647 Sic
301 615 459 646 decenter
937 612 1000 643 812.
1032 612 1208 650 Linquons
1236 613 1303 642 ima

218 661 275 693 Sic
300 663 455 702 potenter
1029 657 1095 687 Die
1123 658 1233 697 prima

263 706 334 738 Rex
358 705 543 736 devincens
570 703 696 735 inferos
1074 701 1188 734 Rediit
1212 702 1254 733 :ul
1281 713 1433 743 supet-ms.

128 773 188 807 911.
222 774 419 806 Resurrexit
937 768 999 800 ab.
1032 769 1245 810 lit—parando,

219 819 265 851 Et
289 819 418 850 revexit
1031 817 1139 854 Quam
1166 815 1312 847 creando

265 865 387 896 Secum
414 864 506 894 Deus
532 862 702 893 hominem
1075 860 1234 899 Dederat,
1260 861 1439 902 originem.

114 931 194 966 lOa.
227 933 292 964 Per
316 932 467 963 auctoris
493 932 688 970 passionem
923 927 962 961 lO
974 929 1004 960 b.
1035 929 1172 960 Primus
1199 928 1287 960 redit
1311 939 1402 959 nnnc
1427 927 1581 966 colonus,

225 978 275 1009 Ad
301 978 463 1008 amissam
489 977 663 1017 regionem
1032 973 1132 1007 Unde
1158 974 1269 1006 laetus
1296 974 1334 1004 fit
1359 973 1415 1004 liic
1441 983 1546 1004 sonus

583 1042 633 1074 11.
659 1043 866 1082 Resurgenti
891 1043 1025 1074 cantica

659 1087 886 1120 Decantando
911 1087 1115 1129 rhythmica.

512 1245 594 1281 253.
630 1246 688 1287 (4.)
724 1244 850 1279 Prosa.
875 1245 922 1279 ‹le
947 1244 1087 1279 saneta
1113 1243 1257 1278 Maria.

116 1341 183 1378 la.
226 1339 338 1377 Orbis
368 1344 479 1386 totus,
923 1338 996 1377 lb.
1034 1338 1096 1376 Ad
1127 1337 1303 1386 Mariani,

228 1396 339 1434 Unda
368 1396 465 1432 lotus
1034 1395 1195 1432 Matrem
1227 1395 1340 1440 piam,

281 1452 487 1491 Christiani
518 1452 671 1500 lavacri,
1092 1451 1193 1488 Voce
1224 1451 1362 1488 clamat
1392 1450 1530 1488 alacri:

114 1546 183 1583 Aa.
226 1543 387 1580 Matrem
419 1542 534 1591 illam,
922 1541 994 1579 21).
1037 1542 1315 1589 collaudemus,

223 1600 324 1646 Quae
354 1598 556 1636 mamillam
1034 1598 1286 1636 Decantemus

286 1655 459 1692 Praebuit
492 1656 685 1705 altissimo⁷
1089 1657 1209 1694 Cantu
1240 1655 1523 1701 iucundissimo.

115 1747 185 1784 3a.
226 1747 352 1784 Mater
382 1746 464 1791 Dei,
921 1746 993 1785 3b.
1033 1746 1133 1784 Seda
1164 1747 1283 1783 diram

225 1803 298 1839 Per
327 1813 435 1849 quam
467 1803 520 1839 rei
1032 1803 1205 1841 Clemens
1234 1803 1329 1839 iram
1572 1847 1583 1854 ι

281 1859 451 1896 Redeunt
483 1859 530 1896 ad
562 1859 719 1908 veniam,
1087 1861 1145 1896 Ac
1176 1858 1336 1896 refunde
1366 1860 1538 1907 gratiam.

114 1953 184 1988 4a.
227 1950 363 1987 Hostes
393 1959 491 1998 arce,
920 1950 994 1988 4b.
1033 1950 1083 1987 Et
1114 1948 1261 1986 felicem

226 2006 351 2044 Servis
382 2016 495 2052 parce
1032 2006 1272 2044 Genetrieem

282 2062 367 2099 Tibi
399 2061 664 2099 famulantibus
1087 2063 1158 2100 Dei
1188 2069 1225 2100 te
1256 2062 1474 2101 fatentibus.

115 2156 184 2192 5a.
226 2152 285 2190 Sis
315 2152 495 2199 adiutrix,
923 2153 996 2192 5b.
1036 2154 1151 2192 Cuius
1184 2155 1279 2191 votis

226 2209 297 2246 Dei
328 2209 467 2260 nutrix,
1033 2211 1093 2248 Ad
1126 2216 1162 2247 te
1192 2211 1281 2248 totis

167 2266 170 2268 ’
284 2265 489 2303 Christiani
520 2265 661 2314 populi,
1090 2267 1315 2316 Diriguntur
1348 2267 1459 2306 oculi.

115 2358 185 2395 62.
226 2356 363 2393 Natum
394 2367 460 2393 ora
923 2357 995 2396 6b.
1036 2358 1111 2396 Sed
1144 2358 1313 2395 ductrice

227 2413 275 2450 Et
306 2412 477 2461 implora,
1035 2413 1235 2452 Genetriee

286 2469 342 2506 Ne
372 2469 478 2515 plebs
509 2469 586 2506 eius
617 2473 758 2518 pereat,
1092 2471 1146 2508 Te
1177 2471 1225 2508 ad
1257 2471 1370 2509 vitam
1403 2472 1545 2509 redeat.

119 2560 188 2597 7a.
230 2559 311 2602 Dic,
347 2559 408 2596 dic
438 2560 492 2597 ei:
925 2562 994 2600 7b.
1037 2563 1134 2600 Nate
1164 2573 1268 2599 meus

228 2615 302 2652 Fili
334 2615 416 2662 Dei,
1033 2621 1159 2666 Atque
1190 2619 1304 2666 Deus,

285 2671 359 2710 Sed
391 2676 426 2708 et
455 2682 558 2709 meus
587 2673 707 2722 unice,
1090 2676 1321 2713 Exorantem
1356 2676 1513 2722 respice.

118 2763 188 2801 8a.
229 2762 456 2813 Recordare,
927 2765 1001 2807 gb.
1039 2768 1160 2804 Causa
1191 2770 1280 2805 nota

229 2819 319 2865 Quis
348 2823 385 2855 et.
414 2830 528 2866 quare
1037 2824 1107 2861 Est
1138 2827 1173 2859 et
1205 2828 1294 2872 tota,

727 181 775 185 —
838 155 918 196 237
979 178 1031 183 ——

283 2875 444 2915 Matrem
477 2876 592 2914 habes
624 2877 816 2927 virginem,
1096 2880 1144 2919 Ut
1177 2880 1344 2918 salvares
1375 2880 1575 2920 hominem.
