2031 3289
902 151 1208 191 —322—

642 312 724 348 249.
763 312 822 354 (2.)
856 312 1034 355 Hymnus
1060 311 1107 345 de
1133 310 1270 345 Natali
1293 309 1468 345 Domini.

578 425 615 462 1.
664 423 693 461 Ο
725 423 829 460 salus
859 422 1002 470 mundi,
1035 427 1139 458 sator
1168 421 1347 469 universi,

663 479 753 516 Sola
784 489 871 527 spes
903 479 1015 523 vitae,
1050 478 1164 515 decus
1195 489 1216 514 o
1246 487 1425 524 perenne,

663 535 825 573 Debitas
856 535 988 572 laudes
1019 534 1089 571 tibi
1119 545 1186 571 nos
1219 532 1385 570 ferentes

777 591 936 637 Suscipe
967 591 1144 629 clemens.

576 696 615 732 2.
669 692 740 738 Qui
771 692 900 728 volens
931 695 1048 728 totum
1081 701 1261 737 reparare
1291 690 1483 738 mundum,

661 749 834 787 Gratiam
866 748 970 784 miris
1004 747 1155 784 dederis
1187 747 1358 794 habenis,

666 806 726 843 Ne
758 806 844 852 iugo
873 804 968 850 legis
999 808 1237 850 premeretur
1266 804 1386 840 omnis

778 861 982 899 Plasmatis
1013 865 1131 899 aetaS.

578 966 616 1002 3.
661 965 769 1002 Haec
799 972 913 1009 agens
945 962 1062 1008 gratis
1093 961 1177 998 vice
1208 961 1379 998 caritatis

664 1021 741 1057 Res
772 1019 1003 1065 protoplasti
1033 1018 1216 1054 miserans
1246 1017 1383 1054 levasti

664 1077 717 1113 Et
746 1086 922 1122 premens
952 1075 1106 1112 tandem
1137 1074 1349 1111 Leviathan
1383 1083 1541 1121 anguem

782 1132 859 1169 Nos
891 1131 1089 1170 revocasti.

580 1237 620 1273 4.
669 1234 765 1271 Nam
798 1238 1036 1270 coaeternum
1070 1232 1152 1282 tibi,
1185 1242 1340 1277 summe,
1372 1231 1528 1269 verbum

667 1290 793 1327 Prolis
825 1290 1010 1326 humanae
1038 1289 1201 1336 speciem
1233 1288 1395 1335 probare

666 1347 831 1384 Miseras
862 1345 958 1394 orbi,
991 1347 1072 1383 sine
1102 1344 1189 1382 labe
1218 1345 1329 1382 naevi

784 1403 937 1448 Virgine
969 1407 1169 1449 sumptam.

581 1508 619 1545 5.
666 1507 746 1543 Iam
779 1515 914 1541 novum
948 1504 1072 1540 lumen
1106 1503 1218 1540 datur
1248 1503 1296 1540 ad
1329 1502 1502 1549 salutem,

640 1609 643 1612 Ι
667 1562 789 1599 Natus
822 1564 879 1597 est
908 1560 1017 1597 nobis
1049 1571 1166 1596 novus
1197 1564 1330 1596 auctor
1359 1558 1475 1603 orbis,

668 1617 860 1664 Splendor
890 1617 1033 1653 aeterni
1065 1616 1186 1662 patris
1216 1626 1261 1653 ac
1290 1615 1444 1661 superni

780 1674 858 1710 Iam
892 1684 979 1710 caro
1011 1671 1146 1710 factus.

584 1778 623 1815 6.
669 1776 740 1814 Ille
771 1775 936 1822 signatas
966 1785 1139 1811 reserans
1170 1773 1310 1820 figuras

668 1832 780 1879 Legis
811 1831 994 1868 obscurae
1025 1830 1188 1877 fideique
1219 1840 1337 1876 purae

669 1888 849 1926 Sensibus
880 1887 1019 1924 nostris
1050 1887 1172 1924 aderit
1206 1887 1382 1933 perennis

784 1945 856 1981 Pro
887 1944 1129 1982 renovandis.
1988 1943 2012 1993 fl

586 2048 624 2086 7.
669 2046 784 2083 Nulla.
815 2046 870 2083 vis
903 2045 1010 2082 nobis
1042 2049 1211 2082 remanet
1243 2045 1397 2092 doloris,
1987 2056 1990 2078 l

670 2103 791 2141 Filius
823 2103 956 2139 summi
988 2102 1094 2148 vigor
1125 2107 1248 2138 exstat
1279 2101 1391 2150 omni,
1988 2085 1990 2128 1

670 2159 741 2206 Qui
772 2158 847 2196 fide
877 2169 971 2206 pura
1003 2159 1183 2205 vigilique
1215 2169 1304 2195 cura

783 2216 914 2254 Credit
946 2216 982 2252 in
1013 2215 1149 2261 ipsum.

586 2319 623 2357 8.
670 2318 772 2355 Hinc
802 2317 919 2353 melos
950 2316 1079 2364 hymni
1111 2326 1328 2353 resonemus
1359 2316 1414 2352 illi

670 2374 842 2421 Supplici
875 2378 960 2410 voto
991 2373 1192 2420 studioque
1222 2377 1315 2418 toto,

673 2432 725 2470 Ut
757 2430 962 2467 coheredes
993 2429 1145 2466 sibimet
1177 2429 1307 2466 fideles

784 2487 1039 2525 Inveniamur.

588 2591 625 2629 9.
672 2589 772 2626 Laus
803 2589 904 2636 patri
936 2599 1079 2624 summo
1111 2589 1158 2624 sit
1191 2588 1385 2634 honorque
1416 2590 1519 2631 nam,

672 2645 870 2684 Pneumati
901 2649 1033 2682 sancto
1066 2645 1180 2681 decus
1211 2649 1324 2691 atque
1357 2644 1468 2688 doxa,

672 2702 741 2749 Qui
773 2711 928 2739 manens
959 2702 1081 2738 trinus
1112 2701 1214 2738 Deus
1245 2705 1303 2737 est
1335 2706 1370 2737 et
1402 2711 1497 2737 unus

789 2758 946 2805 Semper
978 2758 1126 2804 ubique.

382 2878 493 2918 Opera
522 2880 655 2916 autogr.
681 2875 823 2907 Othloni
851 2876 1103 2907 Emmeramen.
1129 2886 1218 2907 saec.
1246 2873 1297 2907 11.
1340 2875 1423 2906 Clm.
1450 2875 1630 2906 Monacen.
1664 2871 1786 2905 14756.
1804 2886 1846 2891 -·
