2031 3289
965 170 1272 214 —202—

819 554 900 588 ⁶209.
939 554 1018 595 (99.)
1055 554 1097 589 In
1124 555 1160 590 3.
1188 555 1408 591 Nocturno.

353 705 387 743 1.
423 705 594 751 Pugnant
625 704 753 741 mundi
786 704 990 751 principes,
1165 707 1201 745 2.
1234 706 1315 742 Viri
1348 716 1430 742 cum
1461 706 1652 750 uxoribus,

420 761 651 797 Daemonum
682 761 878 806 satellites,
1232 763 1388 799 Fratres
1420 773 1501 799 cum
1530 763 1733 814 sororibus,

419 818 584 854 Vincunt
615 815 757 854 Christi
788 817 926 854 milites
1235 818 1324 855 Filii
1356 829 1436 855 cum
1467 819 1652 857 matribus

418 874 504 910 Voti
536 874 592 911 sui
625 878 828 920 compotes,
1237 875 1334 912 Belli
1365 879 1466 913 stant
1497 876 1769 923 congressibus,

421 1021 502 1057 Nec
532 1021 618 1058 huic
650 1021 806 1058 militiae
1236 1022 1366 1059 Virum
1397 1033 1492 1059 uxor
1521 1023 1674 1066 animat,

421 1078 489 1114 Vel
520 1082 648 1115 tantae
681 1078 861 1116 victoriae
1235 1079 1354 1115 Natos
1385 1082 1506 1116 mater
1537 1079 1689 1116 roborat

421 1135 657 1181 Praemiique
687 1135 829 1182 gloriae
1234 1135 1285 1172 Et
1317 1135 1420 1172 caelo
1451 1139 1659 1183 regenerat,

421 1191 567 1228 Desunt
597 1202 742 1238 quoque
773 1190 947 1229 feminae.
1234 1192 1334 1237 Quos
1365 1195 1469 1228 terra
1497 1197 1690 1240 genuerat,

418 1337 523 1375 Sicut
554 1337 663 1375 fortis
1234 1340 1342 1385 Ipsos
1373 1339 1499 1375 statim

477 1396 530 1431 sic
560 1394 730 1432 infirmus
1291 1399 1466 1432 secutura

415 1452 563 1498 Pugnat
593 1457 628 1488 et
660 1453 725 1488 tri-
1234 1452 1502 1489 Holocaustum

475 1508 630 1555 umphat
661 1519 786 1557 sexus,
1289 1508 1440 1546 Christo
1473 1507 1585 1548 facta.

533 1566 583 1603 Ut
613 1565 794 1602 haberent
1347 1565 1463 1602 Soror
1493 1564 1650 1604 fratrem

590 1622 724 1659 summi
757 1621 854 1668 regis
886 1621 984 1658 acies
1400 1626 1593 1671 provocat,
1627 1625 1667 1658 ut
1699 1623 1866 1670 dimicet,

532 1678 625 1715 Suas
659 1689 806 1725 quoque
1347 1679 1396 1715 Et
1428 1683 1502 1714 tam
1535 1678 1660 1716 verbis

590 1746 670 1771 cum
704 1735 793 1772 viris
824 1745 1034 1782 amazones,
1392 1736 1890 1784 quamexe1nplisadmonet3

531 1794 645 1839 Quae,
677 1803 749 1839 quo
779 1791 898 1838 magis
1346 1792 1443 1838 Quid
1477 1792 1537 1828 hic
1565 1797 1690 1838 agant,

587 1853 722 1886 natura
752 1853 840 1885 sunt
872 1848 1027 1895 debiles,
1401 1848 1470 1885 nisi
1501 1853 1689 1897 pugnent,
1721 1849 1891 1898 iuvenes,

535 1906 686 1943 Palmae
718 1906 849 1942 harum
1346 1905 1437 1943 Cum
1470 1905 1652 1942 bellantes

589 1963 706 2009 magis
747 1967 832 1998 sunt
872 1961 1075 2000 mirabiles.
1400 1963 1592 1998 intuentur
1622 1961 1817 2016 virgines?

825 2110 862 2147 3.
888 2109 1011 2146 Multa
1041 2113 1139 2152 sunt,

949 2177 1084 2213 magna
1114 2169 1198 2202 sunt

1007 2223 1049 2259 In
1081 2226 1232 2259 sanctos
1261 2222 1419 2268 proelia.

892 2280 1017 2317 Pauca
1048 2279 1107 2315 vel

947 2347 1065 2382 parva
1095 2339 1193 2383 sunt,

1003 2392 1188 2437 Quantum
1217 2391 1266 2428 ad
1297 2392 1486 2441 praemia,

898 2449 1010 2485 Cuius
1041 2449 1133 2485 haec

948 2506 1046 2542 (lona
1076 2509 1175 2553 sunt,

1006 2561 1103 2608 Regi
1135 2561 1185 2598 sit
1213 2561 1345 2609 gloria.

426 2711 451 2741 Β
477 2710 535 2741 fol.
559 2708 602 2740 94
614 2710 644 2741 b.
675 2727 710 2729 A*
740 2711 766 2742 U·
793 2707 849 2743 fol.
879 2706 980 2740 185a.
1008 2725 1049 2729 —
1075 2708 1106 2748 2,
1135 2707 1173 2739 17
1201 2708 1255 2739 liic
1282 2708 1365 2739 fehlt
1392 2709 1426 2739 Β.
1451 2725 1494 2729 -
1522 2705 1553 2747 2,
1580 2706 1624 2739 20
1650 2709 1828 2740 intuuntur
1852 2708 1888 2739 C.
