1914 3223
787 158 833 162 ---
896 133 942 172 oi

623 325 678 360 92.
713 327 770 365 (S.)
808 324 856 358 De
881 324 1007 358 sancto
1033 321 1235 374 Matthaco..
1281 342 1284 344 -

169 447 202 483 1.
236 442 407 490 Apostoli
441 442 638 481 festivitas,

233 502 306 538 Sua
336 500 440 536 caelo
469 498 646 535 nativitas

238 558 376 593 Cenum
408 560 557 592 nostrae
589 554 800 601 putredinis

237 615 351 650 Curet.
382 612 458 649 suis
491 611 666 648 remediis

167 705 202 742 2.
240 702 434 740 Publicani
467 700 668 749 confessio,
978 702 1014 737 4.

237 759 445 796 Gaudentis
477 757 700 803 interiectio,

236 818 336 863 Quae
368 815 618 852 commisimus
651 813 813 859 publice,

236 873 351 909 'serat
382 871 550 919 magistri
583 871 740 919 pumice.

241 960 272 1000 2,
296 959 318 993 4
342 961 397 993 vel
424 961 600 1002 magistro.

978 443 1013 477 23.
1048 440 1139 476 Levi
1171 440 1270 476 levet
1301 435 1532 484 ponderibus

1049 496 1127 533 Nos
1159 496 1357 542 depressos
1388 491 1546 529 inferius

1046 553 1095 590 Et
1128 555 1293 599 praestet
1324 561 1391 587 sua
1419 549 1538 596 venia,

1046 610 1278 646 scandamus
1308 607 1356 644 ad
1389 605 1571 652 Cyllenia.

1049 700 1129 736 Deo
1160 699 1259 745 patri
1289 698 1364 734 sint
1395 696 1521 733 munia

1047 758 1137 794 Cum
1170 755 1247 792 tilio
1279 753 1499 794 communia,

1047 813 1104 849 Sit
1133 812 1232 849 idem
1264 815 1394 848 sancto
1426 808 1582 857 flamini,

1048 869 1278 906 Maestorum
1311 866 1567 904 consolamini.

569 1092 623 1128 93.
659 1093 716 1134 (9.)
757 1092 803 1128 lle
828 1101 855 1126 s.
883 1090 1053 1127 Maur-itio
1081 1091 1118 1126 et
1143 1088 1268 1126 Sociis.

168 1214 202 1252 1.
237 1213 375 1250 Sancta
405 1210 582 1249 Thebaea
611 1210 709 1257 legio

238 1269 292 1307 Sit
324 1268 444 1306 nostri
474 1268 552 1304 stili
584 1268 698 1316 regio,

234 1326 282 1363 Et
316 1325 394 1362 eius
417 1325 474 1364 ,ad
506 1324 713 1371 tripudium

236 1382 290 1420 Sit
324 1381 498 1428 frequens
520 1385 687 1418 nostrum
710 1380 887 1418 studium.

167 1475 204 1510 2.
236 1472 386 1509 Laudes
416 1475 546 1508 sancto
578 1471 758 1508 Mauritio
977 1473 1013 1508 4.

236 1529 304 1566 Pio
337 1528 475 1564 dentur
505 1526 642 1573 officio⁷

234 1585 290 1622 Sit.
320 1595 409 1622 suae
440 1584 589 1630 palmae
610 1584 771 1620 iaculum

236 1641 364 1678 Nostri
396 1641 583 1678 mucronis
616 1640 803 1687 capulum.

976 1212 1014 1249 3.
1047 1209 1196 1246 Sanctis
1220 1218 1309 1245 vero
1340 1207 1570 1255 martyribus

1046 1267 1090 1304 In
1119 1265 1273 1303 laudum
1304 1265 1408 1301 mille
1436 1264 1589 1301 milibus

1046 1323 1178 1359 Honor
1207 1326 1243 1358 et
1273 1332 1410 1368 perpes
1440 1321 1561 1367 gloria

1047 1379 1102 1416 Sit
1136 1379 1238 1426 vigili
1271 1378 1462 1417 memoria.

1045 1471 1215 1517 Agaune,
1248 1469 1311 1506 lux
1342 1471 1382 1506 in
1413 1468 1592 1515 tenebris,

1046 1527 1175 1564 Morte
1206 1530 1420 1563 sanctorum
1454 1525 1627 1572 celebris,

1044 1583 1206 1620 Exsulta
1234 1594 1316 1619 cuin
1348 1582 1579 1629 martyribus

1045 1640 1174 1677 Factis
1206 1639 1379 1686 supernis
1412 1639 1568 1679 civibus,

555 1734 590 1771 5.
625 1731 766 1769 Summi
797 1731 885 1767 boni
915 1730 1144 1778 principium

619 1788 669 1825 Et
699 1787 769 1825 filii
799 1787 979 1824 iudicium

620 1845 797 1882 Prestent
825 1844 894 1881 sub
926 1855 1039 1891 prece
1069 1844 1232 1882 flaminis

618 1901 791 1939 Extremi
821 1912 927 1947 spem
959 1902 1152 1941 examinis,

239 1985 331 2024 Uber
359 1989 388 2030 l,
415 1990 428 2023 1
459 1990 540 2023 Vel:
567 1992 731 2024 Thebaea
756 1996 877 2024 saneta
901 1992 1004 2034 legio.

618 2183 674 2220 94.
711 2184 792 2227 (10.)
827 2184 877 2220 De
903 2185 1030 2219 sancto
1056 2182 1230 2219 Patricio.

165 2302 199 2340 1.
233 2302 365 2340 Carnis
397 2303 545 2349 sepulto
576 2302 667 2339 vitio

233 2358 371 2396 Sancto
402 2359 534 2396 laudes
562 2359 728 2397 Patricio

231 2415 306 2452 Det
336 2419 487 2463 nost-rae
519 2416 642 2453 carnis
674 2416 819 2453 cithara

234 2472 324 2509 Cum
357 2473 477 2509 omnis
508 2473 658 2520 linguae
688 2473 811 2510 litera.

163 2565 200 2601 2.
233 2563 303 2608 Qui
337 2563 573 2609 praedicavit
605 2562 769 2600 Scotiam

232 2619 398 2656 Domans
429 2620 551 2666 gentis
583 2618 776 2665 ferociam,

234 2676 422 2713 Hostilem
455 2675 581 2713 domet
612 2677 728 2713 aciem

234 2734 396 2769 Vertens
427 2733 464 2769 in
497 2731 622 2779 fugam
655 2732 799 2770 faciem.

976 2304 1012 2340 3.
1048 2302 1245 2340 Scotorum
1277 2301 1519 2349 apostolicus,

1046 2359 1162 2396 Nulla
1194 2359 1333 2396 virtute
1364 2357 1546 2404 modicus,

1046 2416 1118 2453 Per
1148 2426 1216 2452 sua
1246 2414 1436 2451 mirabilia

1051 2472 1192 2509 Nostra
1223 2472 1377 2509 mundet
1409 2471 1536 2510 ovilia.

980 2567 1015 2601 4.
1051 2563 1169 2612 Patri,
1204 2566 1292 2599 nato
1325 2562 1463 2598 cotidie

1051 2622 1197 2658 Dentur
1228 2619 1360 2655 laudes
1393 2629 1467 2654 non
1498 2617 1647 2664 viduae,

1048 2676 1212 2713 Flamini
1245 2676 1326 2721 lege
1359 2675 1460 2711 socia

1051 2734 1159 2770 Canit
1192 2732 1385 2769 nobiscum
1418 2731 1556 2768 Scotia.

238 2822 396 2863 Hymnus
422 2823 533 2853 sancti
558 2822 702 2853 Patricii
729 2822 945 2853 confessoris.
972 2840 1015 2843 —
1041 2821 1069 2855 2,
1100 2821 1113 2853 l
1147 2822 1232 2854 iiber
1258 2821 1488 2865 praedicavit:
1514 2822 1567 2853 w}
1603 2821 1703 2852 resin·-

146 2869 262 2898 mavit.
287 2884 331 2888 —-
356 2866 387 2905 3,
417 2865 431 2898 l
464 2870 670 2900 Scottorum.
703 2885 738 2888 —
765 2866 796 2907 4,
821 2866 843 2899 4
867 2869 988 2900 csotia.
