2031 3289
892 181 1194 222 -386—

299 296 335 335 3.
382 296 479 342 Quot
500 299 587 332 sunt
603 296 702 333 lares
721 300 757 332 et
773 300 862 342 quot
880 305 1003 344 pares,

431 352 528 398 Quot
548 362 619 398 per
638 351 817 389 mundum
838 350 1004 398 fiumina,

377 408 474 454 Quot
495 412 583 445 sunt
605 407 718 444 boves
741 412 777 444 et
798 412 887 454 quot
904 418 1005 455 oves,

434 464 529 510 Quot
561 464 600 500 in
630 464 752 511 pratis
781 465 963 511 gramina,

379 521 475 567 Quot
493 524 578 556 sunt
591 520 717 557 stillae
729 514 867 567 et'quot
879 521 1006 564 villae,

437 578 534 622 Quot
566 576 740 614 villarum
770 578 944 626 nominat,

294 690 330 726 4.
378 689 474 735 Quot
492 692 578 726 sunt
594 689 698 735 leges
716 694 753 726 et
771 694 860 736 quot
877 699 1009 735 greges

433 745 483 782 Et
515 749 605 792 quot
636 744 790 783 frondes
818 746 1008 794 arborum,

377 801 474 847 Quot
495 806 581 838 sunt
597 802 715 838 valles
734 808 769 838 et
787 807 874 849 quot
895 802 1009 839 calles

433 858 481 894 Et
512 863 602 904 quot
623 857 778 896 umbrae
800 870 1007 907 nemorum,

377 914 473 959 Quot
490 920 576 951 sunt
595 926 722 953 manes
739 920 776 952 et
795 920 884 962 quot
899 925 1008 952 canes

434 971 484 1008 Et
514 976 701 1009 momenta
731 976 970 1021 temporum;

295 1085 332 1122 5.
378 1084 474 1129 Quot
487 1090 572 1121 sunt
586 1082 728 1121 formae
740 1088 777 1121 et
789 1089 878 1131 quot
889 1094 1054 1134 normae,
1110 1085 1147 1122 9.

435 1141 531 1186 Quot
563 1141 602 1177 in
635 1141 746 1177 terris
777 1141 959 1190 homines,

379 1197 475 1241 Quot
488 1202 573 1233 sunt
582 1197 705 1233 luctus
716 1200 752 1234 et
761 1202 849 1244 quot
861 1196 1007 1246 fluctus,

436 1253 531 1298 Quot
564 1253 602 1289 in
633 1254 727 1290 mari
759 1254 941 1299 turbines,

381 1310 478 1355 Quot
509 1314 595 1346 sunt
625 1320 737 1357 grues
759 1315 794 1346 et
817 1316 906 1357 quot
927 1320 1012 1347 sues

436 1366 486 1403 Et
519 1371 608 1413 quot
639 1366 739 1404 ntae
770 1367 945 1413 ordines;

298 1479 334 1517 6.
381 1480 479 1525 Quot
497 1483 583 1515 sunt
603 1479 737 1516 stellae
751 1484 786 1515 et
799 1483 889 1525 quot
900 1479 1011 1528 velle,

438 1537 535 1581 Quot
568 1536 606 1572 in
639 1536 773 1572 castris
805 1535 957 1581 milites,

381 1594 477 1638 Quot
509 1596 596 1628 sunt
629 1603 717 1629 rura
749 1597 783 1628 et
806 1597 895 1638 quot
916 1591 1011 1638 iura,

436 1649 534 1694 Quot
564 1648 604 1685 in
635 1648 727 1685 orbe
759 1649 908 1695 divites,

381 1705 479 1750 Quot
498 1709 586 1741 sunt
603 1703 705 1742 fures
724 1709 758 1741 et
772 1710 862 1752 quot
874 1715 1011 1754 mures,

439 1762 537 1807 Quot
568 1761 607 1798 in
638 1762 739 1808 agris
769 1762 931 1812 limites:

1107 295 1141 332 7.
1189 295 1288 340 Quot
1299 299 1384 332 sunt
1396 300 1524 341 patres
1534 299 1571 332 et
1580 300 1670 342 quot
1681 300 1821 334 matres

1245 351 1297 388 Et
1327 356 1415 398 quot
1446 356 1609 388 matrum
1639 353 1762 402 pueri,

1189 408 1286 454 Quot
1317 411 1403 444 sunt
1434 408 1514 455 rogi
1546 413 1582 444 et
1612 412 1702 455 quot
1729 409 1818 456 logi,

1249 464 1343 508 Quot
1376 469 1580 501 metrorum
1616 465 1773 513 numeri,

1187 520 1283 566 Quot
1292 524 1377 556 sunt
1385 531 1541 567 poenae,
1550 525 1639 567 quot
1650 525 1818 567 catenae,

1249 576 1345 622 Quot
1376 576 1414 613 in
1445 587 1533 614 orco
1563 577 1716 624 miseri;

1110 688 1147 728 8.
1195 689 1293 734 Quot
1310 695 1396 725 sunt
1414 699 1548 735 mores,
1572 693 1662 736 quot
1679 690 1823 727 colores

1248 745 1298 782 Et
1330 750 1418 791 quot
1450 755 1574 783 rerum
1606 745 1765 795 species,

1194 801 1290 846 Quot
1319 806 1403 838 sunt
1432 802 1529 838 vites
1551 806 1588 838 et
1609 807 1699 849 quot
1719 802 1823 844 lites,

1249 858 1347 903 Quot
1377 857 1563 895 bellorum
1592 859 1709 906 acies,

1192 914 1287 958 Quot
1296 918 1381 950 sunt
1390 919 1528 951 mortes
1538 919 1575 951 et
1586 920 1675 962 quot
1688 919 1824 959 sortes,

1247 971 1344 1017 Quot
1375 970 1559 1008 malorum
1589 971 1736 1010 rabies:

1193 1083 1264 1120 Tot
1295 1083 1467 1130 honores,
1499 1088 1554 1121 tot
1587 1082 1738 1121 favores

1249 1140 1299 1177 Et
1328 1144 1383 1177 tot
1413 1140 1566 1177 laudum
1597 1141 1728 1179 titulos

1193 1196 1346 1233 Malcho
1380 1196 1509 1234 demus
1541 1202 1577 1234 et
1609 1201 1802 1233 cantemus

1255 1253 1394 1289 Dulces
1422 1253 1479 1289 illi
1509 1253 1696 1303 modulos,

1195 1309 1264 1356 Qui
1294 1314 1335 1346 ut
1366 1309 1484 1346 bonus
1515 1310 1571 1346 sic
1599 1314 1782 1356 patronus

1253 1365 1331 1402 Nos
1363 1371 1542 1413 agnoscat
1573 1364 1747 1403 famulos.

1086 1479 1150 1517 10.
1198 1478 1299 1515 Voce
1330 1489 1445 1515 rauca
1474 1479 1612 1525 scripsi
1641 1488 1789 1525 pauca3

1254 1535 1418 1583 Malche,
1450 1540 1559 1582 grata
1589 1535 1725 1572 sumito

1198 1592 1336 1637 Meque
1368 1591 1448 1628 Deo
1479 1597 1628 1639 gratum
1661 1601 1742 1628 meo

1253 1648 1333 1685 Tua
1364 1657 1478 1696 prece
1509 1646 1636 1687 facito.

1198 1704 1272 1741 Hic
1303 1705 1479 1752 consisto,
1511 1715 1623 1742 versu
1654 1705 1728 1742 isto

1254 1760 1399 1798 Malehi
1431 1771 1581 1798 carmen
1611 1761 1746 1799 limito.

699 1875 763 1913 11.
810 1873 938 1920 Alpha
969 1873 1072 1910 Deus
1102 1872 1260 1917 initium,

804 1927 844 1968 Ω
875 1930 922 1966 sit
954 1929 1038 1967 finis
1067 1933 1103 1965 et
1134 1929 1353 1976 praemium.

361 2064 503 2097 Collect.
531 2075 592 2096 ms.
618 2065 830 2106 Tegurinum
858 2074 948 2096 saec.
976 2062 1027 2095 12.
1077 2064 1163 2096 Clm.
1188 2064 1371 2095 Monaceu.
1402 2060 1525 2094 18580.
1550 2062 1590 2094 A
1615 2079 1660 2084 —
1686 2062 1827 2094 Colleet.

271 2121 333 2141 ms.
358 2111 520 2142 Roffeuse
546 2120 635 2141 saec
662 2108 712 2142 12.
757 2110 841 2142 Cod.
867 2109 1040 2141 Oxonien.
1065 2109 1176 2141 Laud.
1201 2108 1350 2140 Miscell.
1377 2106 1432 2139 40.
1457 2109 1494 2139 Β.
1520 2125 1565 2129 --
1591 2106 1619 2146 1,
1645 2104 1666 2139 3
1691 2106 1827 2139 fraudes

271 2160 304 2187 et
328 2160 412 2198 quot
437 2155 557 2188 laudes
585 2157 621 2187 B.
648 2174 690 2178 —
715 2154 746 2192 4
772 2153 793 2187 3
818 2155 924 2186 ealles
949 2160 983 2186 et
1006 2158 1091 2197 quot
1115 2153 1225 2186 valles
1256 2155 1292 2184 B.
1318 2171 1362 2175 ——
1387 2151 1418 2191 9,
1447 2152 1461 2184 1
1490 2153 1581 2192 Quot
1606 2152 1753 2185 honores
1778 2156 1828 2183 tot

269 2201 309 2232 A.
336 2219 379 2222 —
404 2201 529 2233 Ausser
554 2201 674 2232 diesen
693 2201 776 2232 Abu·
781 2201 973 2241 eicliungen
998 2200 1112 2232 fehlen
1138 2201 1173 2231 in
1193 2201 1219 2231 B
1245 2210 1314 2230 von
1341 2199 1432 2230 allen
1451 2198 1623 2240 Strophen
1648 2198 1704 2229 die
1719 2197 1828 2230 ffinfte

269 2247 338 2278 und
365 2247 499 2279 seehste
524 2246 639 2285 Zeile3
665 2246 792 2278 ebenso
820 2244 871 2284 ll,
901 2245 915 2276 1
940 2256 990 2287 sq.
1016 2245 1207 2277 Aufschrift
1232 2246 1269 2276 in
1294 2245 1342 2276 B:
1368 2245 1601 2285 Comparatio.

747 2447 828 2482 291.
866 2447 944 2487 (ll.)
981 2446 1109 2480 Homo
1135 2445 1182 2479 de
1208 2446 1345 2479 Terra.

480 2554 575 2599 Quid
609 2553 678 2589 tibi
709 2551 891 2599 pendenti
922 2551 1056 2598 loquar
1085 2555 1119 2587 et
1152 2561 1221 2597 pro
1253 2560 1310 2585 me
1344 2548 1548 2587 morienti?

478 2610 576 2656 Quid
609 2610 741 2656 loquar
770 2613 835 2646 aut
863 2608 970 2645 edam
984 2609 1001 2643 2³
1033 2613 1166 2653 stupeo
1197 2607 1385 2653 magnalia
1417 2606 1612 2652 quaedam.

476 2667 586 2704 Mens
619 2665 733 2703 hebet
763 2670 799 2702 et
831 2665 969 2709 cordis
1003 2675 1069 2701 sua
1100 2664 1161 2700 lux
1195 2661 1305 2709 fugit.
1341 2662 1494 2699 horrida
1526 2661 1662 2706 sordis,

476 2722 637 2760 Efficior
667 2727 803 2770 mutus,
838 2720 940 2758 feror
969 2721 1006 2757 in
1036 2720 1202 2758 lacrimis
1233 2719 1433 2763 resolutus,

411 2784 432 2818 5
481 2780 566 2816 Non
602 2779 721 2816 habeo
752 2783 926 2824 mentem,
959 2788 1031 2824 qua
1059 2782 1096 2813 te
1128 2776 1275 2813 videam
1308 2775 1540 2813 morientem.

480 2837 632 2874 Intueor
662 2835 816 2882 lignum,
850 2835 975 2871 clavos
1006 2833 1243 2879 pretiumque
1276 2832 1472 2878 benignum

477 2893 524 2929 Et
556 2891 687 2929 lateris
720 2892 852 2938 rivum,
885 2890 946 2937 qui
980 2890 1091 2927 diluit
1122 2899 1230 2927 omne
1261 2890 1446 2926 nocivum.
