2031 3289
992 185 1299 226 —228—

388 303 487 340 1421..
520 301 618 348 Quid
649 301 770 348 plura,
1199 299 1297 337 141).
1332 299 1508 338 Collectis

512 358 610 405 Quid
641 358 741 394 ultra
1326 356 1436 392 Circa
1467 365 1506 391 se

568 413 748 459 Dicimus,
1384 412 1562 448 Vestibus

512 471 608 517 Quid
639 469 761 517 fietus,
1326 469 1369 505 In
1398 478 1486 505 arae

511 526 607 572 Quid
638 528 812 572 planctus
1325 524 1535 561 Succensae
1626 554 1632 558 .

568 583 764 620 Ginnimus
777 584 794 618 ’ἐ
1382 581 1572 618 Gradibus

511 685 574 721 Ad
604 682 730 729 finem,
1326 681 1506 718 Traditus

512 740 618 785 Quod
649 743 773 776 tamen
1327 738 1388 775 Ab
1420 739 1503 784 ipsa

568 796 781 844 Coepimus‚
1383 795 1541 831 Gladius

514 853 741 899 plangentes
1328 851 1491 888 Peremit

511 909 562 946 Et.
590 907 723 945 flentes
1326 908 1435 944 Hane
1465 906 1571 943 flexis

568 965 761 1004 Ducimus.
1385 963 1564 1001 Genibus.

387 1081 484 1118 15a.
517 1079 546 1116 Ο
577 1082 738 1114 mentem
1203 1077 1300 1116 1510.
1334 1078 1508 1115 Hebreae

517 1137 718 1172 Amentem
1332 1133 1457 1170 Dicite

572 1191 725 1240 Iudicis,
1387 1190 1575 1237 Virgines,

516 1249 545 1286 Ο
577 1248 698 1284 zelum
1330 1246 1491 1293 Insignis

514 1305 693 1342 Insanum
1332 1303 1498 1351 Virginis

573 1361 762 1409 Principis
775 1358 783 1398 l
1388 1360 1588 1408 Memores,

516 1463 545 1500 Ο
579 1466 741 1509 patrem,
1338 1461 1496 1498 Inclitae

520 1519 595 1557 Sed
628 1519 774 1555 hostem
1333 1518 1488 1555 Puellae

574 1575 744 1622 Generis,
1390 1574 1522 1620 Israel,

518 1632 664 1670 Unicae
1332 1632 1415 1668 Hac
1446 1631 1556 1667 valde

516 1689 624 1735 Quod
654 1698 746 1727 nece
1335 1688 1488 1735 Virgine

576 1745 716 1782 Diluit!
1388 1744 1557 1782 Nobiles.

469 1859 488 1889 (5
499 1868 529 1895 a,
564 1856 600 1888 2]
632 1858 876 1899 ignocentiam.
902 1875 944 1879 —-
971 1855 1031 1892 621,
1064 1854 1108 1888 40
1133 1857 1191 1897 qui
1219 1857 1282 1887 sui.
1309 1873 1350 1877 —-—
1377 1854 1438 1892 ssb,
1468 1854 1509 1886 14
1534 1856 1633 1887 Siuat
1658 1859 1691 1887 te
1717 1855 1867 1887 dileetio.
1891 1872 1932 1877 -—-

378 1903 441 1941 fib,
469 1902 509 1935 17
536 1903 721 1935 offendens.
747 1919 790 1923 -
815 1900 875 1941 61),
904 1899 944 1934 18
968 1902 1129 1934 Amittas.

682 2081 762 2118 247.
801 2081 904 2124 (137.)
939 2081 1131 2116 Planctus
1157 2081 1283 2116 Israel
1310 2089 1430 2124 super
1456 2080 1636 2116 Samson.

1142 2187 1170 2224 I.

398 2282 464 2318 la.
502 2279 673 2327 Abyssus
705 2288 792 2315 vere
822 2278 940 2315 multa
1209 2277 1279 2315 1b.
1317 2278 1490 2313 Virorum
1523 2275 1780 2326 fortissimum,

553 2336 708 2382 Iudicia,
1364 2333 1584 2371 Nuntiatum

549 2393 664 2439 Deus,
698 2397 774 2440 tua,
1366 2391 1441 2428 Per
1470 2390 1655 2439 angelum,

1310 2447 1519 2484 Nazareum
1551 2447 1732 2495 inolitum,

1309 2504 1462 2540 Israelis
1494 2504 1667 2550 clipeum,

1322 2560 1436 2597 Cuius
1469 2571 1532 2596 cor
1562 2561 1621 2597 vel
1652 2569 1802 2597 saxeum

1313 2617 1394 2653 Non
1426 2614 1514 2654 fleat
1543 2617 1597 2653 sic
1628 2614 1847 2663 perditum‘.>

495 2449 552 2487 Eo
582 2449 667 2497 plus
699 2447 953 2495 formidanda,

496 2508 575 2552 Quo
606 2505 724 2552 magis
755 2509 840 2541 sunt
872 2504 1020 2541 occulta

494 2563 545 2600 Et¹
574 2573 645 2609 quo
677 2562 762 2608 plus
795 2565 851 2598 est
882 2561 928 2598 ad
960 2561 1026 2597 illa

495 2618 692 2665 Quaelibet
723 2618 778 2655 vis
811 2616 970 2655 infirma.

1207 2730 1277 2769 2b.
1310 2730 1514 2768 Exhaustis
1546 2730 1688 2767 viribus

1366 2786 1529 2825 Orbatus
1561 2787 1679 2823 oculis

1310 2844 1435 2882 Molae
1466 2843 1507 2880 fit
1540 2843 1689 2880 deditus

1367 2901 1523 2940 Athleta
1555 2900 1704 2941 nobilis.

398 2736 465 2772 221.
500 2734 614 2778 Quom
648 2732 770 2779 primo
804 2731 945 2769 Dalida

554 2790 670 2827 Sacra
702 2788 880 2838 caesarie,

498 2847 608 2883 Hunc
638 2846 763 2883 hostes
794 2849 924 2891 postea

554 2903 755 2941 Privarunt
788 2902 936 2942 lumine.
