1914 3223
808 167 887 208 2⁴>7
952 190 1000 195 —

479 279 560 314 2¹1⁸.
596 280 699 319 (10⁸.)
736 279 790 313 De
817 278 958 313 sancto
985 278 1214 313 Eustochio.

83 434 118 472 1.
150 431 327 469 Exultent
358 429 483 466 curiae

206 487 377 524 caelestis
407 486 557 534 milites,

150 544 246 591 Ipsis
276 544 338 590 qui
369 543 520 590 cupiunt

203 599 367 647 adiungi,
399 599 564 645 comites,

144 654 309 705 Quorum
341 655 497 702 collegio

201 718 343 760 martyr
373 712 542 759 egregius

148 770 358 807 Adiunctus
388 769 500 806 hodie

203 825 321 873 fulget
352 825 586 863 EustachiuS.

79 908 116 945 30

149 905 331 949 Magister
361 904 518 941 militum

204 962 239 998 in
272 961 382 998 terris
412 967 600 1009 praeerat,

151 1018 257 1065 Nunc
287 1028 429 1065 gemma
461 1023 665 1065 martyrum

206 1075 243 1111 in
274 1074 387 1111 caelis
419 1075 566 1121 emicat,

149 1131 260 1168 Alter
290 1131 484 1170 Cornelius

204 1187 276 1234 piis
306 1187 482 1234 operibus

149 1243 311 1281 Gentilis
341 1244 477 1280 meruit

202 1299 292 1337 addi
323 1299 511 1339 fidelibus.

108 1408 116 1417 .
150 1379 355 1416 Venantem
388 1367 567 1416 Dominus

203 1435 307 1472 illum
339 1440 493 1473 venatus
525 1440 593 1480 est,

148 1492 315 1531 Credens
347 1492 383 1529 in
414 1492 613 1529 Dominum

203 1560 288 1585 mox
318 1548 528 1595 baptizatus
560 1555 628 1597 est,

151 1605 319 1643 Coniunx
351 1616 432 1642 cum
464 1606 618 1653 coniuge

206 1662 351 1709 duoque
381 1662 490 1699 liberi

151 1718 256 1757 Sacri
287 1718 491 1766 participes

208 1773 297 1812 facti
327 1780 412 1812 sunt
442 1775 596 1815 lavacri.

707 344 865 383 Hymnus
892 344 993 384 prior.

886 431 923 466 4.
959 430 1142 475 Pei-cepta
1173 427 1312 464 lavacri

1012 484 1207 521 confestim
1240 484 1359 530 gratia

955 542 1125 578 Summos
1156 541 1344 578 examinat

1010 609 1153 634 summa
1185 597 1346 642 miseria,

957 655 1003 693 Ut
1037 666 1167 691 aurum
1200 654 1357 691 offerant,

1010 711 1089 748 Deo
1120 722 1159 747 se
1191 711 1332 759 purius,

954 769 1059 814 Quod
1093 773 1248 804 mortem
1281 768 1490 815 praevenit,

1011 825 1049 861 tit
1084 830 1202 861 morte
1233 825 1394 871 gravius

916 933 924 942 .
957 905 1069 940 Cuius
1100 914 1164 940 cor
1194 914 1346 941 saxeum

1013 961 1141 997 horum
1175 961 1386 1009 temptatio,

954 1017 1062 1065 Quod
1094 1022 1225 1064 pectus
1257 1017 1419 1054 ferreum

1012 1085 1085 1110 non
1118 1074 1237 1111 mollit
1268 1074 1406 1120 passio,

956 1132 1071 1178 Quem
1103 1141 1174 1167 non
1208 1130 1383 1167 continuo

1013 1192 1137 1224 movet
1166 1187 1215 1224 ad
1246 1187 1421 1224 lacrimas

957 1244 1048 1281 Tam
1081 1243 1306 1281 miserabilis

1012 1301 1144 1338 horum
1176 1301 1370 1338 calamitas
1381 1300 1399 1336 ἱ)

916 1411 925 1419 .
958 1380 1032 1417 Sed
1061 1380 1160 1426 quod
1191 1380 1240 1417 ad
1270 1379 1445 1417 lacrimas

1015 1436 1216 1483 compellet
1244 1436 1378 1483 pietas,

955 1494 1145 1530 Aeternae
1175 1493 1319 1530 relevet

1016 1550 1162 1596 palmae
1193 1548 1368 1600 felicitas,

957 1606 1008 1643 Et
1038 1607 1138 1643 inter
1168 1607 1355 1655 lacrimas,

1013 1663 1113 1700 inter
1142 1663 1318 1711 suspiria,

956 1720 1018 1758 Ad
1047 1731 1142 1767 quae
1173 1720 1226 1757 sic
1257 1725 1407 1757 ventum
1439 1725 1506 1770 est,

1014 1779 1211 1814 occurrent
1242 1777 1392 1824 gaudia.

484 1856 518 1892 7.
552 1855 652 1892 Laus
682 1856 778 1903 iugis
809 1855 970 1893 Domino

605 1922 816 1960 perpesque
844 1913 976 1961 gloria,

551 1969 664 2007 Cuius
695 1974 781 2006 sunt
811 1973 998 2017 martyres

606 2025 737 2063 invicti
767 2026 902 2075 gratia,

549 2082 611 2120 Ad
642 2093 749 2129 quem
783 2083 869 2119 dum
901 2083 1055 2130 cupiunt

605 2149 675 2187 per

704 2144 864 2178 mortem
897 2137 1098 2192 [tendereL

552 2196 641 2233 Post
671 2200 824 2233 mortem
857 2196 1036 2234 inchoant

606 2263 770 2299 perenne
800 2263 940 2292 Vlvere.

167 2306 193 2338 C
219 2306 274 2339 fol.
304 2303 408 2338 1991).

555 2406 636 2443 219.
671 2407 775 2450 (109.)
814 2409 988 2453 Hymnus
1014 2409 1137 2445 alter.

80 2488 115 2526 1.
145 2487 361 2534 Temptavit
391 2488 550 2527 Satanas

203 2543 269 2582 Iob
299 2545 415 2582 multo
443 2545 573 2593 levius,

146 2601 262 2648 Quam
294 2601 436 2640 Christi
467 2607 683 2650 martyrem,

201 2657 233 2693 si
262 2658 414 2704 scriptis
445 2659 654 2709 credimus;

146 2713 235 2752 Cum
269 2714 380 2751 rebus
409 2714 548 2753 liberos

200 2770 266 2807 Iob
295 2770 445 2817 quidem
476 2773 656 2820 perdidit,

144 2827 218 2864 Sed
249 2828 298 2865 ad
329 2828 506 2865 solacium

201 2893 352 2923 uxorem
386 2884 529 2927 habuit,

887 2494 924 2530 2.
957 2492 1024 2530 Iob
1054 2492 1154 2529 inter
1185 2493 1353 2546 cognitos

1014 2553 1051 2585 et
1082 2559 1188 2586 caros
1219 2549 1398 2596 perstitit,

956 2605 1099 2653 Quibus
1130 2606 1317 2642 miseriam

1014 2662 1140 2699 levare
1171 2663 1305 2709 potuit,

958 2719 1030 2756 Hic
1062 2719 1172 2756 rebus
1204 2719 1375 2756 omnibus

1013 2776 1182 2822 privatus
1213 2776 1361 2813 exsulat

957 2833 1004 2870 Et
1036 2833 1189 2869 trahens
1221 2834 1412 2880 coniugem

1013 2889 1192 2937 parvulos
1223 2889 1378 2930 baiulat.
