1914 3223
721 159 1031 200 —169—

355 274 420 312 13.
454 274 528 311 Hic
557 273 627 310 sub
659 273 822 310 humana
852 274 987 322 specie·
1010 276 1237 310 coruscans

455 331 539 367 Vile
570 331 790 377 praesaepis
824 330 941 370 voluit
973 329 1096 366 cubile

454 388 587 433 Ferre,
621 398 692 434 quo
724 396 806 424 sese
839 387 931 424 dare
962 387 1153 424 nuntiaret

640 445 785 481 Pascua
815 448 960 490 pastor.

355 556 419 594 14.
457 555 632 593 Gaudeat
664 557 759 594 caeli
788 556 935 605 chorus,
970 561 1011 593 ut
1040 560 1191 593 creator

453 612 547 650 Eius
580 613 773 660 antiquum
806 624 1001 650 numerum
1033 617 1203 662 novaret,

452 669 539 716 Ipse
573 669 782 715 descendit,
815 670 927 708 simul
959 674 997 707 et
1027 669 1231 716 superbum

642 726 838 764 Sterneret
868 726 1028 765 hostem.

354 841 418 879 15.
452 841 572 878 Terra
602 841 766 877 laetetur
795 841 946 877 radiata
976 840 1073 876 tanti

452 897 623 935 Luminis
654 902 783 946 tractu·
810 908 926 944 genus
957 900 996 933 et
1026 896 1264 944 redemptum

454 954 553 992 Vota
581 954 747 1002 gratanti
777 958 913 991 voveat
945 952 1118 1000 feratque

644 1010 783 1051 Debita
818 1014 956 1052 mente,

357 1128 421 1168 16.
455 1121 623 1177 Christe,
655 1139 857 1176 regnorum
890 1129 1115 1177 dominator,
1149 1136 1245 1177 auge

454 1185 626 1232 Principi
655 1190 785 1223 nostro
818 1187 932 1224 decus
965 1190 1002 1223 et
1032 1186 1245 1234 triumphos

451 1242 546 1279 Eius
578 1248 616 1279 et
647 1243 792 1289 prolem
825 1243 920 1280 bene
952 1254 1034 1281 cum
1067 1243 1208 1290 pudica

639 1299 805 1347 Coniuge
836 1301 954 1348 salva,

358 1412 420 1450 17.
455 1413 603 1459 Sponsa
631 1423 704 1459 quo
737 1412 830 1450 felix
861 1417 926 1450 tua
958 1413 1027 1450 sub
1060 1413 1231 1460 patronis

452 1470 599 1507 Polleat
630 1469 745 1506 tantis
777 1470 913 1507 merito
944 1471 1102 1517 locoque

450 1526 695 1563 Praeminens
726 1527 867 1563 mundo
898 1532 1123 1574 maneatque
1152 1528 1265 1575 longa

638 1585 737 1621 Pace
767 1582 905 1621 fidelis.

352 1697 416 1734 18.
450 1695 613 1745 Christe,
647 1697 695 1734 da
726 1696 835 1734 nobis
866 1701 930 1734 tua
961 1697 1063 1734 iussa
1095 1707 1183 1734 vero

449 1753 577 1790 Corde
607 1753 746 1790 sectari
777 1754 887 1790 simul
920 1758 957 1790 et
988 1754 1109 1790 beatis

449 1810 611 1847 Actibus
643 1811 744 1848 vitae
774 1811 937 1848 nitidum
968 1810 1106 1847 mereri

639 1866 805 1905 Stemma
835 1868 1028 1914 perennis.

352 1980 416 2018 19.
450 1981 623 2018 Praestet
654 1981 726 2018 hoo
756 1980 864 2017 nobis
899 1981 1020 2018 deitas
1052 1981 1165 2018 beata

450 2037 576 2074 Patris
608 2041 645 2073 et
676 2037 755 2075 nati
787 2037 1005 2084 pariterque
1041 2039 1162 2074 sancti

450 2093 631 2140 Spiritus,
665 2105 809 2131 summa
842 2095 984 2141 pietate
1016 2105 1178 2142 regnans

639 2151 757 2189 Omne
788 2161 858 2198 per
888 2161 1034 2189 aevum.

182 2272 265 2305 Cod.
293 2274 451 2305 Vatican.
470 2275 553 2317 Reg.
579 2272 658 2305 469.
682 2274 739 2309 (ol.
755 2274 969 2316 Sangallen.)
993 2286 1083 2307 saec.
1109 2273 1140 2307 9.
1166 2286 1218 2307 ex.
1237 2274 1276 2305 A.
1297 2293 1333 2296 —
1358 2274 1440 2307 Cod-
1460 2274 1660 2316 Sangallen.

93 2316 170 2351 869.
205 2328 295 2351 saec.
321 2316 352 2350 9.
392 2330 442 2351 ex.
470 2321 507 2351 B.
535 2337 577 2341 -—
603 2318 634 2358 8,
660 2317 681 2351 3
715 2320 821 2352 studii
855 2331 974 2352 eamus
999 2321 1128 2362 korrig.
1157 2321 1194 2352 in
1219 2321 1419 2352 studeamus
1446 2321 1486 2351 A.
1514 2338 1556 2342 ——
1582 2318 1614 2357 8,
1639 2318 1661 2351 4

91 2363 178 2396 lucis
203 2365 242 2395 A.
270 2382 310 2387 -—
338 2363 388 2403 10,
414 2363 435 2396 3
460 2375 609 2407 pregnas
626 2365 665 2396 A.
692 2383 736 2387 —
763 2363 814 2403 11,
839 2364 862 2397 4
886 2368 1089 2398 ministrans
1107 2366 1147 2398 A.
1173 2383 1216 2387 —
1240 2364 1289 2403 14,
1320 2365 1538 2397 lGaudeant
1556 2365 1595 2396 A.
1615 2383 1659 2386 —

96 2407 146 2448 17,
172 2406 193 2442 3
218 2409 321 2452 longo
346 2411 386 2442 A.

435 2544 516 2580 122.
553 2544 610 2587 (2.)
647 2544 827 2581 Sabbato
856 2544 1059 2593 Quattuor
1084 2545 1319 2589 'remporum

644 2614 878 2646 Adventus
912 2615 1099 2646 Domini.

615 2717 660 2757 R.
694 2717 999 2763 Omnipotentem

695 2774 853 2820 Semper
884 2774 1043 2811 adorent

693 2830 742 2868 Et
777 2830 1004 2867 benedicant

694 2887 812 2925 Omne
840 2897 910 2933 per
941 2898 1072 2925 aevum
