2031 3289
264 522 334 562 la.

265 737 334 773 23.

263 950 336 986 33.

261 1334 338 1370 43.

268 1549 339 1585 53.

268 1818 342 1855 63.

266 2032 334 2069 73.

263 2247 335 2284 83.

262 2462 332 2499 93.

234 2732 283 2769 10
296 2742 329 2769 a.

859 192 1167 232 ——584—

540 359 622 396 385.
658 360 715 402 (1.)
750 360 794 393 In
819 357 1061 393 Festivitate
1087 357 1280 402 corporis
1307 358 1476 394 Christi.

913 423 1113 463 Sequentia.

375 521 521 571 Lauda,
555 520 656 566 Sion,
689 519 928 566 salvatorem,

374 578 508 615 Lauda
540 577 672 613 ducem
705 579 742 612 et
770 579 962 622 pastorem

430 635 474 671 In
505 633 654 680 hymnis
686 636 723 669 et
753 631 922 670 canticis

375 734 516 771 Laudis
548 733 674 770 thema
704 732 880 779 specialis

375 790 487 827 Panis
519 790 625 826 vivus
657 793 695 825 et
724 789 851 826 vitalis

433 846 560 883 Hodie
590 846 826 895 proponitur,

381 947 438 985 Sit
467 947 548 984 laus
580 947 705 996 plena,
739 947 788 982 sit
817 957 964 996 sonora,

377 1003 435 1041 Sit
465 1003 641 1051 iucunda,
675 1003 725 1039 sit
757 1003 895 1040 decora

434 1060 578 1097 Mentis
609 1059 803 1106 iubilati0;

342 1136 347 1139 ·
375 1117 466 1154 Dies
499 1117 596 1153 enim
629 1115 810 1153 sollennis
841 1115 976 1165 agitur,

375 1174 418 1210 In
431 1184 502 1219 qua
514 1183 666 1209 mensae
678 1172 800 1219 prima
813 1172 992 1209 recolitur

428 1229 552 1266 Huius
582 1228 785 1266 institutio.

379 1331 487 1379 Quod
504 1332 544 1368 in
563 1341 655 1368 cena
669 1331 843 1368 Christus
855 1330 984 1379 gessit,

377 1387 609 1425 Faciendum
641 1388 713 1424 hoc
743 1387 931 1434 expressit

431 1445 475 1481 In
506 1445 564 1481 sui
595 1444 825 1494 memoriam,

383 1546 530 1592 Dogma
563 1546 675 1583 datur
707 1545 936 1592 christianis,

378 1602 486 1648 Quod
507 1602 545 1639 in
565 1613 714 1640 carnem
728 1602 864 1639 transit
878 1601 987 1648 panis

439 1659 489 1696 Et
520 1659 645 1696 vinum
677 1659 716 1695 in
746 1658 985 1708 sanguinem,

386 1816 463 1854 Sub
496 1817 661 1854 diversis
692 1816 902 1863 speciebus,

379 1873 502 1920 Signis
536 1876 683 1910 tantum
716 1878 752 1909 et
778 1884 852 1910 non
875 1872 987 1910 rebus

439 1930 579 1967 Latent
610 1940 671 1966 res
705 1930 877 1977 eximiae,

379 2034 411 2069 A
443 2034 612 2067 sumente
643 2042 717 2068 non
750 2031 934 2078 concisus,

381 2087 467 2125 Non
486 2086 715 2132 confractus,
734 2099 806 2124 non
827 2088 983 2136 divisus,

434 2145 588 2191 Integer
620 2144 828 2191 accipitur3

378 2246 538 2283 Sumunt
571 2246 670 2293 boni,
703 2251 853 2283 sumunt
879 2245 982 2293 mali,

384 2303 494 2341 Sorte
525 2308 651 2340 tamen
681 2303 870 2350 inaequali

433 2359 544 2397 Vitae
575 2360 635 2397 vel
666 2359 864 2407 interitus,

374 2460 514 2498 Fracto
547 2461 693 2498 demum
726 2464 961 2498 sacramento

373 2517 432 2554 Ne
464 2517 631 2563 vacilles,
663 2518 730 2554 sesl
762 2520 949 2554 memento

373 2575 535 2612 Tantum
559 2584 641 2610 esse
662 2573 730 2610 sub
751 2572 973 2623 fragmento,

432 2630 617 2676 Quantum
650 2634 728 2667 toto
758 2630 908 2677 tegitur.

373 2732 486 2781 Ecce,
519 2732 630 2778 panis
662 2731 894 2777 angelorum,

376 2788 515 2825 Factus
548 2788 652 2825 cibus
685 2788 885 2834 viatorum,

378 2845 475 2881 Vere
507 2845 615 2891 panis
647 2845 822 2889 tiliorum,

436 2901 519 2937 Non
552 2902 758 2937 mittendus
790 2900 957 2937 canibus,

1079 517 1155 557 11).

1080 732 1157 773 21).

1082 945 1158 984 3b.

1083 1330 1163 1371 4b.

1090 1544 1166 1584 5b.

1089 1815 1167 1856 eb.

1086 2030 1161 2069 7b.

1085 2245 1163 2285 Sb.

1079 2459 1158 2499 9b.

1053 2731 1104 2769 10
1121 2729 1159 2769 b.

1186 519 1371 564 Quantum
1385 525 1506 569 potes,
1523 523 1668 557 tantum
1680 521 1793 567 aude,

1187 575 1282 622 Quia
1314 576 1434 612 maior
1463 577 1563 613 omni
1595 576 1717 625 laude,

1245 631 1326 668 Nec
1356 632 1513 670 laudare
1543 631 1700 671 sufficis.

1190 733 1306 778 Quem
1327 733 1366 769 in
1383 743 1513 770 sacrae
1530 744 1659 770 mensa
1677 744 1792 771 cenae

1193 789 1343 826 Turbae
1373 789 1534 826 fratrum
1567 790 1763 827 duodenae

1243 845 1381 882 Datum
1413 857 1487 883 non
1518 845 1733 893 ambigitur.

1193 947 1236 983 In
1267 945 1338 982 hac
1365 956 1493 984 mensa
1521 947 1609 985 novi
1640 948 1738 994 regis

1193 1003 1339 1039 Novum
1381 1003 1523 1050 pascha
1553 1014 1671 1041 novae
1701 1004 1795 1052 legis

1249 1059 1371 1097 Phase
1402 1063 1509 1097 vetus
1540 1060 1740 1106 terminat,

1192 1116 1427 1152 Vetustatem
1459 1116 1620 1165 novitas,

1193 1171 1377 1210 Umbram
1409 1170 1513 1219 fugat
1544 1173 1696 1220 veritas,

1252 1228 1412 1265 Noctem
1444 1228 1508 1265 lux
1539 1229 1719 1267 eliminat.

1196 1330 1309 1368 Docti
1339 1330 1457 1367 sacris
1488 1331 1671 1367 institutis

1196 1387 1336 1424 Panem
1368 1387 1495 1424 vinum
1525 1387 1561 1424 in
1595 1387 1727 1424 salutis

1254 1444 1527 1482 Consecramus
1557 1443 1733 1481 hostiam.

1198 1545 1306 1592 Quod
1336 1556 1410 1582 non
1442 1545 1558 1592 capis,
1591 1545 1691 1591 quod
1724 1556 1798 1583 11011

1531 1601 1652 1647 vides,

1199 1658 1382 1695 Animosa
1414 1657 1537 1695 firmat
1568 1657 1662 1695 fides

1258 1716 1414 1752 Praeter
1444 1725 1568 1751 rerum
1599 1713 1783 1754 ordinem.

1200 1817 1297 1855 Caro
1329 1815 1444 1865 cibus,
1478 1816 1628 1862 sanguis
1658 1820 1782 1864 potus,

1199 1873 1332 1910 Manet
1356 1877 1480 1909 tamen
1504 1872 1676 1910 Christus
1697 1876 1797 1910 totus

1257 1928 1332 1968 Sub
1365 1933 1523 1976 utraque
1553 1929 1691 1976 specie.

1196 2030 1315 2068 Sumit
1345 2042 1465 2074 unus,
1498 2035 1649 2068 sumunt
1678 2030 1797 2078 mille,

1197 2087 1382 2133 Quantum
1414 2087 1488 2137 isti,
1521 2091 1666 2124 tantum
1697 2087 1774 2135 ille,

1253 2143 1334 2180 Nec
1355 2149 1526 2191 sumptus
1548 2143 1791 2183 consumitur.

1196 2245 1302 2282 Mors
1334 2254 1390 2282 est
1410 2246 1532 2294 malis,
1565 2245 1643 2283 vita
1665 2244 1796 2291 bonis;
1848 2243 1851 2245 ’

1196 2302 1307 2351 Vide,
1339 2303 1442 2349 paris
1473 2302 1696 2349 sumptionis

1253 2360 1370 2405 Quam
1402 2359 1451 2395 sit
1483 2358 1614 2407 dispar
1643 2359 1780 2395 exitus.

1191 2460 1307 2498 Nulla
1338 2461 1393 2496 rei
1424 2459 1465 2497 fit
1497 2460 1673 2507 scissura,

1192 2516 1296 2562 Signi
1329 2521 1473 2554 tantum
1507 2515 1546 2553 fit
1579 2515 1760 2564 fractura,

1191 2574 1271 2620 Qua
1301 2583 1370 2609 nec
1393 2577 1512 2610 status
1534 2583 1603 2609 nec
1624 2576 1769 2610 statura

1248 2629 1395 2676 Signati
1426 2629 1617 2666 minuitur.

1192 2731 1234 2767 111
1262 2729 1390 2777 figuris
1421 2730 1696 2777 praesignatur,

1194 2786 1286 2825 Cum
1319 2787 1425 2824 Isaac
1454 2786 1685 2830 immolatur,

1191 2845 1322 2890 Agnus
1353 2843 1518 2880 Paschae
1550 2843 1766 2890 deputatur,

1248 2899 1370 2936 Datur
1401 2910 1536 2936 manna
1566 2899 1751 2945 patribus.
