2031 3289
902 183 1207 224 -614—

278 312 377 334 suum
402 301 451 339 D3
477 301 562 332 Post
585 297 670 329 haec
696 307 795 328 suurn
820 296 920 328 dulce
945 297 989 337 C,
1014 298 1098 328 Post
1122 297 1207 329 haec
1232 297 1331 329 dulce
1357 308 1456 329 suum
1482 298 1531 330 D:
1562 299 1708 330 Demum
1735 308 1835 330 suum

276 347 377 378 dulce
401 325 514 386 FGM;
547 343 647 376 Unde
685 352 784 373 suum
809 342 910 373 dulce
934 342 985 381 Η,
1018 340 1072 380 67,
1101 339 1121 373 6
1149 342 1251 374 nobis
1275 342 1465 374 denudavit
1490 343 1589 374 1.-
1613 340 1710 381 67,1
1738 342 1892 374 111110-”

277 395 426 423 tesceres
459 392 497 423 C.
529 407 573 411 —
605 386 657 425 67,
689 385 710 419 8
746 397 808 418 1105
840 388 971 418 amavit
1002 388 1029 418 I.
1064 403 1107 408 —
1139 384 1193 426 68,
1219 385 1239 418 2
1268 388 1435 429 cibusque
1460 389 1579 420 suavis
1604 388 1660 419 L..
1671 405 1709 410 --
1737 385 1790 426 68,
1815 385 1836 420 3

277 437 380 478 digne
413 437 460 467 sis
494 433 674 473 CDEGH,
707 434 775 472 Qui
813 433 963 463 sumenti
996 433 1039 465 L:
1074 433 1176 474 digne
1207 432 1246 464 fit
1277 433 1354 464 LM.
1389 450 1431 454 —
1457 430 1510 471 68,
1538 431 1558 464 5
1584 433 1652 465 Sed
1676 436 1711 464 et
1735 443 1836 474 quem

278 481 389 513 reficis
415 482 458 512 C
491 480 538 511 Et
563 480 593 510 ei
620 488 720 519 quem
745 478 791 509 M.
814 494 859 499 —-
887 475 940 515 68,
966 476 985 508 7
1013 478 1113 509 Licet
1137 479 1183 509 sit
1206 478 1351 509 ADEM.
1377 495 1421 499 —
1447 476 1502 516 68,
1526 476 1547 510 8
1572 479 1703 520 ignaris
1730 478 1767 509 B.
1792 495 1838 500 --

277 524 374 565 69,1
402 527 568 567 ignavum
594 524 644 563 Η,
679 524 826 564 ignavus
852 523 943 554 1.—
972 520 1024 561 69,
1050 520 1071 554 3
1095 522 1148 554 Ad
1174 523 1257 564 quid
1282 524 1377 555 Deus
1403 523 1484 563 GH,
1519 523 1678 555 Christus
1703 523 1837 554 homini

276 549 394 610 EGH,
427 572 541 610 Quare
575 568 734 600 Christus
768 567 901 599 homini
936 568 979 607 L3
1013 568 1067 599 Ad
1100 568 1183 608 quid
1214 568 1347 599 homini
1381 570 1428 600 M.
1461 585 1504 590 -—
1528 566 1583 606 67,
1607 566 1630 599 4
1653 578 1753 600 suum
1778 578 1837 600 cor

278 594 429 648 ostendit
460 614 704 646 FHLW12001·
736 623 836 644 suum
869 593 1022 644 ostendit
1053 612 1093 644 G.
1122 631 1165 635 —
1190 611 1244 651 69,
1268 611 1289 644 5
1314 615 1448 654 positus
1473 615 1548 645 AD.
1574 630 1618 634 —
1642 611 1696 652 69,
1721 611 1742 645 6
1767 624 1838 645 non

278 660 426 692 attendit
450 660 491 691 E.
517 676 562 681 —
585 648 638 695 69,
666 657 685 689 7
712 657 779 690 Sed
805 658 1020 689 reclinatorii
1045 658 1100 698 M,
1129 658 1228 698 Quod
1253 659 1511 690 reclinatmium
1535 659 1580 700 F,
1611 637 1712 697 Quo'd
1738 658 1838 690 recli-

277 707 406 737 natorii
437 705 581 744 ABDE,
617 704 665 735 Et
697 704 774 744 quis
809 704 899 734 sicut
928 705 1080 734 moriens
1115 704 1155 735 L.
1181 721 1224 725 —
1250 701 1302 743 69,
1329 700 1350 734 8
1375 704 1451 735 vice
1475 703 1541 735 11οο
1569 704 1713 743 ABDE,
1745 705 1838 735 vires

278 751 344 782 1100
369 751 413 789 F3
437 750 532 781 videt
557 749 621 780 hoc
647 749 699 788 H,
726 748 791 780 hoc
815 749 892 779 vice
917 749 951 788 Ι,
985 749 1080 779 vices
1105 748 1171 780 hoe
1196 748 1360 790 pependit
1385 749 1428 789 C3
1452 751 1528 780 vice
1553 749 1619 780 hoc
1643 747 1838 790 protendit,

278 797 315 827 in
339 796 435 837 ligno
469 794 632 837 pependit
655 794 696 827 L.
721 810 765 814 —
799 791 852 831 70,
881 792 896 824 1
922 793 1202 825 reclamatorium
1227 793 1394 826 ABCDE.
1419 811 1461 815 —
1488 792 1542 832 70,
1567 791 1588 825 3
1614 794 1707 826 Pene
1734 795 1840 825 menti

278 842 320 873 D.
353 860 393 864 —-
425 838 532 879 71,1
564 840 649 870 Post
680 838 767 870 haec
797 839 838 870 D.
875 856 918 859 —
945 836 998 878 71,
1024 836 1045 870 2
1069 838 1275 870 demendata
1298 839 1340 870 E.
1365 857 1409 861 —
1435 837 1487 877 71,
1513 837 1534 871 3
1559 839 1839 871 reclamatorium

275 886 442 918 ABCDE.
470 901 509 906 -·
536 882 589 923 71,
614 882 634 915 5
658 885 804 925 Propter
828 894 882 915 me
907 894 968 926 per
992 887 1044 915 tot
1067 883 1145 915 loca
1170 885 1211 915 L.
1238 901 1277 905 ——
1306 882 1358 923 71,
1386 883 1405 916 6
1429 895 1500 916 11011
1523 885 1706 916 vulnerata
1730 884 1769 916 F.
1794 900 1839 905 -—

277 929 329 968 71,
355 930 374 962 7
408 941 487 962 cum
519 931 664 961 moreris
689 930 743 968 M,
776 930 904 960 Tecum
945 939 1019 960 sum
1045 932 1080 960 et
1104 930 1254 961 moriens
1279 930 1318 961 L.
1344 947 1389 951 —
1413 928 1465 967 71,
1491 927 1511 961 8
1536 933 1650 961 tecum
1674 929 1840 971 colligata

278 977 324 1011 C:
351 976 415 1007 tibi
441 975 607 1017 colligata
632 975 672 1006 L.
699 992 740 996 —
767 972 820 1013 72,
850 973 864 1005 1
892 975 992 1006 Licet
1016 978 1131 1006 tamen
1155 974 1269 1013 FGM;
1296 975 1396 1006 Licet
1420 975 1506 1006 mihi
1531 976 1576 1007 H.
1602 991 1645 995 —
1670 972 1723 1013 72,
1749 972 1770 1005 2
1792 975 1839 1006 sit

276 1021 370 1052 istud
406 1021 453 1062 L,
492 1020 585 1051 istud
621 1020 811 1062 relegatum
849 1019 889 1052 G.
925 1037 970 1040 —
1001 1018 1063 1059 72,
1096 1017 1117 1051 3
1153 1019 1241 1050 Mihi
1276 1021 1366 1051 enim
1399 1020 1524 1062 eligam
1560 1021 1604 1052 H.
1641 1037 1684 1041 —
1721 1017 1782 1058 72,
1819 1017 1840 1050 5

277 1066 462 1098 Geminum
487 1065 529 1097 E.
557 1082 597 1086 —
623 1063 677 1103 72,
702 1064 722 1097 6
748 1065 948 1106 luctumque
974 1064 1146 1106 ploratum
1172 1065 1217 1096 H.
1242 1081 1286 1086 —
1318 1063 1372 1102 72,
1399 1064 1418 1096 7
1444 1066 1561 1097 Dones
1585 1065 1704 1096 mundi
1731 1065 1771 1097 G.
1796 1080 1839 1086 —

278 1109 346 1144 Str.
373 1109 416 1143 73
440 1110 526 1142 fehlt
549 1111 596 1142 M.
622 1127 666 1131 —-
691 1108 745 1148 73,
775 1108 789 1140 1
818 1113 938 1141 sancta
965 1111 1081 1141 anima
1105 1111 1132 1141 I.
1159 1129 1203 1133 -
1228 1108 1283 1148 73,
1308 1108 1328 1141 2
1353 1110 1430 1152 plus
1456 1111 1603 1152 plusque
1628 1110 1677 1150 L,
1710 1110 1837 1142 ferves·

276 1158 325 1188 cit
357 1157 394 1187 F.
429 1173 473 1178 —·
508 1153 560 1194 73,
593 1153 614 1186 4
642 1156 791 1187 tabescit
814 1156 852 1186 F.
878 1173 919 1176 —
945 1152 999 1193 73,
1024 1153 1045 1186 5
1070 1155 1144 1186 Iam
1168 1157 1222 1187 vis
1246 1156 1296 1195 Ι),
1331 1156 1419 1187 Nam
1445 1156 1505 1186 vix
1530 1155 1644 1195 FGH,
1677 1155 1746 1186 Vix
1770 1156 1841 1186 iam

276 1202 317 1233 L.
349 1219 392 1222 —
426 1200 481 1238 73,
511 1199 531 1232 6
565 1200 624 1232 sed
657 1211 774 1232 amore
799 1201 846 1239 L,
881 1201 1005 1232 crescit
1036 1201 1074 1232 F.
1101 1219 1142 1223 —
1170 1198 1222 1238 73,
1249 1199 1268 1232 7
1294 1202 1365 1233 Suo
1390 1201 1466 1232 loco
1492 1201 1546 1240 Η,
1572 1201 1678 1232 Lecto
1704 1211 1766 1232 suo
1792 1200 1837 1240 L,

279 1247 427 1278 decubat
452 1246 558 1279 FGH.
583 1263 628 1266 —
653 1244 706 1284 73,
731 1244 751 1278 8
777 1245 973 1286 languescit
999 1245 1036 1277 F.
1063 1262 1103 1267 —
1130 1243 1184 1284 74,
1208 1244 1228 1277 3
1246 1245 1397 1287 palpitat
1413 1247 1461 1286 F,
1487 1246 1573 1278 Piae
1590 1246 1716 1277 mentis
1734 1246 1840 1278 labiis

278 1293 307 1323 I.
332 1309 374 1313 —-
401 1290 454 1329 75,
483 1290 498 1322 l
525 1292 555 1322 si
581 1291 720 1332 quidem
745 1290 831 1322 fehlt
855 1291 900 1321 H.
926 1308 969 1312 -—
995 1289 1048 1329 75,
1073 1288 1094 1322 6
1118 1292 1230 1322 nescit
1254 1301 1416 1331 revocare
1440 1291 1584 1324 FGHM.
1613 1307 1653 1312 ——
1671 1289 1724 1329 75,
1743 1288 1764 1322 8
1782 1293 1843 1322 aut

284 1337 387 1368 eorde
414 1346 574 1378 separare
601 1336 638 1367 C.
663 1354 707 1358 —
733 1334 786 1375 76,
814 1334 830 1366 1
855 1336 893 1367 Si
919 1339 972 1367 est
996 1335 1070 1376 BC,
1105 1335 1163 1367 Sic
1187 1340 1300 1368 autem
1327 1340 1379 1368 est
1403 1337 1447 1377 F3
1482 1336 1541 1368 Sic
1565 1340 1616 1368 est
1641 1338 1731 1368 enim
1757 1335 1839 1375 (ΞΗ,

279 1382 338 1414 Sic
362 1392 511 1423 namque
537 1385 589 1413 est
613 1382 648 1421 Ι,
674 1381 739 1413 Est
763 1391 912 1420 namque
938 1382 988 1412 sic
1012 1381 1052 1412 L.
1071 1398 1113 1402 ——
1131 1379 1184 1419 76,
1204 1380 1225 1412 2
1242 1381 1338 1413 illius
1357 1382 1486 1413 electus
1505 1379 1553 1420 G,
1579 1381 1675 1413 illius
1693 1381 1840 1413 allectus

275 1427 330 1467 Η,
365 1429 439 1459 eius
467 1431 540 1458 tum
565 1427 703 1458 illectus
729 1427 775 1458 M.
802 1444 843 1448 -—-
870 1425 923 1464 76,
949 1423 970 1457 3
995 1436 1158 1468 praesens
1184 1428 1216 1458 ei
1241 1428 1288 1458 sit
1310 1427 1411 1463 F1M;
1441 1437 1605 1468 praesens
1632 1427 1678 1458 sit
1702 1427 1734 1458 ei
1759 1424 1840 1465 GL,

276 1483 440 1514 praesens
474 1473 626 1504 moriens
660 1472 705 1503 H.
739 1489 783 1493 —-
817 1470 870 1510 76,
895 1469 917 1502 4
947 1470 999 1502 Sit
1024 1473 1055 1503 ei
1081 1472 1227 1503 dilectus
1253 1473 1298 1503 H.
1323 1489 1368 1493 —
1392 1470 1445 1511 76,
1471 1470 1491 1503 5
1517 1482 1567 1514 sq.
1592 1471 1707 1504 fehlen
1732 1471 1771 1504 G.
1797 1488 1840 1493 —-

276 1516 330 1557 76,
356 1517 376 1549 5
408 1518 456 1549 Et
481 1528 501 1549 a
526 1527 626 1549 cruce
651 1518 793 1548 minime
818 1517 963 1549 FGHM.
999 1534 1035 1538 —
1068 1515 1120 1555 76,
1147 1516 1166 1548 7
1191 1518 1252 1549 ubi
1278 1518 1323 1548 H.
1352 1534 1397 1538 —
1421 1515 1474 1555 76,
1500 1515 1520 1549 8
1546 1518 1595 1549 ibi
1621 1520 1674 1548 est
1698 1517 1752 1556 H,
1779 1516 1839 1548 ubi

277 1568 329 1594 est
352 1564 395 1595 D.
422 1582 463 1585 —
489 1561 586 1594 Nach
613 1560 664 1599 76,
690 1560 711 1594 8
737 1563 814 1604 fiigt
837 1563 867 1594 G
893 1562 967 1594 bei:
1002 1559 1139 1604 Illucffl
1165 1563 1276 1594 solum
1303 1561 1418 1600 efficit,
1444 1573 1550 1604 purus
1569 1562 1777 1595 intellectus.
1802 1579 1836 1583 —

275 1625 320 1630 —
353 1607 407 1646 77,
440 1608 456 1639 1
490 1608 585 1639 Hinc
614 1608 725 1646 fletus,
756 1608 909 1649 suspiria
933 1608 973 1638 L.
1003 1624 1038 1628 —
1068 1606 1121 1645 77,
1148 1605 1169 1639 3
1195 1608 1284 1639 Sunt
1308 1608 1377 1639 sibi
1402 1608 1436 1646 Ι,
1468 1608 1548 1640 Cibi
1573 1611 1654 1639 sunt
1678 1609 1724 1646 L,
1756 1606 1839 1639 Tibi

277 1657 359 1685 sunt
381 1654 422 1686 G.
449 1671 490 1675 —
518 1651 573 1690 77,
597 1651 619 1684 4
645 1657 678 1684 et
706 1653 839 1684 alienta
864 1652 913 1689 E;
947 1652 1063 1694 dapes,
1090 1653 1257 1684 alimenta
1282 1654 1321 1684 L.
1347 1670 1391 1674 —
1416 1650 1470 1690 77,
1495 1652 1515 1685 6
1541 1654 1681 1684 interim
1705 1653 1839 1684 intenta

276 1699 394 1732 FHM:
429 1700 554 1730 iterum
588 1699 722 1730 intenta
753 1698 793 1731 G.
824 1714 869 1718 --
902 1695 955 1735 77,
989 1696 1008 1729 7
1043 1697 1112 1729 Suo
1138 1700 1189 1729 sie
1213 1699 1379 1739 martyrio
1405 1699 1452 1729 M.
1477 1715 1522 1719 —
1546 1696 1599 1736 77,
1624 1695 1645 1730 8
1670 1698 1840 1739 praebens

215 1761 220 1763 -
276 1744 330 1783 M,
365 1743 565 1775 adiumenta
598 1743 638 1775 G.
678 1762 718 1765 —
750 1741 803 1781 78,
839 1741 856 1773 l
889 1743 963 1774 Iam
993 1742 1058 1774 11οο
1091 1746 1184 1775 statu
1208 1745 1254 1775 M.
1279 1760 1324 1765 —
1347 1740 1401 1781 78,
1427 1741 1448 1775 8
1473 1744 1588 1775 earnis
1613 1743 1763 1784 sumpsit
1784 1743 1840 1781 M,

276 1790 371 1830 rupit
405 1790 518 1820 carnis
552 1789 599 1827 G,
633 1789 760 1820 transit
790 1789 905 1819 carnis
938 1789 966 1819 Ι.
1001 1805 1042 1809 -
1076 1786 1130 1826 79,
1156 1787 1172 1819 1
1206 1789 1295 1820 Nam
1320 1788 1401 1820 dum
1427 1789 1585 1829 BCDIL,
1612 1789 1662 1820 Ac
1687 1788 1767 1820 dum
1792 1787 1841 1827 G,

276 1834 327 1865 Ac
357 1839 429 1865 tum
462 1835 507 1865 H.
541 1851 581 1855 —
617 1832 670 1872 79,
706 1832 726 1866 2
761 1833 885 1865 recolis
910 1833 951 1865 E.
977 1850 1019 1855 —
1046 1831 1099 1871 79,
1124 1831 1145 1865 3
1170 1844 1262 1865 nono
1288 1834 1330 1865 D.
1356 1851 1399 1854 —
1424 1831 1478 1871 79,
1504 1832 1524 1865 5
1549 1844 1665 1866 secum
1690 1834 1842 1864 moriens

277 1880 346 1911 CL.
379 1897 424 1901 —
458 1877 510 1917 79,
544 1878 564 1911 6
597 1881 703 1911 sentit
736 1882 917 1920 penetrare
942 1879 982 1910 L.
1008 1895 1051 1900 —
1076 1877 1129 1917 79,
1154 1877 1174 1910 7
1200 1880 1297 1910 illam
1321 1879 1369 1920 G,
1404 1879 1472 1911 Cor
1496 1889 1596 1910 suum
1621 1878 1750 1910 clamat
1774 1879 1842 1909 ista

277 1925 318 1956 L.
344 1942 388 1946 —-
414 1922 466 1962 79,
492 1922 513 1956 8
538 1925 734 1965 perfolasse
760 1924 863 1955 BEL.
888 1941 932 1945 ——
956 1921 1011 1962 80,
1040 1922 1055 1955 1
1082 1925 1186 1956 Ferre
1211 1924 1350 1966 quidem
1376 1925 1417 1956 L.
1443 1942 1485 1946 —
1510 1921 1565 1962 80,
1590 1922 1610 1956 2
1635 1925 1706 1956 iam
1733 1924 1772 1955 B.
1797 1940 1848 1963 —.

277 1967 309 2008 8,
335 1968 357 2001 4
389 1974 459 2001 tam
493 1969 587 2001 felici
619 1971 664 2001 H.
689 1987 732 1991 -
758 1967 812 2008 80,
837 1967 856 2000 7
885 1971 1038 2010 Dignum
1067 1970 1109 2001 D.
1137 1986 1174 1991 --
1203 1968 1257 2008 80,
1283 1966 1303 2001 8
1329 1980 1365 2001 50
1389 1969 1475 2001 fehlt
1499 1970 1541 2001 D.
1567 1986 1611 1991 —
1635 1967 1690 2007 81,
1716 1967 1737 2001 2
1761 1968 1843 2000 huic

278 2025 348 2046 non
372 2016 409 2047 F
434 2032 479 2036 —-
502 2013 556 2052 81,
583 2012 604 2046 3
629 2015 793 2046 introitus
819 2018 871 2046 est
895 2015 922 2046 Ι.
947 2031 990 2035 -
1015 2012 1068 2053 81,
1094 2012 1115 2047 8
1140 2019 1260 2047 sancto
1287 2015 1492 2057 derogamus
1512 2015 1656 2047 FGHM.
1687 2032 1725 2037 -
1743 2010 1840 2051 82,1

279 2060 345 2101 Ey,
372 2060 483 2091 dulcis
510 2060 556 2098 1,
583 2059 612 2091 O
637 2061 684 2091 mi
709 2060 820 2091 dulcis
846 2060 923 2092 GH.
948 2077 992 2081 ——
1016 2057 1070 2098 82,
1096 2058 1117 2092 2
1141 2060 1206 2101 Ey,
1232 2060 1343 2092 dulcis
1368 2070 1448 2091 rosa
1475 2061 1518 2095 F·
1544 2060 1613 2091 Eia
1631 2059 1744 2091 dulcis
1763 2069 1843 2090 rosa

279 2071 363 2137 HM.
397 2123 438 2127 —
474 2102 529 2143 82,
561 2103 583 2135 4
614 2115 782 2147 generosa
815 2105 869 2144 Μ,
903 2104 1057 2147 gloriosa
1089 2106 1124 2145 I,
1157 2107 1310 2147 pretiosa
1343 2106 1385 2137 D.
1420 2123 1463 2127 —
1491 2103 1546 2143 82,
1571 2104 1593 2137 4
1617 2115 1655 2147 sq
1636 2116 1669 2147 q.
1693 2104 1842 2137 foeditas

281 2152 416 2182 exstitit
443 2152 480 2182 F.
508 2167 552 2172 —
576 2117 636 2187 82,
656 2150 676 2182 6
701 2151 865 2191 voluptas
889 2151 986 2182 exisa
1015 2151 1057 2187 L,
1085 2148 1139 2189 82,
1166 2149 1184 2181 7
1210 2151 1309 2183 Felix
1334 2151 1434 2182 cuius
1459 2150 1562 2182 FGL.
1587 2167 1630 2171 —
1654 2148 1709 2188 83,
1739 2148 1843 2181 liam

280 2196 387 2228 fueris
412 2196 462 2234 E,
487 2206 577 2235 quae
603 2197 652 2227 510
679 2196 802 2227 frueris
829 2197 873 2227 H.
900 2212 940 2216 —
967 2193 1020 2235 83,
1047 2193 1066 2226 6
1091 2196 1235 2228 firmiter
1259 2196 1336 2228 FM.
1360 2213 1405 2217 —
1430 2193 1484 2233 83,
1511 2194 1529 2226 7
1547 2196 1577 2227 A
1595 2206 1663 2237 quo
1689 2199 1727 2227 tu
1751 2205 1843 2226 nunc

281 2242 408 2282 recipis
434 2242 487 2281 Η,
513 2242 659 2282 respicis
686 2241 734 2280 E,
760 2241 911 2282 percipis
939 2241 1020 2280 ΕΜ,
1048 2243 1186 2283 percipe
1212 2242 1255 2275 D.
1281 2257 1325 2262 -
1348 2238 1402 2278 84,
1431 2240 1446 2272 1
1474 2242 1658 2282 quiescunt
1674 2240 1782 2272 FGH.
1800 2247 1848 2261 —-'

279 2284 334 2325 84,
368 2284 388 2317 2
427 2290 565 2317 cessant
597 2286 711 2325 FGH,
745 2289 880 2318 cessent
915 2287 960 2316 M.
996 2305 1035 2309 -—
1072 2283 1130 2325 84,
1157 2284 1178 2318 3
1210 2288 1284 2318 Iam
1311 2296 1351 2317 ex
1377 2290 1474 2328 parte
1499 2287 1541 2325 Ο,
1568 2287 1620 2318 Ab
1647 2285 1767 2318 eodem
1793 2285 1843 2324 H,

281 2332 407 2373 recipis
432 2330 598 2363 ABCDE.
627 2349 667 2353 —
693 2329 747 2368 84,
774 2330 794 2362 5
820 2331 887 2363 Sed
913 2341 990 2363 cum
1015 2341 1118 2363 carne
1144 2331 1275 2363 saeculi
1300 2332 1340 2363 L.
1367 2348 1410 2353 —
1435 2329 1489 2369 84,
1515 2330 1534 2363 6
1560 2331 1673 2363 luctus
1691 2330 1739 2370 G,
1766 2333 1845 2373 post

282 2378 384 2408 istius
412 2377 535 2408 fluctus
562 2377 601 2407 L.
626 2393 669 2398 —
694 2374 748 2414 84,
774 2375 792 2407 7
822 2376 966 2408 Plenum
994 2378 1060 2408 erit
1083 2377 1249 2419 gaudium
1274 2378 1315 2409 L.
1340 2394 1383 2398 —
1407 2374 1461 2416 84,
1487 2374 1508 2409 8
1533 2376 1726 2408 consolaris
1752 2376 1778 2407 1.
1800 2392 1845 2397 ——

282 2421 379 2453 Nach
406 2424 473 2453 Str.
499 2419 543 2453 84
568 2421 703 2453 schiebt
727 2423 756 2454 L
782 2423 854 2453 ein:

568 2524 570 2526 v
598 2501 683 2533 Cum
709 2501 751 2532 ad
778 2501 917 2543 plenum
943 2501 1059 2532 taedia
1085 2501 1271 2532 cessabunt
1296 2501 1475 2538 malorum,

600 2548 686 2578 Cum
711 2547 898 2578 coniuncta
922 2546 1027 2577 fueris
1053 2546 1168 2577 choris
1192 2546 1405 2587 angelorum,

601 2591 670 2623 Ubi
697 2591 792 2623 salus
817 2591 938 2632 gaudii
963 2591 1075 2629 durat,
1102 2591 1178 2622 fons
1203 2591 1381 2629 bonorum,

599 2635 723 2678 Ibique
749 2638 785 2667 in
810 2637 950 2668 domino
976 2637 1044 2668 eris
1070 2636 1298 2668 dominorum.

282 2724 378 2787 85,1
408 2727 484 2765 Dic,
511 2737 530 2758 ο
556 2726 668 2757 dulcis
694 2727 742 2764 G;
767 2727 808 2758 In
835 2726 899 2757 sali
924 2725 1052 2767 gaudio
1078 2726 1118 2757 L.
1147 2745 1186 2749 —-
1214 2723 1268 2763 85,
1295 2724 1316 2757 3
1341 2726 1485 2758 Habens
1510 2725 1620 2765 CFM;
1645 2726 1758 2757 Tanto
1784 2736 1845 2768 pro

287 2772 415 2802 50111οὶ0
442 2772 481 2803 L.
508 2789 550 2792 —
575 2769 630 2809 85,
655 2770 676 2803 4
701 2776 813 2803 tecum
839 2771 922 2813 quid
949 2771 1083 2812 lugeres
1109 2773 1157 2810 A,
1194 2781 1261 2812 quo
1288 2771 1388 2802 modo
1414 2771 1550 2814 lugeres
1576 2772 1623 2809 L;
1650 2774 1761 2802 tecum
1785 2781 1846 2803 cur

284 2782 467 2857 languores
493 2817 571 2851 BE:
599 2821 695 2848 tuum
720 2827 782 2849 cur
807 2817 942 2858 lugeres
967 2816 1015 2848 M.
1039 2834 1077 2837 —
1103 2814 1157 2855 85,
1183 2815 1244 2848 55
1247 2828 1279 2859 q.
1305 2816 1374 2848 und
1401 2815 1419 2848 7
1446 2827 1496 2859 sq.
1522 2816 1721 2858 umgestellt
1738 2817 1783 2848 M.
1801 2833 1846 2838 —

283 2858 337 2895 85.
364 2859 384 2892 5
416 2862 468 2892 No
450 2872 537 2893 011110
570 2862 665 2894 salus
699 2863 851 2894 omnium
877 2862 917 2893 L.
943 2878 987 2883 —-
1019 2859 1073 2899 85,
1100 2860 1120 2893 6
1145 2872 1214 2893 non
1240 2862 1422 2904 langueres
1446 2862 1561 2901 Gl¹M3
1597 2865 1660 2899 est,
1692 2862 1749 2893 cui
1774 2862 1845 2893 iam

284 2905 450 2937 adhacrse
484 2908 523 2938 L.
552 2924 590 2928 —
623 2905 677 2946 85,
712 2905 731 2938 7
765 2908 833 2947 Qui
867 2907 962 2939 salus
996 2910 1048 2938 est
1079 2908 1135 2947 Μ,
1170 2907 1309 2947 Quia*
1295 2907 1390 2939 solus
1424 2906 1493 2938 dux
1525 2910 1578 2938 est
1611 2907 1764 2938 omnium
1795 2907 1845 2948 G,
