2031 3289
927 172 1236 214 —618—

811 283 879 325 De
913 283 1077 326 sancto
1107 282 1349 328 Udalrico.

718 372 799 410 399.
832 374 892 416 (1.)
929 373 1104 418 Hymnus
1129 375 1179 411 ad
1204 375 1435 419 vesperam.

303 468 338 508 1.
384 467 551 506 Odelrici
582 465 771 514 pontificis

389 524 585 562 Festivum
616 523 828 561 natalitium

387 580 635 618 Concelebret
663 580 886 617 sollenniter

388 636 617 674 Cunctorum
648 636 756 683 plebs
787 635 967 675 fidelium.

303 729 338 766 2.
385 726 488 765 Odas
519 737 652 764 suaves
683 730 861 773 personet

383 784 512 830 Agens
543 781 682 821 festiva
711 783 850 830 gaudia

385 839 435 877 Et
466 844 686 877 reverenter
716 839 890 877 concinat

383 896 478 933 Eius
508 896 605 933 mira
634 896 851 942 praeconia.

301 988 338 1024 3.
385 987 498 1024 Ortus
529 996 575 1023 ex
604 986 855 1024 Alamanniae

384 1043 511 1091 Patre,
542 1046 663 1080 matre
693 1043 896 1090 nobilibus,

387 1099 568 1136 Honestis
599 1098 726 1138 verbis
758 1099 895 1137 claruit

384 1156 459 1193 Hic
490 1159 527 1192 et
556 1155 676 1193 iustus
708 1155 899 1203 operibus.

300 1247 339 1285 4.
385 1246 459 1283 Hic
491 1250 665 1283 constans
696 1246 892 1294 patientia,

384 1301 475 1340 Pius
506 1302 779 1350 misericordia,

385 1359 553 1397 Caritate
583 1359 839 1409 praestabilis,

382 1416 455 1453 Hic
484 1415 598 1464 mitis,
631 1420 771 1466 castus,
801 1415 967 1457 humilis.

1117 470 1154 507 5.
1198 469 1369 506 Orationi
1402 469 1565 517 deditus,

1201 525 1480 572 Frequentibus
1510 525 1675 572 ieiuniis,

1199 581 1344 628 Largus
1374 582 1411 619 in
1444 581 1683 632 elemosynis,

1200 638 1388 675 Assiduus
1420 638 1572 686 vigiliis.

1145 757 1153 766 .
1202 728 1419 766 Odelricum
1451 729 1729 767 sanctissimum

1203 784 1478 822 Miraculorum
1510 785 1632 833 gratia

1201 840 1423 878 Mirificavit
1456 841 1641 878 Dominus

1201 897 1373 934 Mirabili
1405 898 1589 944 potentia.

1146 1017 1154 1027 .
1204 987 1278 1024 Hic
1309 988 1463 1034 praesul
1494 992 1580 1035 post
1612 992 1668 1026 tot
1697 998 1814 1035 opera

1206 1044 1381 1082 Claustra
1412 1045 1632 1091 relinquens
1661 1043 1787 1083 infera

1204 1101 1370 1138 Locatus
1401 1111 1520 1148 super
1551 1101 1682 1140 sidera

1206 1156 1357 1194 Gaudet
1387 1157 1426 1194 in
1458 1157 1545 1194 aula
1575 1168 1726 1207 supera.

1147 1277 1155 1286 .
1203 1247 1284 1284 Tua
1315 1258 1383 1285 nos
1415 1258 1529 1294 prece
1560 1248 1734 1285 muniens

1203 1303 1263 1342 Ab
1295 1304 1459 1341 hostium
1490 1304 1652 1348 insidiis,

1205 1360 1392 1409 Odelrice‚
1425 1361 1656 1407 perennibus

1203 1418 1284 1455 Fac
1314 1415 1463 1464 perfrui
1492 1428 1561 1455 nos
1591 1417 1788 1465 praemiis.

745 1508 783 1546 9.
827 1506 948 1554 Patri,
982 1510 1071 1544 nato
1101 1510 1138 1544 et
1168 1505 1310 1544 flamini

829 1563 975 1611 Honor,
1009 1563 1129 1600 virtus
1161 1569 1198 1600 et
1227 1564 1358 1613 gloria,

834 1621 1021 1664 Potestas,
1055 1620 1148 1670 laus,
1182 1620 1381 1669 imperium

831 1677 906 1713 Per
938 1677 1089 1714 saecula
1119 1676 1192 1713 sint
1223 1677 1360 1716 omnia.

711 1842 793 1878 400.
829 1842 886 1885 (2.)
921 1843 1096 1886 Hymnus
1123 1843 1173 1879 ad
1202 1843 1458 1879 Matutinum.

392 1993 559 2031 Odelrici
591 2003 673 2030 cum
706 1993 882 2031 laudibus

394 2049 528 2088 Cuncti
560 2053 687 2087 coetus
717 2049 888 2087 fidelium

390 2105 555 2144 Festivis
587 2117 669 2143 cum
698 2106 915 2146 honoribuS.

306 2197 343 2235 2.
393 2199 445 2237 L't
476 2198 682 2235 honoratus
713 2198 861 2247 merito,

389 2255 580 2302 Benignus
611 2258 647 2291 et
678 2254 882 2292 laudabilis

391 2311 467 2349 Hic
497 2311 535 2348 in
569 2321 695 2348 eorum
727 2310 904 2358 precibus

392 2367 592 2405 Reddatur
624 2367 865 2406 exaudibilis,

306 2460 344 2496 3.
391 2458 464 2495 Hic
494 2458 531 2495 in
563 2458 753 2496 commissi
783 2458 915 2505 populi

392 2515 492 2553 Cura
523 2525 563 2551 se
595 2515 702 2552 dedit
732 2515 885 2562 vigilem

395 2572 529 2610 Coram
562 2571 644 2608 Deo
674 2574 711 2608 et
742 2571 891 2608 homine

392 2627 439 2665 Se
470 2627 644 2674 praebuit
676 2632 713 2664 et
744 2627 935 2666 humilem.

310 2719 347 2757 4.
395 2718 556 2755 'I'alenta
581 2729 690 2755 sacra
723 2717 921 2765 duplicans

401 2774 567 2811 Pastoris
598 2785 666 2821 per
697 2773 862 2812 officium

397 2830 531 2867 Fidele
563 2831 690 2869 reddit
722 2831 883 2869 Domino

405 2886 543 2923 Servus
575 2888 742 2934 prudens
774 2887 981 2926 servitium.

336 1966 345 1975 .
390 1936 545 1974 Festum
576 1937 745 1974 sollenne
776 1935 970 1974 celebrent

1124 1939 1161 1975 5.
1208 1937 1282 1974 Hic
1310 1937 1464 1984 praesul
1496 1937 1639 1976 Christi
1670 1937 1849 1976 vernula

1206 1994 1355 2031 Fidelis
1386 1997 1512 2031 mente
1542 1994 1676 2032 sedula

1208 2050 1323 2087 Verbi
1356 2050 1475 2087 divini
1505 2049 1647 2097 pabula

1208 2107 1285 2144 Dat
1315 2107 1455 2154 populo
1486 2118 1560 2144 non
1591 2107 1764 2154 paucula.

1152 2227 1160 2236 .
1210 2198 1359 2235 Sanctis
1390 2196 1538 2245 fulgens
1569 2197 1758 2247 operibus,

1211 2253 1432 2291 Potentibus
1464 2254 1670 2303 miraculis,

1209 2311 1283 2348 Hic
1313 2309 1405 2348 felix
1436 2311 1604 2358 gaudens
1635 2310 1783 2349 residet

1208 2367 1387 2405 Aeternis
1418 2367 1658 2406 habitaculis,

1130 2460 1164 2497 7.
1213 2459 1456 2497 Consociatus
1488 2457 1656 2496 coetibus

1211 2515 1338 2552 Beatis
1370 2515 1465 2552 caeli
1495 2514 1649 2552 sedibus

1211 2572 1318 2609 Nunc
1350 2570 1489 2609 fruitur
1519 2570 1723 2609 honoribus

1212 2627 1361 2666 Debitis
1393 2633 1430 2665 et
1460 2627 1651 2675 operibus.

1160 2748 1167 2756 .
1215 2718 1272 2755 Sit
1302 2718 1403 2766 patri
1434 2727 1584 2765 semper
1614 2717 1745 2767 gloria,

1214 2775 1358 2822 Honor⁷
1392 2779 1558 2821 potestas
1589 2773 1668 2811 filio

1217 2831 1301 2869 Una
1330 2841 1411 2868 cum
1443 2835 1574 2868 sancto
1604 2830 1753 2877 spiritu,

1216 2888 1287 2934 Qui
1319 2891 1451 2934 regnat
1483 2887 1577 2925 caeli
1607 2887 1713 2925 solio.
