2031 3289
998 171 1307 211 —102—

783 288 820 324 3.
854 285 986 322 Gloria
1015 285 1098 334 tibi,
1131 285 1303 334 Domine,

851 343 949 380 Nato
981 341 1028 378 de
1057 346 1188 379 sancta
1217 341 1374 389 virgine,

851 397 1039 444 Regnanti
1069 398 1168 435 victo
1199 397 1332 435 funere

850 456 943 492 Cum
974 459 1083 500 patre
1113 458 1148 490 et
1180 458 1311 491 sancto
1343 455 1493 501 spiritu.

991 588 1065 626 Ad
1106 588 1314 627 Laudes.

431 679 464 715 1.
501 676 748 724 Praefulgens
778 678 833 715 sol
864 678 1043 720 iustitiae,
1235 680 1271 717 2.
1304 679 1469 717 Orientis
1499 680 1709 717 castissima

495 734 607 771 Ortus
640 734 687 771 de
717 745 826 771 sacra
857 735 1012 781 virgine,
1305 736 1442 782 Mater,
1476 734 1536 773 fac
1565 736 1685 783 nobis⁷
1719 737 1881 782 domina,

497 790 709 835 Splendore
739 795 802 828 tuo
831 792 962 828 noxias
1309 792 1393 829 vita
1423 804 1578 840 prorsus
1609 798 1649 829 ut
1681 793 1833 830 decidat

498 846 657 884 Nostras
688 847 837 885 illustra
867 847 1054 885 tenebras.
1308 848 1434 895 Vetus,
1466 860 1563 886 nova
1592 848 1778 896 proficiat.

857 940 894 976 3.
927 938 1059 976 Gloria
1086 938 1168 986 tibi,
1202 938 1372 979 Domine.

989 1074 1063 1112 Ad
1104 1074 1330 1113 Primam.

431 1163 466 1201 1.
498 1163 528 1200 O
562 1162 724 1207 Christe,
756 1162 881 1209 proles
912 1163 1080 1212 virginis,
1237 1166 1274 1203 2.
1307 1164 1336 1202 Ο
1367 1164 1507 1201 mundo
1538 1164 1778 1213 venerabilis,

494 1219 621 1256 Patris
653 1229 807 1265 compar
837 1219 1024 1267 altissimi,
1307 1221 1436 1269 Virgo,
1468 1225 1590 1258 mater
1621 1221 1818 1272 mirabilis⁷

496 1276 568 1312 Per
598 1279 685 1312 tuae
715 1276 848 1312 matris
880 1276 1013 1313 merit-a
1306 1278 1444 1325 Maria,
1476 1278 1589 1326 plena
1618 1279 1754 1325 gratia,

494 1332 589 1369 Dele
618 1336 746 1370 nostra
777 1333 1008 1379 peccamina.
1307 1334 1383 1372 Ora
1413 1345 1482 1381 pro
1512 1334 1633 1380 nobis,
1668 1335 1831 1375 domina.

856 1425 893 1464 3.
926 1423 1059 1462 Gloria
1089 1423 1170 1475 tibi⁷
1203 1424 1376 1464 Domine.
1412 1462 1414 1464 .

977 1560 1050 1597 Ad
1089 1559 1325 1600 Tertiam.

429 1653 465 1691 1.
498 1652 614 1697 Quem
647 1650 835 1687 credimus
866 1659 912 1688 ex
943 1649 1089 1697 virgine
1242 1651 1281 1688 2.
1315 1650 1418 1696 Quae
1445 1650 1607 1697 genuisti
1638 1651 1755 1688 filium

496 1709 649 1751 Natum,
681 1707 841 1753 benigne
874 1706 1044 1756 Domine,
1311 1708 1346 1744 A
1377 1718 1520 1744 summo
1550 1711 1661 1754 patre
1689 1707 1867 1755 genitum,

496 1765 553 1802 Sit
583 1764 690 1801 nobis
722 1764 814 1801 haec
845 1762 1031 1800 confessio
1308 1765 1382 1801 Per
1411 1764 1505 1801 haec
1535 1767 1599 1801 tua
1628 1775 1695 1802 nos
1726 1765 1862 1803 merita

497 1823 740 1859 peccatorum
772 1820 954 1858 remissio.
1308 1822 1343 1857 A
1374 1821 1484 1868 lapsu
1515 1821 1645 1858 mortis
1675 1821 1808 1859 libera.

862 1912 901 1950 3.
933 1910 1065 1948 Gloria·
1094 1910 1176 1958 tibi,
1210 1909 1384 1952 Domine.

993 2047 1067 2085 Ad
1107 2047 1319 2088 Sextam.

433 2139 470 2177 1.
500 2139 610 2187 Nate,
643 2149 785 2175 summe
816 2148 895 2183 rex,
927 2142 1034 2176 utero
1244 2141 1281 2179 2.
1314 2139 1385 2177 Dei
1416 2143 1548 2187 mater,
1581 2151 1602 2177 0
1634 2140 1796 2181 domina.

498 2195 644 2233 Mariae
677 2196 723 2232 de
755 2195 935 2244 virgineo,
1315 2196 1493 2235 Sublimis
1524 2200 1630 2234 tanta
1655 2197 1791 2244 gratia,

499 2252 674 2289 Emunda
704 2263 771 2289 nos
801 2264 823 2289 a
855 2252 956 2289 vitiis
1313 2253 1407 2299 Tua,
1438 2251 1510 2299 fac⁷
1543 2253 1724 2290 exaltatio

501 2309 549 2345 Et
581 2319 673 2345 orna
703 2308 842 2346 sanctis
873 2309 1031 2347 meritis.
1313 2309 1369 2347 Sit
1396 2313 1525 2347 nostra
1556 2310 1749 2348 relevatio.

860 2401 897 2438 3.
931 2399 1064 2437 Gloria
1096 2399 1176 2450 tibi,
1210 2400 1382 2439 Domine.

1010 2536 1081 2574 Ad
1121 2536 1317 2575 Nonam.

434 2626 469 2663 1.
501 2626 576 2663 Fili
606 2625 752 2663 Mariae
784 2627 951 2674 virginis,
1242 2629 1277 2666 2.
1312 2627 1424 2666 Cuius
1453 2639 1492 2665 es
1524 2627 1645 2666 factus
1676 2627 1788 2676 filius,

502 2683 559 2720 Da
589 2682 695 2719 nobis
727 2682 806 2720 eius
836 2683 981 2720 meritis
1310 2684 1425 2733 Deus,
1458 2696 1527 2731 pro
1558 2684 1843 2731 peecatoribu53

502 2743 533 2777 A
566 2739 731 2787 peccatis
762 2750 959 2788 resurgere
1313 2741 1394 2778 Hoc
1420 2741 1482 2788 qui
1514 2741 1589 2778 fide
1619 2741 1877 2787 pronuntiant,

498 2796 549 2833 Et
579 2797 627 2833 ad
660 2796 773 2833 vitam
807 2797 1034 2844 pertingere,
1310 2797 1401 2845 Fac,
1433 2802 1472 2835 ut
1504 2798 1664 2835 salutem
1695 2797 1871 2837 sentiant.

862 2889 898 2926 3.
930 2887 1063 2926 Gloria
1092 2887 1177 2937 tibi,
1209 2888 1383 2927 Domine.
