1914 3223
145 276 197 311 12.
236 279 265 312 Ο
294 279 404 317 beata,
431 289 469 310 os
493 279 612 317 dilata,

282 325 361 357 Sint
386 324 470 356 haec
495 328 596 367 grata
620 325 788 362 carmina,

234 370 289 402 Sit
314 375 466 412 accepta,
492 380 562 402 non
587 369 751 411 despecta

280 415 359 447 Tibi
386 424 464 447 mea
488 416 627 456 pagina.

146 480 198 516 13.
237 484 339 515 Hanc
363 482 507 525 dignare
533 487 725 524 acceptare,

280 529 403 567 Mater,
429 537 512 560 aure
538 527 686 570 placida,

235 574 340 606 Fiant
363 576 447 605 vota
471 574 536 606 tibi
562 576 656 611 nota,

283 619 388 651 Dicta
413 622 533 650 nostra
558 619 686 650 lucida.

148 685 200 719 14.
225 687 282 719 Da
309 687 409 719 fateri
435 687 579 718 verbum
604 687 691 726 veri,

279 733 359 764 Dux
384 731 657 772 misericordiae,

233 778 287 810 Da
312 779 480 819 vigorem,
505 788 548 810 ne
574 778 739 818 laborem,

278 822 398 855 Funde
425 833 536 854 rorem
562 824 707 865 gratiae.

144 888 194 922 15.
231 891 304 922 Lac
329 891 463 922 distilla
488 901 530 922 ex
555 891 712 923 mamilla

278 936 383 968 Dulci
409 935 472 968 illa
497 936 611 974 labiis,

231 982 280 1014 Ut
304 983 451 1013 amicam
478 986 511 1014 te
537 981 697 1023 pudicam

276 1027 403 1059 Verbis
432 1027 545 1058 dicam
571 1027 710 1059 sobriis.

142 1092 194 1127 16.
235 1095 342 1138 Virgo
368 1095 461 1135 diva,
487 1099 525 1127 tu
549 1097 678 1127 nociva

278 1140 353 1182 Ope
378 1141 446 1172 Dei
472 1141 633 1183 reprime,

233 1186 321 1218 Eius
347 1187 449 1224 bona,
475 1187 550 1218 eius
576 1186 667 1218 dona

280 1231 409 1270 Pande,
436 1241 531 1270 sona,
559 1233 720 1274 exprime.

885 165 964 208 471
1030 188 1079 194 -—

933 259 937 265 ·
968 277 1019 311 1·7.
1058 279 1153 310 Huic
1180 272 1311 311 servire
1336 278 1396 310 dat
1420 278 1532 310 redire

1102 325 1194 366 Ipsis
1221 326 1292 356 irae
1317 324 1410 363 filiis,

1057 370 1150 401 Huic
1175 370 1347 401 substerni
1374 369 1434 401 dat
1458 369 1591 401 aeterni

1102 415 1183 446 Frui
1211 416 1308 456 regni
1332 415 1483 457 gaudiis

967 480 1019 517 18.
1056 483 1275 515 (sent-tricem
1301 487 1370 514 tam
1397 482 1532 514 felicem

1102 528 1282 560 Laudibus
1310 539 1401 560 nunc
1426 527 1575 567 efferam,

1055 574 1157 605 Hanc
1183 573 1287 605 adibo
1314 577 1359 608 et,
1385 577 1422 605 ut
1447 573 1565 615 quibo,

1102 619 1225 650 Preces
1251 620 1282 651 ei
1309 618 1459 650 offeram.

969 683 1022 718 19.
1056 687 1157 718 Hanc
1183 686 1304 718 affecto
1331 697 1433 718 sensu
1460 690 1552 717 recto

1104 732 1344 764 Collaudando
1372 741 1539 772 promere,

1057 777 1159 809 Hanc
1185 788 1225 809 ex
1251 787 1332 809 vo·o
1359 777 1461 809 corde
1485 780 1557 808 toto

1102 823 1245 864 Semper
1270 827 1351 864 opio
1378 832 1530 864 poscere.

963 888 1016 923 20.
1055 890 1212 932 Surgam,
1239 900 1402 931 quaeram
1430 893 1573 921 matrem
1594 898 1712 921 veram

1100 936 1146 967 Et
1172 937 1343 966 sinceram
1369 936 1550 977 virginem,

1055 983 1153 1021 Quae
1178 981 1238 1012 dat
1262 982 1366 1012 mutis
1393 991 1430 1012 os
1456 980 1607 1018 virtutis,

1099 1026 1290 1058 Dissolutis
1315 1026 1481 1057 ordinem.

961 1092 1015 1127 21.
1053 1096 1132 1127 Non
1157 1094 1324 1126 desistam
1350 1094 1439 1125 hanc
1463 1094 1677 1134 magistram,

1098 1140 1248 1172 Matrem
1274 1141 1377 1171 istam
1402 1148 1580 1180 quaerere,

1055 1185 1152 1225 Quae
1178 1185 1220 1217 de
1244 1186 1354 1226 portis
1380 1184 1476 1216 dirae
1502 1184 1624 1215 mortis

1100 1231 1222 1263 Potest
1246 1241 1299 1262 me
1325 1232 1469 1271 eripere.

230 1293 280 1326 Es
306 1289 423 1336 folgen
446 1293 610 1336 Rhythm.
636 1294 700 1333 III,
729 1292 770 1325 12
794 1293 865 1326 und
888 1294 950 1334 IV,
975 1291 1030 1326 24.
1082 1292 1235 1325 Darauf:

568 1354 623 1388 24.
657 1356 758 1396 Quod
783 1366 956 1399 rogamus,
982 1355 1075 1397 quod
1101 1359 1273 1398 optamus,

705 1403 820 1434 Donet
845 1402 957 1434 almus
984 1402 1139 1443 spiritus,

659 1448 726 1487 Qui
753 1451 787 1479 te
811 1447 910 1486 lavit,
936 1448 996 1489 qui
1024 1447 1180 1486 vallavit,

705 1494 773 1533 Qui
799 1493 953 1524 sacravit
977 1493 1137 1525 caelitus.

811 1579 868 1616 Pa
880 1589 927 1616 rs
959 1579 1031 1619 ΙΙΙ.

164 1649 192 1682 1.
229 1651 315 1689 Ave,
341 1652 452 1693 virgo,
477 1661 547 1693 qua
558 1649 584 1692 l)
608 1651 722 1694 caligo

273 1697 326 1728 Ab
352 1696 418 1728 hoc
446 1697 573 1728 mundo
599 1697 702 1739 pulsa
726 1701 786 1736 est,

227 1742 310 1774 Mox
336 1742 503 1784 absorpta
527 1742 587 1774 lux
613 1746 665 1774 est
689 1746 776 1780 orta,

273 1787 373 1820 Caeli
398 1791 500 1829 porta
524 1791 647 1829 patens
674 1791 736 1820 est.

159 1853 190 1886 2.
229 1855 338 1896 Virgo
362 1854 486 1897 gaude,
510 1855 611 1897 virgo
638 1854 776 1897 plaude,

272 1901 358 1938 Ave,
383 1901 484 1941 virgo
510 1901 616 1942 regia,

226 1945 294 1977 Per
318 1955 423 1986 quam
449 1955 555 1977 saeva
580 1949 615 1977 et
639 1947 818 1988 primaeva

271 1990 459 2023 Tolluntur
482 1991 677 2033 naufragia.

159 2074 190 2091 υ.
227 2059 352 2097 Mater,
377 2058 500 2102 gaude,
527 2059 634 2101 digna
658 2059 773 2100 laude,

274 2104 372 2144 Quae
397 2114 460 2136 nos
486 2104 607 2136 fraude
634 2106 738 2144 eruis,

228 2150 313 2183 Cum
341 2151 524 2191 antiquum
550 2151 729 2181 inimicum

272 2195 405 2235 Vincis,
431 2196 563 2226 victum
589 2196 719 2227 obruis.

157 2260 190 2294 4.
227 2262 299 2295 Vas
325 2262 474 2301 decoris,
499 2262 568 2294 dux
594 2263 737 2305 pudoris

272 2308 397 2340 Cincta
421 2307 537 2340 choris
561 2310 755 2350 virginum,

226 2353 311 2385 Plus
336 2353 462 2394 decora
488 2364 592 2394 quam
619 2363 755 2392 aurora,

273 2399 340 2430 Pro
367 2410 420 2430 nie
446 2409 508 2430 ora
532 2400 731 2431 Dominum.

159 2464 190 2498 5.
226 2465 420 2499 Gravidata
445 2477 507 2498 nec
533 2467 672 2508 privata

273 2512 363 2543 Dote
388 2521 507 2544 sacrae
531 2513 692 2555 virginis,

227 2556 335 2589 Placa
359 2560 479 2588 natum
505 2561 560 2589 sat
584 2559 710 2589 iratum

275 2602 328 2634 Ob
358 2606 490 2634 reatum
517 2604 685 2634 criminis.

158 2667 189 2701 6.
227 2670 256 2701 Ο
282 2669 411 2701 dilecta
436 2673 471 2702 et
496 2674 671 2712 provecta,

272 2714 342 2746 Fac
366 2725 430 2746 nos
457 2720 549 2747 recta
574 2726 687 2757 agere,

227 2759 356 2801 Calpas
381 2760 474 2799 flere,
499 2771 560 2802 spe
583 2761 746 2802 gaudere,

274 2806 386 2837 Deum
411 2816 493 2838 vere
518 2816 694 2847 quaerere.

230 2894 256 2935 ¹)
296 2893 324 2933 l,
353 2894 369 2927 1
397 2906 500 2936 quam
528 2897 591 2928 Hs.
618 2915 660 2918 —

984 1650 1015 1683 7.
1052 1651 1112 1684 Nil
1139 1651 1330 1693 obliquum,
1355 1651 1405 1682 nil
1432 1652 1603 1692 iniquum,

1095 1697 1192 1729 Nihil
1217 1697 1333 1728 fictum
1360 1706 1472 1738 agere,

1052 1743 1109 1774 Nil
1138 1743 1237 1774 avari
1263 1742 1443 1779 aemulari,

1093 1787 1191 1820 Nihil
1218 1788 1283 1824 fari
1308 1791 1446 1819 temere.

979 1852 1011 1888 8.
1048 1855 1180 1887 Malum
1206 1855 1303 1893 ferre,
1329 1865 1400 1885 non
1425 1854 1563 1891 referre,

1093 1901 1237 1932 Terram
1262 1904 1377 1932 terrae
1401 1900 1571 1941 linquere,

1047 1946 1106 1985 Te,
1137 1946 1280 1978 lucerna
1305 1946 1525 1986 sempiterna,

1094 1991 1193 2024 Caeli
1217 1999 1329 2022 verna
1353 2001 1503 2022 cernere.

980 2056 1012 2091 9.
1049 2059 1161 2091 Menti
1187 2059 1299 2090 fessae
1324 2062 1358 2090 et
1383 2067 1580 2100 oppressae,

1094 2104 1208 2137 Radix
1234 2105 1339 2140 Iesse,
1367 2104 1525 2141 subveni,

1050 2151 1147 2190 Quae
1172 2151 1346 2181 succurris
1371 2150 1537 2191 perituris

1094 2196 1202 2227 Facta
1227 2196 1331 2226 turris
1357 2195 1497 2227 Libani.

957 2260 1007 2296 10.
1047 2264 1171 2296 Carnis
1197 2263 1363 2300 flammas,
1393 2270 1480 2303 quas
1504 2271 1574 2292 non
1596 2271 1694 2294 amas

1091 2309 1145 2340 Tu
1171 2318 1234 2339 nos
1259 2308 1313 2339 fac
1339 2308 1554 2348 extinguere,

1044 2354 1148 2386 Vitae
1173 2364 1311 2385 cursum
1337 2352 1432 2384 tendi
1458 2362 1606 2391 sursum,

1094 2399 1216 2431 Mundi
1242 2399 1361 2430 luxum
1388 2408 1561 2439 spernere.

958 2464 1010 2499 11.
1036 2468 1101 2505 Da,
1128 2466 1197 2498 dux
1223 2467 1336 2508 aequi,
1362 2469 1456 2497 recta
1482 2466 1592 2507 sequi,

1093 2511 1202 2548 Velle,
1228 2512 1303 2549 fari,
1328 2511 1453 2549 facere,

1048 2558 1104 2589 Me
1130 2567 1286 2595 corones,
1312 2556 1397 2588 mihi
1422 2555 1542 2595 dones,

1093 2603 1202 2640 Haec,
1228 2612 1317 2643 quae
1343 2612 1473 2639 moneS,
1499 2611 1614 2643 agere.

957 2668 1008 2702 12.
1047 2670 1154 2702 Caelo
1182 2671 1249 2701 sita
1276 2670 1476 2710 margarita,

1093 2717 1168 2746 Lux
1194 2719 1227 2746 et
1252 2716 1326 2746 vita
1348 2715 1514 2756 gentium,

1046 2761 1114 2792 Fac
1141 2760 1316 2791 lucernam
1343 2760 1600 2801 sempiternam.

1092 2806 1203 2837 Tuum
1229 2815 1367 2837 cernam
1393 2804 1512 2836 filium.
