2031 3289
435 481 616 527 Quotiens
647 484 732 517 sunt
765 480 860 516 bene
890 480 959 517 loti
1248 482 1453 528 Tamquam
1485 482 1666 530 profugus
1696 484 1843 529 patriae

438 540 468 575 A
502 535 754 582 sordibusque
784 536 917 573 semoti
1249 538 1296 575 Se
1327 539 1538 576 abscondat
1567 550 1590 576 a
1620 538 1717 576 facie

491 592 622 628 Tricas
653 592 835 629 habentes
865 591 1058 630 firmarum
1303 595 1391 632 Mea
1424 595 1481 631 vel
1513 596 1582 632 sub
1613 596 1817 632 horizonte.

435 649 479 685 In
510 658 550 684 se
580 649 842 695 amicitiarum,

435 705 479 741 In
510 705 660 751 pascuis
689 706 896 751 gratiarum

489 761 654 797 Tuarum
686 766 771 797 sunt
803 761 898 798 bene
929 759 998 797 foti

431 817 493 854 Ab
524 819 742 863 impetuque
773 816 952 863 ferarum,

432 872 490 910 Ne
520 873 664 919 praeda
694 873 787 910 fiant
817 884 957 921 earum,

488 930 668 966 Velamen
701 940 740 966 es
772 930 948 968 antidoti.

1179 741 1213 778 7.
1245 739 1385 778 Omnes
1413 742 1580 789 ⁸qemellis
1610 742 1760 789 fetibus,

1246 796 1343 834 Fide
1373 802 1485 844 atque
1516 799 1706 845 operibns,

1331 854 1428 892 Oves
1458 865 1562 891 meae
1594 855 1733 891 debent
1763 865 1856 900 esse,

1245 909 1297 946 Et
1325 911 1466 948 sterilis
1497 911 1741 948 vernantibus

1245 965 1354 1003 Inter
1385 978 1448 1004 eas
1479 967 1682 1004 virtutibus

408 1056 410 1059 ,
1300 1022 1391 1059 Non
1423 1029 1488 1067 est,
1521 1023 1551 1060 si
1574 1024 1703 1060 volunt
1724 1023 1906 1070 prodesse

362 1084 399 1120 4.
432 1081 538 1129 Quae
569 1081 614 1118 de
643 1080 803 1118 Guzana
831 1083 974 1119 tumulo
1245 1079 1319 1115 Pro
1349 1090 1485 1126 magna
1517 1080 1691 1117 habenda
1720 1090 1854 1126 messe,

431 1138 556 1175 Testis
588 1138 688 1174 vitae
718 1149 788 1184 pro
819 1139 960 1184 populo
1245 1135 1429 1172 Insudare
1460 1142 1517 1173 est
1550 1146 1702 1173 necesse

489 1195 561 1232 Seu
594 1194 641 1230 de
671 1198 798 1230 monte
830 1195 1028 1232 calvariae
1301 1191 1489 1229 Virtuosis
1520 1193 1725 1242 laboribuS,

432 1250 590 1296 Sumpto
621 1251 761 1286 ibidem
794 1251 935 1297 pabulo
1245 1247 1326 1283 Nec
1358 1248 1470 1285 debet
1500 1249 1695 1296 quisquam
1727 1259 1881 1295 paeesse

429 1307 489 1344 Ex
521 1306 668 1343 arboris
700 1308 913 1344 ramusculo
1245 1303 1328 1340 Nisi
1360 1305 1436 1354 ille,
1470 1306 1532 1352 qui
1564 1316 1742 1352 expresse

488 1364 540 1400 Et
571 1363 719 1400 cibatae
750 1364 921 1409 plenarie
1303 1362 1425 1398 Pollet
1456 1362 1564 1399 bonis
1596 1363 1811 1400 maioribus

428 1420 491 1457 Ad
523 1424 560 1455 te
591 1424 753 1456 montem
786 1421 1007 1458 clementiae

429 1477 649 1513 pascendae
678 1477 902 1513 secundarie
1175 1512 1212 1550 8.
1243 1512 1353 1550 Sicut
1381 1513 1475 1550 vitta
1505 1514 1679 1552 coccinea

1245 1569 1333 1605 Sive
1364 1571 1650 1618 semipurpurea

1301 1625 1468 1663 Caritate
1500 1628 1692 1664 colorante

1242 1682 1372 1719 Labia
1401 1685 1470 1719 tua
1500 1684 1635 1720 mellea

1244 1738 1411 1775 Mentem
1443 1740 1652 1789 stringunt,
1687 1751 1731 1775 nc
1764 1751 1830 1785 per
1860 1750 1905 1777 ea

1298 1796 1395 1842 Quid
1427 1802 1536 1833 exeat
1565 1801 1650 1843 post
1681 1798 1738 1833 vel
1772 1801 1858 1833 ante

360 1857 395 1896 5.
426 1854 570 1891 Dentes
599 1854 655 1891 tui
685 1859 770 1891 sunt
803 1855 931 1892 clerici
1241 1851 1488 1895 Dissolutum‚
1521 1853 1620 1900 quod
1651 1853 1792 1900 ligante

427 1911 565 1949 Omnes
594 1911 853 1960 ecclesiastici,
1244 1908 1431 1956 Indigeat‚
1464 1920 1546 1946 cum
1579 1909 1630 1946 sis
1661 1914 1789 1946 tantae

486 1967 636 2004 Laudes
667 1974 750 2004 tuas
780 1968 1024 2019 ruminantes,
1299 1965 1471 2012 Virtutis,
1504 1966 1604 2012 quod
1635 1966 1672 2003 in
1704 1966 1831 2012 platea

427 2024 499 2069 Qui
528 2024 626 2062 sieut
654 2035 783 2072 yreyes
815 2024 950 2071 forcipi
1242 2021 1351 2059 Omni
1381 2027 1484 2059 terra
1515 2026 1719 2059 attestante

429 2080 607 2129 Subsunt‚
641 2091 791 2127 semper
822 2081 970 2127 pacifici
1241 2079 1367 2124 Atque
1399 2079 1503 2116 caelo
1534 2078 1747 2116 affirmante

482 2137 1124 2186 Modumtonsarummonstrantes,
1298 2136 1355 2173 Tu
1389 2135 1502 2182 digna
1532 2146 1571 2172 es
1603 2146 1684 2172 esse
1714 2145 1810 2174 mea.

428 2192 513 2230 Non
546 2194 751 2230 clamantes
785 2195 842 2230 vel
876 2195 1059 2245 balantes,

428 2249 503 2286 Sed
536 2250 661 2300 potius
693 2257 930 2288 reservantes

483 2306 697 2343 Vindictam
730 2307 820 2343 mihi
851 2307 979 2354 iudici,

427 2362 508 2399 Nec
535 2363 583 2400 ob
615 2364 686 2400 hoc
710 2375 870 2410 unquam
895 2368 1085 2402 cessantes

425 2421 460 2455 A
492 2419 668 2457 laudibus
699 2425 739 2457 ut
772 2425 986 2458 constantes

481 2475 625 2512 Dentes
655 2480 768 2523 atque
799 2475 964 2516 fortifici.

484 1533 751 1570 Ascenderunt
780 1533 817 1570 in
849 1536 1012 1580 saeculo,

430 1589 485 1626 Te
515 1590 632 1626 solam
664 1590 896 1636 indigentiae

429 1645 692 1682 Necessariam
724 1647 904 1692 propriae

972 221 1028 227 --
1085 199 1167 240 380
1228 223 1278 228 —

367 313 406 350 3.
439 311 584 359 Capilli
614 312 671 349 tui
703 313 827 349 devoti
1248 314 1340 351 Illas
1371 315 1433 361 qui
1465 315 1598 351 tondet
1627 315 1743 361 impie

438 369 482 405 In
513 372 550 404 te
579 368 741 405 radicati
771 368 841 405 toti
1249 370 1336 407 Sive
1364 371 1492 406 tundit
1522 369 1667 408 nefarie

489 425 599 463 Sicut
619 435 745 471 yreyes
766 427 852 460 sunt.
872 435 1094 471 caprarum,
1304 426 1574 465 Persecutione
1602 431 1721 474 sonte,

485 1703 666 1740 Videntes
698 1703 832 1739 mentis
863 1703 983 1741 oculo.

2007 2028 2031 2052 {f

2010 2055 2031 2162 1}

1170 2287 1206 2325 9.
1239 2286 1365 2324 Dulce
1397 2291 1502 2324 tuum
1537 2286 1729 2334 eloquium

1240 2344 1314 2381 Per
1344 2354 1465 2380 meum
1497 2343 1588 2379 mihi
1619 2344 1791 2380 nuntium

1294 2400 1469 2437 Relatum
1501 2410 1559 2436 me
1591 2400 1823 2437 descendere

1234 2456 1300 2494 Ad
1333 2463 1370 2494 te
1402 2455 1492 2492 fecit
1522 2467 1596 2493 non
1627 2457 1754 2503 alium,

1236 2513 1377 2550 Locum
1410 2513 1601 2549 videntem
1631 2514 1840 2561 proprium,

1294 2569 1362 2607 Cui
1392 2569 1447 2605 sic
1478 2569 1612 2606 vellem
1644 2580 1702 2606 me
1732 2569 1898 2617 tradere,

2007 2326 2013 2345 Ι

356 2624 391 2660 6.
424 2623 530 2670 Quae
559 2624 593 2659 te
623 2622 776 2660 lavaero
808 2628 844 2660 et
875 2622 979 2660 fonte
1237 2625 1312 2663 Ubi
1345 2626 1477 2663 vellem
1511 2626 1706 2672 quiescere

424 2679 650 2725 Baptismali
681 2680 758 2716 alto
790 2685 904 2726 ponte
1238 2683 1306 2719 Vel
1338 2683 1393 2718 sic
1424 2693 1586 2729 unquam
1619 2683 1791 2730 diligere,

484 2737 610 2773 Posito
642 2737 896 2782 paenitentiae
1295 2739 1386 2776 Cum
1417 2740 1467 2775 sit
1496 2750 1692 2785 supremus
1721 2739 1898 2787 omnium,

422 2791 689 2829 Ascemlerunt
719 2793 766 2829 ad
798 2804 857 2829 me
886 2797 1021 2840 sponte
1237 2795 1313 2833 Ubi
1342 2794 1455 2831 flores
1486 2796 1626 2841 eligere

424 2848 534 2895 Oves,
566 2849 620 2885 eis
651 2850 774 2895 prima
804 2848 928 2886 fronte
1236 2852 1389 2889 Possem
1418 2856 1532 2898 atque
1564 2852 1740 2899 colligere

482 2905 642 2951 Largior
672 2905 770 2942 dona
800 2906 967 2954 gratiae3
1292 2908 1354 2945 Ad
1386 2908 1610 2945 medicinam
1641 2908 1818 2955 gentium.
