2031 3289
0 2178 6 2244 Ξ

0 2313 3 2330 l

0 2347 3 2364 l

1103 170 1127 210 0¹(

1131 169 1156 209 [Ὁ

835 336 892 371 54.
929 336 1010 378 139.)
1045 335 1095 371 De
1118 335 1232 372 Beata
1257 335 1376 373 Maria
1402 337 1443 373 V.

397 453 433 490 1.
466 453 494 490 O
530 453 700 501 genetrix
731 453 875 490 aeterni

466 509 578 556 Virgo
609 509 733 546 Maria
765 509 882 552 verbi,

466 566 566 611 Quae
590 576 674 612 vox,
705 576 799 611 quae
821 565 946 613 lingua
971 565 1094 602 carnis

466 622 539 659 Par
570 621 641 658 erit
672 625 759 658 tuae
789 621 892 658 laudi
905 624 921 656 '3

426 762 434 770 .
467 733 522 769 Tu
553 744 649 769 nova
680 732 794 769 maris
825 733 948 779 stella,

463 789 572 827 Celsa
602 789 680 835 poli
712 787 890 834 fenestra,

463 845 584 889 Scala,
617 856 710 892 quae
742 845 886 882 caelum
917 845 1029 882 terris

460 902 600 949 Iungis,
632 903 707 939 ima
737 902 923 947 supernis.

417 1044 425 1052 .
457 1015 682 1052 Immensum
715 1015 932 1061 concepisti,

456 1071 654 1107 Parentem
686 1071 888 1117 peperisti3

457 1127 520 1164 Fit
551 1126 673 1164 factor
703 1138 748 1164 ex
781 1126 940 1176 factura,

458 1183 598 1221 Creans
629 1195 672 1220 ex
700 1191 885 1221 creatura.

415 1327 424 1335 .
457 1297 572 1342 Quem
604 1296 764 1333 mundus
796 1295 896 1333 ferre
927 1296 1067 1344 nequit,

456 1353 589 1390 Totum
622 1354 734 1390 vulva
766 1353 950 1401 concepit,

457 1412 537 1456 Quo
570 1411 789 1446 circumitur
817 1410 959 1458 aether,

456 1467 610 1504 Puellae
642 1467 775 1503 clausit
809 1472 951 1505 venter.

414 1612 422 1620 .
456 1580 563 1617 Servi
594 1580 715 1617 forma
744 1581 912 1629 indutus,

452 1637 591 1674 Divina
621 1648 695 1674 non
728 1641 860 1673 exutus

454 1692 628 1740 Suscepit
658 1693 810 1740 quidem
840 1698 916 1742 tua,

453 1749 528 1786 Sed
558 1761 632 1787 non
663 1750 788 1787 amisit
819 1761 897 1788 sua.

412 1893 420 1901 .
454 1863 583 1901 Oritur
613 1867 716 1900 ortus
743 1873 880 1912 rerum,

451 1919 517 1956 Fit.
546 1920 720 1965 antiquus
753 1920 913 1966 dierum,

455 1976 565 2014 Orbis
597 1977 702 2024 origo
735 1977 859 2023 coepit

452 2032 592 2069 Factus
624 2043 669 2068 ex
699 2032 769 2082 his,
803 2042 897 2079 quae
927 2031 1030 2072 fecit.

411 2175 419 2183 .
453 2144 665 2191 Conceptus
698 2143 928 2192 fecundavit,

451 2201 573 2238 Natus
605 2212 678 2238 non
710 2202 876 2245 violavit,

448 2256 611 2296 Intravit
643 2262 679 2295 et
710 2258 838 2304 exivit,

451 2315 526 2352 Sed
558 2315 722 2352 clausam
752 2318 790 2350 te
819 2315 985 2360 reliquit.

408 2458 416 2466 .
449 2427 505 2464 Tu
535 2429 664 2465 Aaron
695 2438 734 2464 es
767 2428 871 2474 virga

448 2485 642 2529 Fecunda,
673 2484 760 2521 licet
791 2485 904 2530 sicca,

449 2541 551 2586 Quae
581 2551 733 2589 germen
763 2541 968 2588 protulisti,

449 2596 523 2634 Sed
558 2598 660 2645 virgo
691 2597 944 2644 permansisti.

409 2742 417 2751 .
450 2710 504 2747 Te
535 2710 650 2747 rubus
682 2709 936 2760 praelucebat,

449 2767 518 2812 Qui
549 2767 687 2804 ardens
718 2778 790 2804 non
821 2767 992 2811 ardebat,

450 2824 552 2868 Quae
583 2824 663 2861 sine
694 2828 798 2860 aestu
830 2823 966 2860 mentis

448 2881 627 2917 Fructum
662 2880 800 2918 dedisti
831 2880 985 2918 ventriS.

1183 734 1248 773 11.

1181 1015 1245 1054 12.

1176 1298 1241 1336 13.

1175 1581 1240 1620 14.

1174 1863 1239 1902 15.

1169 2145 1234 2185 16.

1167 2428 1230 2465 17.

1195 2710 1231 2748 ss)

1183 453 1246 491 10.
1277 453 1330 490 Et
1353 458 1440 491 ante
1470 461 1619 500 partum
1650 456 1766 503 virgo,

1279 509 1355 546 Sed
1384 516 1469 556 post
1498 512 1684 559 virginum
1715 513 1840 559 virgo,

1282 566 1410 604 Crevit
1440 567 1477 604 111
1509 573 1594 604 01111
1624 568 1742 614 prolis

1281 623 1483 669 Integritas
1514 623 1683 671 pudoris.

1281 734 1350 771 Est
1383 735 1599 783 angelorum
1633 735 1736 772 cibus

1280 790 1360 828 Tuo
1392 791 1490 828 lacte
1520 792 1706 840 nutritus,

1278 846 1348 892 Qui
1379 848 1474 884 mari
1504 848 1661 894 praebet
1690 849 1827 898 undas,

1279 903 1448 950 Papillae
1483 905 1582 951 sugit
1611 910 1747 951 guttas

1278 1015 1388 1053 Geris
1418 1017 1457 1053 in
1488 1017 1571 1053 sinu
1601 1018 1756 1063 prolem,

1277 1072 1348 1117 Qui
1379 1077 1503 1109 terrae
1534 1073 1649 1110 librat
1679 1074 1834 1119 molem,

1275 1128 1410 1173 Foves,
1442 1141 1464 1165 a
1494 1140 1566 1175 quo
1595 1128 1746 1176 foveris,

1274 1184 1423 1231 Servas,
1456 1196 1478 1222 a
1509 1196 1580 1231 quo
1611 1187 1740 1222 tueris.

1274 1297 1468 1345 Blandire,
1502 1302 1632 1337 mater,
1667 1309 1770 1345 caro,

1275 1354 1345 1399 Qui
1376 1359 1413 1390 te
1445 1355 1598 1402 creavit,
1630 1361 1730 1404 nato,

1274 1411 1412 1449 Oscula
1443 1415 1550 1456 grata
1582 1410 1666 1458 fige,

1272 1466 1417 1504 Fasciis
1449 1467 1617 1503 membra
1647 1467 1768 1514 cinge.

1274 1581 1518 1627 Amplectere
1549 1582 1762 1624 caelestem,

1273 1638 1389 1684 Quem
1420 1638 1593 1687 genuisti,
1627 1649 1764 1685 regem,

1271 1694 1341 1733 Cui
1372 1695 1489 1730 servit
1522 1694 1578 1731 sol
1605 1700 1640 1730 et
1670 1695 1760 1731 luna

1271 1750 1322 1787 Et
1352 1751 1471 1787 omnis
1504 1755 1690 1790 creatura.

1272 1864 1386 1902 Chori
1417 1863 1597 1900 virtutum
1627 1867 1806 1910 tremunt,

1269 1920 1385 1965 Quem
1420 1920 1513 1956 viles
1545 1921 1658 1966 panni
1688 1923 1834 1969 tegunt,

1269 1977 1386 2013 Pavet
1419 1977 1562 2013 caelum
1594 1982 1630 2013 et
1661 1981 1775 2023 terra,

1269 2034 1383 2079 Quem
1417 2033 1560 2070 baiulat
1591 2034 1729 2080 puella.

1267 2145 1379 2191 vagit
1409 2146 1445 2181 111
1477 2145 1559 2181 sinu
1587 2145 1731 2191 matris,

1266 2202 1412 2248 Regnat
1441 2202 1478 2238 111
1511 2203 1646 2238 throno
1676 2203 1821 2249 patris,

1265 2258 1384 2305 Leges
1417 2263 1613 2304 parentum
1641 2264 1779 2306 servat,

1266 2315 1401 2351 Mundi
1430 2315 1510 2351 iura
1541 2315 1737 2361 gubernat.

1264 2427 1320 2464 Tu
1354 2426 1467 2464 fontis
1498 2426 1580 2464 fons
1610 2429 1787 2476 viventis,

1265 2484 1398 2521 Oriens
1430 2484 1598 2529 orientis,

1264 2540 1380 2576 Liber
1410 2540 1474 2576 ille
1506 2540 1673 2587 signatus

1264 2596 1415 2633 Lectori
1446 2596 1526 2633 viro
1559 2596 1680 2635 datus.

1265 2710 1321 2746 Tu
1352 2714 1462 2756 porta
1492 2710 1622 2756 templi
1653 2710 1793 2752 clausa,

1265 2766 1426 2813 Superui
1457 2767 1554 2813 regis
1585 2766 1682 2811 aula,

1264 2823 1464 2860 Aerarium
1494 2823 1637 2871 talenti,

1266 2880 1339 2917 Per
1368 2879 1468 2925 quod
1499 2889 1623 2915 sumus
1656 2877 1858 2925 redempti.
