1914 3223
163 477 240 513 325

161 771 252 807 3:30.

161 1070 254 1106 3:35.

162 1363 254 1399 340.

154 1651 247 1688 345.

149 1935 245 1971 350.

152 2219 245 2257 355.

149 2503 242 2540 360.

146 2787 239 2826 365.

288 237 342 274 nc
372 249 445 284 qua
475 236 640 274 traditur
670 236 761 272 hacc

339 293 583 340 experientia,

291 355 392 394 Nulli
424 355 621 397 catholico,

343 423 438 459 reor,
470 411 673 459 incognita,

247 502 256 513 .
287 474 392 520 Quod
423 474 526 511 nulla
558 473 718 521 penitus,

340 530 509 578 quamvis
540 530 736 578 acerrima,

289 591 544 632 Intolerabilis

340 649 413 686 erit
441 648 624 697 angustia,

286 711 358 750 Ubi
390 722 462 748 non
495 710 615 747 deerit

341 768 419 805 eius
449 767 640 812 memoria,

280 830 394 869 Cuius
425 829 661 866 christicolas

340 892 510 923 recreant
540 896 695 922 munera

284 951 457 988 Ceterum
491 947 576 985 fidei

344 1016 476 1053 magna
506 1004 648 1042 novitia

288 1067 440 1105 Duobus
471 1066 630 1113 panibus

342 1129 379 1161 et
408 1123 500 1160 semi
531 1123 656 1160 sobria

287 1186 429 1223 Cuncta
460 1186 559 1222 vitae
589 1193 678 1222 suae

344 1243 522 1289 transegit
552 1247 734 1289 tempora.

284 1304 367 1341 Non
399 1305 434 1349 ei
463 1307 592 1351 potum
624 1302 708 1341 fons

346 1361 451 1398 dedit
481 1365 545 1398 aut
574 1361 714 1410 pluvia,

287 1426 388 1469 Quae
419 1423 456 1460 in
486 1423 552 1459 illa
582 1434 655 1459 non
684 1427 769 1459 sunt

338 1489 461 1516 eremo
494 1479 612 1529 arida,

284 1536 369 1573 Non
400 1545 554 1573 examen
585 1546 695 1582 apum

338 1592 450 1630 mella
481 1592 683 1639 silvestria,

280 1649 364 1686 Non
393 1649 519 1696 palma
550 1648 723 1696 dactilos‚

329 1716 403 1743 non
433 1705 548 1742 rubus
580 1705 708 1755 rubea,

277 1762 363 1800 Non
394 1773 469 1799 nux
500 1766 565 1800 aut
595 1772 760 1808 cerasus,

331 1829 425 1866 quae
454 1819 595 1856 habent
625 1820 794 1866 propria,

276 1876 359 1912 Non
391 1876 545 1922 quaevis
578 1875 726 1913 arboris

335 1931 480 1969 fructus
511 1937 574 1969 aut
605 1931 710 1971 folia.

278 1989 339 2026 Nil
372 1989 501 2026 horum
534 1989 665 2026 habuit

329 2046 366 2082 in
398 2046 588 2095 alimonia,

278 2103 352 2141 Sed
384 2114 506 2140 rorem
540 2103 720 2151 colligens

329 2159 499 2206 tingebat
530 2159 645 2209 labia,

277 2217 379 2262 Quae
410 2221 671 2255 emarcuerant

327 2273 391 2310 siti
421 2273 587 2320 assidua,

272 2330 330 2368 Ex
362 2329 490 2367 herbis
522 2330 635 2368 etiam

333 2387 534 2434 degustans
567 2388 706 2434 aliqua,

273 2445 437 2491 Quarum
468 2445 506 2481 in
539 2454 663 2482 eremo

332 2500 450 2538 multa
480 2506 566 2538 sunt
598 2512 748 2551 genera,

273 2559 475 2604 Postquam
508 2568 553 2595 ex
585 2559 757 2605 partibus

328 2614 404 2651 illis
436 2625 526 2661 pars
558 2616 720 2653 maxima

273 2672 334 2710 Sic
365 2671 589 2709 induruerat

327 2732 367 2765 ut
397 2728 513 2764 moles
545 2739 668 2779 saxea,

272 2785 347 2824 Sed
380 2794 462 2821 cum
494 2783 613 2822 fames
645 2796 725 2823 eam

328 2846 482 2889 urgeret
513 2843 678 2880 maxima

883 122 957 160 ιιε»

969 412 1062 449 370.

969 712 1064 750 375.

970 1006 1064 1045 380.

968 1307 1064 1345 385.

967 1596 1060 1635 390.

964 1880 1059 1918 395.

965 2163 1060 2201 400.

962 2448 1059 2485 405.

963 2731 1057 2769 410.

1097 235 1142 272 Ε(
1177 246 1244 281 pro
1276 234 1449 270 nuditate

1154 295 1280 328 aestus
1302 295 1349 341 *et
1381 289 1537 337 frigora,

1095 354 1178 391 Non
1207 352 1256 389 ob
1286 352 1356 390 hoc
1386 363 1622 390 murmurans

1155 409 1221 447 suit
1255 412 1319 446 aut
1350 410 1506 456 querula

1095 474 1166 510 Aut
1200 472 1238 508 in
1270 471 1424 508 servitio

1151 528 1278 565 <livino
1310 527 1453 575 tepida,

1095 590 1361 629 Consolatione

1154 648 1221 684 Dei
1255 647 1452 685 tutissima.

1098 710 1174 748 Sub
1207 709 1408 756 patrocinii

1144 767 1198 803 tui
1230 766 1403 803 custodia

1095 829 1199 867 Vixit
1229 832 1352 865 autem
1385 827 1437 865 ibi

1151 886 1205 923 sic
1236 885 1420 931 solitaiia‚

1094 949 1147 987 Ut
1175 958 1244 994 per
1274 947 1394 985 lustra
1424 957 1556 983 novem

1152 1008 1315 1041 testante
1345 1003 1493 1041 Zosima

1093 1067 1143 1104 Et
1174 1076 1320 1103 menses
1351 1070 1487 1113 quater
1519 1076 1584 1104 sex

1152 1123 1232 1161 avis
1265 1133 1334 1159 nec
1366 1122 1489 1160 bestia

1094 1185 1154 1224 Ab
1187 1196 1231 1223 ea
1258 1185 1340 1223 visa
1369 1185 1456 1232 sint,

1151 1252 1220 1280 nec
1251 1242 1311 1278 vir
1340 1252 1408 1278 nec
1439 1240 1590 1280 femina.

1096 1305 1171 1342 Sed
1202 1305 1299 1342 hanc
1329 1303 1411 1350 ipse
1441 1304 1513 1341 Dei

1150 1360 1274 1398 fidelis
1305 1361 1463 1408 assecla,

1094 1424 1166 1462 Per
1197 1433 1305 1470 quem
1336 1423 1549 1470 accepimus

1149 1480 1243 1517 haec
1272 1481 1311 1516 in
1342 1480 1490 1527 notitia,

1093 1538 1185 1575 Post
1214 1539 1321 1574 tanta
1351 1540 1563 1583 temporum

1150 1593 1247 1630 vidit
1278 1593 1465 1630 curricula

1091 1651 1141 1688 Et
1173 1651 1252 1687 eius
1283 1654 1415 1687 nactus
1447 1655 1503 1687 est

1149 1706 1241 1744 felix
1273 1707 1472 1753 colloquia,

1091 1764 1148 1802 De
1179 1775 1251 1811 qua
1281 1763 1473 1810 perhibuit

1149 1831 1240 1858 voce
1269 1820 1452 1866 veridica,

1091 1877 1198 1925 Quod
1231 1888 1314 1914 cum
1346 1882 1445 1914 esset
1476 1878 1599 1915 adhuc

1148 1935 1186 1971 in
1218 1934 1356 1971 mundo
1388 1935 1524 1981 posita,

1090 1991 1304 2029 Literarum
1336 2002 1486 2038 semper

1148 2048 1292 2085 exstitit
1322 2048 1454 2096 inscia,

1093 2105 1156 2142 Nil
1188 2116 1323 2142 sanum
1354 2105 1516 2154 sapiens,

1152 2162 1316 2208 vulgaris
1347 2162 1457 2200 laica.

1094 2219 1229 2256 Verum
1260 2222 1315 2255 tot
1346 2219 1502 2265 spiritus

1147 2275 1268 2313 sancti
1301 2275 1531 2312 charismata

1088 2333 1302 2371 Conversae
1332 2332 1463 2369 tribuit

1148 2389 1290 2427 Christi
1324 2389 1536 2435 clementia,

1092 2447 1143 2486 Ut
1178 2446 1327 2483 divinae
1357 2446 1451 2493 legis

1145 2503 1265 2539 omnis
1296 2502 1454 2539 scientia

1092 2561 1218 2607 Atque
1248 2559 1494 2608 propheticae

1147 2617 1307 2663 polleret
1339 2617 1474 2664 gratia.

1090 2674 1185 2710 Nam
1219 2673 1466 2720 evangelium,

1147 2730 1326 2776 psalmos,
1359 2728 1562 2776 proverbia

1088 2787 1183 2824 Erat
1215 2787 1428 2823 edisserens

1139 2844 1176 2880 in
1209 2843 1435 2890 eloquentia,
