1914 3223
779 172 833 176 —
893 149 976 189 223
1035 173 1090 176 —

467 263 505 300 4.
538 261 718 309 Corrigas
748 262 881 313 ipsam,
916 274 1064 312 precor,
1097 263 1207 313 alme,
1241 264 1368 314 vitam,

430 2097 496 2137 10.

427 2405 492 2443 11.

427 2699 490 2737 12.

534 319 689 356 Fraude
716 319 902 356 devictam
929 320 1113 366 .vitiisque
1143 321 1284 366 tritam,

536 375 591 414 Ut
621 375 691 412 tibi
725 374 889 423 dignam,
923 376 1039 425 Deus,
1072 376 1312 424 obsequelam

644 433 722 470 Iam
752 432 864 469 modo
895 433 1051 473 solvam.

493 597 501 606 .
532 567 665 604 Tende
695 567 944 614 praecelsam,
977 573 1079 617 peto,
1112 574 1253 619 sancte,
1289 571 1461 608 dextram

532 623 584 661 Et
615 622 704 670 fuga
735 622 886 661 foedam
919 626 1139 673 variamque
1169 627 1328 674 lepram,

535 680 640 718 Pelle
670 681 744 718 iam
777 692 926 727 noxam,
961 682 1116 719 nimium
1148 684 1320 721 nocivam

641 736 763 774 Delue
797 738 959 786 culpam.

492 901 499 908 .
532 872 657 919 Expia
688 883 844 911 vernam
877 874 1092 920 reparando
1124 873 1294 925 formam,

532 928 684 966 Exhibe
715 935 864 976 gratum
897 931 1007 968 citius
1034 932 1235 980 medelam,

531 985 649 1023 Forte
681 997 727 1023 ne
758 991 894 1024 tetram
926 998 1017 1025 ruar
1046 990 1085 1025 in
1116 989 1326 1036 gehennam

640 1043 833 1080 Daemone
864 1044 1029 1091 plenam.

491 1207 499 1216 .
533 1178 680 1225 Nempe
710 1184 751 1216 tu
781 1179 945 1228 pridem,
976 1180 1090 1227 Deus,
1124 1180 1223 1218 hunc
1248 1182 1287 1219 in
1309 1182 1438 1219 orbem

533 1236 702 1273 Veneras
733 1246 881 1272 omnem
913 1247 1086 1274 recreare
1117 1238 1280 1285 plebem,

533 1292 716 1330 Omnibus
747 1303 878 1339 pacem
911 1294 1138 1341 populisque
1165 1295 1286 1332 lucem

639 1348 759 1387 Ferre
789 1359 1007 1396 perennem.

491 1516 499 1524 .
532 1485 664 1532 Tuque
694 1485 905 1535 mortalem,
939 1487 1042 1524 Deus
1073 1487 1184 1532 alme,
1218 1498 1369 1525 carnem

531 1541 756 1589 Sumpseras
786 1542 901 1589 idem,
934 1544 1045 1581 homo
1077 1542 1199 1581 factus
1229 1549 1357 1582 autem

530 1599 704 1636 Fuderas
737 1599 886 1636 dulcem
918 1600 1029 1637 simul
1058 1604 1096 1638 et
1123 1600 1316 1639 salubrem

637 1656 781 1702 Sponte
811 1667 997 1696 cruorem.

489 1821 497 1829 .
529 1792 714 1839 Hancque
744 1803 815 1839 per
845 1797 1005 1830 mortem
1036 1793 1234 1840 religando
1266 1793 1405 1831 fortem

527 1848 688 1886 Liberas
719 1860 881 1897 omnem,
914 1855 1125 1899 reparator,
1159 1850 1302 1900 orbem,

527 1906 629 1943 Vasa
660 1906 862 1943 caelestem
894 1907 1078 1944 revehens
1109 1907 1159 1944 ad
1190 1918 1315 1944 arcem

635 1963 739 2010 Rege
769 1963 965 2003 nitentem.

528 2098 652 2136 Tanta
684 2104 737 2145 tu,
769 2104 903 2148 pastor
931 2101 1152 2147 pariterque
1185 2100 1329 2147 doctor,

527 2156 670 2202 Perpes
701 2156 853 2194 adiutor
884 2157 981 2204 iugis
1011 2161 1125 2204 atque
1155 2160 1269 2207 tutor,

525 2211 703 2260 Feceras,
737 2213 883 2262 ductor,
917 2218 1020 2251 sator
1051 2218 1089 2250 et
1119 2213 1340 2261 redemptor

633 2269 747 2306 Lucis
774 2274 811 2306 et
841 2275 986 2308 auctor.

526 2404 586 2442 Sis
616 2405 709 2442 mihi
740 2405 876 2455 factor,
909 2407 1001 2443 mihi
1031 2407 1082 2443 sis
1114 2410 1151 2443 et
1180 2407 1291 2455 altor,

522 2461 618 2499 Esto
649 2466 847 2509 protector
877 2463 1088 2510 iugiterque
1120 2467 1258 2509 rector,

523 2517 618 2555 Esto
650 2517 841 2567 defensor,
873 2520 976 2556 necis
1007 2530 1028 2556 o
1059 2524 1290 2567 peremptor,

632 2574 791 2624 Semper
822 2580 857 2612 et
890 2577 1004 2614 ultor.

521 2699 617 2736 Esto
648 2699 815 2737 salvator
845 2699 955 2736 simul
988 2704 1024 2736 et
1056 2699 1225 2749 ducator,

523 2754 582 2792 Sis
614 2755 856 2803 gubernator,
891 2757 995 2793 velut
1025 2767 1063 2793 es
1095 2761 1255 2806 creator,

521 2810 580 2849 Sis
611 2811 868 2858 triumphator
896 2813 988 2849 mihi
1020 2813 1098 2851 sive
1130 2814 1251 2852 victor

629 2867 677 2905 Et
708 2873 920 2916 superator.
