2031 3289
262 1671 326 1708 10.

260 1939 324 1978 11.

262 2472 324 2510 13.

265 2737 328 2775 14.

868 208 1174 249 —438—

354 324 478 361 Multa
510 323 557 359 de
592 326 630 358 te
662 326 748 358 sunt
777 321 986 370 prophetae

411 379 546 417 Locuti
576 378 786 425 praesagia,

356 435 440 473 Non
472 434 594 482 ignari
625 434 806 480 singulari

411 492 466 529 Te
497 490 690 528 ditandam
722 490 856 536 gratia.

357 592 454 630 Nam
485 592 547 638 qui
579 591 685 627 nasci
716 594 829 637 atque
860 590 964 638 pasci

413 649 492 685 Tua
525 657 636 684 carne
667 647 796 683 voluit.

354 705 436 741 Nec
467 703 667 749 scripturis
703 713 772 739 ntc
804 702 933 750 figuris

411 761 511 798 Tuas
542 759 674 797 laudes
716 759 845 798 tacuit.

356 861 485 898 Prima
517 870 654 907 parens
686 870 798 896 sensu
830 869 963 896 carens

414 917 554 954 Meruit
585 916 792 961 interitum,

354 974 452 1011 Dum
487 972 654 1021 serpenti
685 982 725 1008 se
756 971 904 1009 fallenti

413 1029 544 1067 Credit
575 1033 727 1076 gustans
759 1029 928 1069 vetitum.

359 1130 483 1168 Causa
514 1129 626 1176 plane
656 1132 696 1166 tu
728 1129 914 1166 humanae

414 1185 554 1223 Salutis
585 1185 802 1232 praecipua,

358 1243 441 1280 Tua
471 1253 582 1278 causa
614 1241 802 1288 quondam
837 1241 965 1278 clausa

417 1299 525 1336 Patet
556 1298 651 1335 caeli
683 1298 806 1336 ianua.

357 1399 453 1436 Nam
487 1399 702 1446 spernendo
733 1404 770 1435 ct
802 1398 970 1437 cavendo

413 1455 680 1493 Blandimenta
710 1455 864 1503 saeculi,

356 1513 462 1559 Quod
485 1516 541 1548 est
562 1511 708 1560 mirum,
734 1515 845 1558 caput
866 1511 987 1548 dirum

415 1567 636 1607 Contrivisti
668 1567 806 1607 zabuli.

361 1668 523 1715 Serpens
557 1668 660 1705 dirus
691 1680 797 1705 suum
829 1669 931 1706 virus

413 1725 518 1762 Evae
551 1725 676 1762 dando
707 1725 845 1772 nocuit,

360 1781 434 1820 Sed
457 1782 681 1827 prudentem
706 1788 806 1818 tuam
826 1785 987 1818 mentem

414 1838 566 1875 Fallere
598 1848 672 1874 non
704 1838 839 1884 potuit.

359 1939 415 1975 Tu
447 1939 650 1985 primatum
682 1942 718 1975 et
751 1939 926 1976 ducatum

417 1994 562 2032 Gerens
595 1995 865 2032 continentium

359 2052 461 2089 Casti
494 2052 616 2099 gregis
649 2051 801 2088 chorum
833 2051 932 2098 regis

417 2108 489 2146 Per
521 2107 651 2144 callem
686 2107 887 2154 egregium.

318 2240 324 2247 .
359 2209 494 2247 Mundi
526 2207 654 2246 florem
688 2214 820 2246 eontra
847 2219 988 2246 morem

414 2265 483 2302 Tui
516 2275 697 2311 spernens
730 2266 876 2313 generis

360 2322 494 2360 Carnis
527 2332 654 2358 curam
687 2326 721 2358 et
755 2327 927 2359 naturam

421 2377 676 2415 Cohibendam
710 2379 894 2425 suggeris,

359 2471 466 2509 Viam
498 2477 639 2510 rectam
672 2478 707 2510 et
739 2472 947 2520 perfectam

416 2529 591 2566 Pandens
623 2535 660 2566 te
691 2530 946 2577 sequentibus,

358 2584 407 2623 Ut
442 2585 620 2623 modestis
653 2589 689 2622 et
717 2586 882 2623 honestis

416 2641 463 2679 Se
494 2646 698 2688 perornent
728 2642 905 2679 moribus.

363 2736 459 2774 Nam
491 2738 680 2775 mundana
712 2749 866 2785 prorsus
894 2749 990 2776 vana

417 2793 589 2831 Docuisti
620 2794 769 2843 gaudia,

358 2849 536 2896 Fugitiva
566 2854 601 2886 ct
633 2851 776 2899 nociva,

417 2907 542 2954 Falsa,
578 2907 808 2953 deceptoria.

1073 322 1137 361 15.

1075 592 1142 631 16.

1074 861 1138 900 17.

1076 1131 1140 1168 18.

1076 1400 1139 1438 19.

1075 1939 1140 1978 21.

1075 2211 1141 2248 22.

1071 2475 1121 2513 23

1170 322 1297 359 Mater
1326 321 1408 358 Eva
1439 326 1559 359 morte
1589 332 1707 359 saeva

1229 378 1376 415 Prolem
1407 389 1511 416 suam
1542 377 1739 425 perdidit;

1169 435 1251 472 Tua
1280 433 1388 481 fides,
1420 444 1492 480 qua
1522 434 1686 480 renides,

1227 489 1346 527 Nobis
1376 490 1495 526 vitam
1528 490 1710 527 reddidit.

1174 590 1231 627 Tu
1262 591 1480 637 praeclarus
1512 601 1550 627 es
1582 590 1786 628 thesaurus

1230 647 1401 685 Omnium
1435 647 1715 691 charismatum,

1174 704 1271 742 Sane
1302 704 1434 750 plenus
1467 708 1504 740 et
1534 713 1712 740 amoenus

1231 759 1374 796 Hortus
1406 770 1445 796 es
1476 763 1698 798 aromatum.

1172 859 1272 897 Fons
1284 860 1514 908 redundans,
1524 870 1608 897 reos
1617 860 1810 898 mundans

1228 917 1422 963 Aquarum
1455 916 1673 959 viventium,

1172 973 1273 1009 Hinc
1289 973 1351 1019 qui
1369 972 1514 1021 bibunt,
1537 984 1609 1010 non
1627 972 1806 1019 peribunt

1229 1028 1303 1066 Sed
1336 1029 1474 1066 habent
1505 1029 1727 1067 remedium.

1172 1129 1274 1166 Fons
1303 1130 1492 1176 signatus,
1523 1140 1597 1167 non
1628 1129 1809 1167 turbatus

1229 1186 1441 1223 Bestiarum
1473 1186 1645 1232 pedibus,

1174 1242 1259 1279 Non
1291 1240 1479 1291 confusus,
1514 1242 1582 1279 red
1605 1241 1811 1279 conclusus

1230 1298 1379 1335 Divinis
1412 1298 1628 1335 virtutibus.

1172 1399 1381 1446 Exquisitis
1412 1398 1628 1446 margaritis

1229 1456 1421 1493 Ornantur
1450 1455 1616 1501 monilia,

1173 1511 1248 1549 Sed
1279 1517 1426 1549 tuorum
1457 1512 1571 1558 plane
1600 1522 1744 1548 morum

1232 1568 1369 1605 Exstat
1401 1568 1521 1605 maior
1551 1567 1685 1614 gratia.

1174 1669 1303 1708 Solent
1333 1669 1427 1706 mire
1459 1669 1618 1706 delinire

1231 1726 1439 1763 Vernantes
1469 1726 1642 1774 areolae3

1172 1784 1288 1829 Quam
1311 1782 1395 1828 plus
1417 1786 1525 1829 grata
1541 1786 1700 1819 vernant
1718 1785 1807 1819 sata

1230 1838 1412 1876 Caelestis
1443 1838 1653 1884 agricolae!

1175 1939 1307 1976 Flores
1340 1938 1446 1976 verni
1476 1939 1597 1976 solent
1629 1938 1734 1975 cerni

1230 1995 1434 2043 Voluptate
1464 1995 1602 2041 nimia3

1174 2051 1230 2088 Tu
1263 2051 1430 2089 delectas
1460 2055 1603 2088 mentes
1633 2054 1758 2088 rectas

1232 2107 1481 2146 Praecellenti
1513 2108 1648 2154 gratia.

1174 2209 1269 2247 Nam
1303 2210 1333 2246 si
1365 2208 1476 2246 flores
1509 2209 1597 2246 dant
1631 2209 1767 2246 odores

1232 2266 1281 2303 Et
1314 2266 1486 2302 decorem
1520 2264 1732 2312 proferunt,
1839 2313 1842 2316 ι

1174 2322 1265 2359 Mox
1296 2327 1533 2359 marcescunt
1564 2326 1601 2358 et
1628 2325 1805 2359 arescunt

1231 2378 1311 2415 Nec
1344 2379 1482 2416 durare
1513 2382 1702 2425 poterunt.

1171 2474 1271 2511 Tuus
1295 2474 1408 2521 viror,
1431 2484 1538 2520 quem
1563 2474 1647 2520 plus
1672 2474 1804 2520 miror,

1227 2530 1311 2567 Non
1343 2535 1399 2567 est
1430 2529 1701 2577 corruptibilis,

1173 2586 1253 2623 Nec
1284 2586 1480 2623 marcescit
1512 2596 1581 2623 nec
1601 2587 1807 2633 decrescit,

1231 2642 1305 2680 Sed
1339 2648 1393 2679 est
1424 2641 1680 2680 immutabilis.

1174 2739 1254 2776 Tua
1285 2737 1385 2775 fama
1415 2737 1621 2784 thymiama.

1232 2795 1518 2840 Balsamumquc
1549 2798 1715 2843 superat,

1178 2851 1273 2888 Dum
1293 2849 1499 2898 fraglascit‚
1518 2855 1663 2887 mentes
1679 2850 1803 2897 pascit

1232 2907 1279 2944 Et
1311 2918 1332 2944 a
1363 2912 1482 2944 morte
1512 2905 1662 2944 liberat.
