1914 3223
172 278 238 316 19.

176 707 240 746 20.

797 161 1108 217 -573—

285 276 385 314 Crux
416 280 474 313 est
502 275 618 314 arbor
649 276 840 325 decorata,

284 332 426 371 Christi
456 332 637 380 sanguine
668 337 830 382 sacrata,

341 389 495 428 Cunctis
524 389 637 436 plena
668 388 868 440 fructibus,

283 446 425 492 Quibus
455 445 602 483 animae
634 444 823 495 fruuntur,

285 502 378 541 Cum
410 502 584 549 supernis
616 503 836 540 nutriuntur

339 559 443 597 Cibis
474 559 513 596 in
545 559 784 598 caelestibus

287 706 316 744 Ο
348 716 459 753 quam
491 703 583 742 felix
615 705 870 754 permanebis,

286 762 397 800 Nunc
427 763 466 799 in
498 772 609 799 cruce
640 763 671 799 si
701 762 885 810 studebis,

344 818 474 856 Donec
507 819 646 856 mundo
678 819 832 866 vixeris,

287 875 376 913 Sine
407 875 480 912 fine
510 876 633 912 laetus
665 876 740 912 eris

284 932 354 979 Tu,
372 932 435 978 qui
448 936 617 969 sanctam
631 942 779 969 crucem
793 932 956 983 quaeris,

341 988 382 1026 Si
412 989 733 1036 perseveraveris,

990 277 1056 316 21.
1103 277 1260 315 Crucem
1283 287 1434 326 quaere,
1465 287 1612 314 crucem
1637 287 1739 324 gere,

991 707 1058 746 22.

1105 333 1248 372 Christi
1282 344 1430 371 crucem
1464 333 1625 381 intuere,

1164 390 1213 428 Ut
1246 401 1373 427 amore
1405 390 1597 438 langueas,

1107 446 1259 484 Summa
1290 446 1366 484 fide
1397 457 1547 484 crucem
1579 446 1666 484 vide

1105 504 1157 541 Et
1187 503 1407 550 plenissime
1439 503 1586 541 confide

1163 559 1293 597 Donec
1323 560 1437 597 vitam
1469 560 1621 598 habeas.

1106 706 1216 744 Circa
1248 717 1397 743 crucem
1428 717 1606 744 exercere

1106 763 1273 800 Mentem
1306 763 1433 814 debes,
1472 764 1557 800 hnic
1589 764 1741 811 placere

1162 819 1214 857 Et
1244 818 1344 858 hanc
1375 830 1525 867 semper
1557 831 1711 867 gerere,

1105 875 1188 913 Hoc
1219 881 1275 913 est
1307 887 1401 924 opus
1432 877 1599 914 salutare

1110 931 1220 970 Circa
1252 943 1401 970 crucem
1433 933 1607 971 laborare

1167 989 1305 1039 Corde,
1338 1000 1415 1038 ore,
1447 1001 1575 1037 opere.

806 1191 920 1223 Pars
944 1191 1114 1224 Altera.

201 1337 208 1346 .
256 1306 487 1354 Recordare,
522 1304 641 1343 frater
671 1307 745 1356 pie,

257 1363 411 1410 Septem
443 1363 590 1400 vicibus
620 1364 659 1400 in
692 1363 753 1400 die

318 1420 508 1457 Passionis
539 1420 704 1468 Domini,

255 1478 331 1514 Per
361 1487 470 1523 quam
503 1487 630 1513 sumus
661 1476 814 1514 liberati

255 1534 306 1570 Et
335 1539 512 1571 aeternae
542 1533 643 1570 vitae
675 1533 754 1570 dati

313 1591 371 1627 Ac
402 1600 566 1637 superno
597 1589 741 1628 lumini.

257 1737 368 1775 Hanc
397 1737 430 1774 si
460 1748 564 1774 amas
596 1740 633 1774 et
663 1737 838 1783 honoras,

260 1794 374 1832 Dicas
405 1793 464 1830 illi
492 1798 615 1831 certas
646 1794 759 1831 horas

316 1850 548 1888 Adhibendo
578 1850 766 1887 studium:

259 1908 403 1945 Horam
435 1907 608 1955 primam,
639 1908 875 1954 matutinam,

261 1964 427 2009 Sextam,
465 1968 624 2009 ternam,
653 1963 923 2013 vespertinam,

320 2020 480 2066 Nonam,
513 2020 813 2067 completorium.

264 2167 422 2214 Quando
453 2168 576 2212 sedes,
609 2171 687 2205 stas
719 2171 756 2205 et
786 2169 901 2216 iaces,

260 2225 418 2270 Quando
449 2224 614 2271 loqueris
646 2229 684 2261 et
714 2229 829 2273 taces,

317 2281 458 2326 Fessus
490 2291 572 2318 cum
604 2281 807 2330 quieveris,

263 2337 452 2375 Christum
463 2348 634 2385 quaeras,
649 2338 687 2375 in
698 2349 770 2385 quo
779 2348 926 2386 speras,

264 2393 493 2432 Crucifixum
527 2394 643 2431 corde
673 2406 796 2442 geras,

320 2450 556 2498 Ubicumque
590 2449 720 2490 fueris

267 2597 480 2644 Diligenter
506 2608 605 2644 pone
635 2602 798 2636 mentem

265 2653 387 2700 Super
419 2653 610 2692 Christum
642 2655 848 2702 patientem

322 2711 377 2749 Ut
407 2709 476 2747 tibi
508 2711 724 2759 condoleas,

264 2765 408 2803 Christi
437 2773 608 2817 mortem,
643 2767 871 2815 Christiane,

262 2823 405 2870 Plange
435 2833 532 2871 sero,
565 2824 703 2871 plange
733 2834 855 2873 mane,

322 2880 367 2917 In
397 2879 552 2926 planctu
585 2881 834 2928 congaudeas

997 1311 1032 1348 5.
1080 1308 1199 1354 Quam
1231 1307 1435 1355 despectus
1466 1312 1503 1344 et
1533 1308 1702 1346 abiectus

992 1740 1029 1777 6.

1080 1365 1162 1402 Rex
1194 1364 1384 1401 caelorum
1415 1368 1472 1400 est
1502 1364 1667 1411 effectus,

1137 1421 1190 1460 Ut
1220 1421 1387 1458 salvaret
1418 1422 1632 1469 sacculum,

1080 1477 1253 1515 Esurivit
1283 1482 1320 1514 et
1351 1477 1484 1527 sitivit,

1080 1535 1231 1581 Pauper
1262 1538 1298 1571 et
1331 1544 1470 1581 egenus
1501 1534 1570 1571 ivit

1135 1590 1265 1638 Usque
1290 1591 1340 1628 ad
1372 1590 1597 1638 patibulum.

1078 1736 1296 1776 Recordare
1327 1738 1564 1785 paupertatis

1077 1795 1129 1833 Et
1157 1799 1352 1832 extremae
1384 1795 1542 1832 vilitatis

1133 1851 1185 1889 Et
1214 1851 1340 1899 gravis
1372 1851 1574 1899 supplicii3

1081 1908 1122 1945 Si
1152 1918 1191 1944 es
1224 1918 1376 1955 compos
1409 1908 1581 1957 rationis,

1080 1964 1175 2002 Esto
1206 1975 1349 2002 memor
1381 1964 1582 2012 passionis,

1137 2021 1255 2059 Fellis
1286 2025 1325 2058 et
1353 2021 1557 2068 absynthii.

1083 2169 1176 2206 Cum
1209 2168 1393 2206 deductus
1425 2172 1482 2205 est
1511 2169 1715 2205 immensus

1077 2226 1130 2264 Et
1157 2226 1197 2262 in
1228 2235 1340 2262 cruce
1369 2230 1459 2262 tunc
1489 2234 1710 2273 suspensuS,

1141 2282 1313 2320 Aberant
1345 2281 1546 2329 discipuli,

1084 2339 1235 2383 Manus,
1268 2338 1385 2385 pedes
1418 2336 1668 2376 confoderunt

1082 2396 1133 2433 Et
1163 2399 1271 2432 aceto
1301 2398 1529 2442 potaverunt

1143 2451 1335 2490 Summum
1366 2462 1490 2499 regem
1521 2450 1677 2488 saeculi.

1001 2601 1038 2639 8.
1085 2599 1147 2636 Illi
1179 2599 1278 2636 oculi
1309 2599 1410 2636 beati

1087 2654 1181 2693 Sunt
1211 2656 1247 2693 in
1281 2666 1393 2693 cruce
1423 2655 1616 2693 obscurati

1143 2712 1192 2749 Et
1226 2712 1350 2749 vultus
1381 2712 1587 2759 expalluit3

1087 2767 1162 2806 Suo
1194 2769 1344 2815 corpori
1375 2772 1464 2806 tunc
1494 2769 1595 2807 nudo

1090 2823 1175 2862 Non
1206 2825 1388 2862 remansit
1419 2826 1678 2872 pulchritudo,

1147 2881 1273 2919 Decor
1303 2881 1425 2919 omnis
1453 2881 1589 2922 abfuit.
