1914 3223
765 186 811 190 -
874 163 953 203 267
1015 185 1069 191 -

134 275 361 307 Laurentian.
394 275 504 307 Couv.
541 286 616 317 sup.
650 272 727 306 524.
761 275 802 306 E.
836 293 879 296 —
914 276 1041 317 Hymn.
1075 286 1136 306 ms.
1171 275 1370 307 Veronense
1396 284 1484 306 saec.
1514 271 1564 304 ll.
1613 272 1698 304 Cod.

75 322 77 325 ’
135 320 249 362 Capit.
283 321 455 353 Veronen.
493 318 555 352 109
587 317 679 360 (102)
712 320 747 352 F.
783 338 824 341 —
858 321 987 362 Ilymn.
1019 331 1080 352 1115.
1108 322 1142 352 S.
1169 321 1320 362 Sophiae
1350 321 1581 352 Beneventan.
1608 328 1698 349 saec.

135 363 187 396 11.
237 365 319 398 Cod.
353 366 574 407 Neapolitan.
609 366 657 397 V1
691 365 721 397 E
756 363 811 396 43.
837 366 877 397 G.
902 382 944 387 —
972 367 1071 397 Brev.
1098 377 1159 396 ms.
1186 369 1220 398 s.
1248 365 1412 406 Euty-chii
1439 365 1582 396 Nursini
1608 373 1699 394 saec..

137 408 187 442 11.
246 411 329 443 Cod.
363 411 584 443 Vallicellan.
616 412 642 442 Β
678 409 732 443 79.
770 411 813 441 Η.
846 429 889 432 -
926 412 1054 452 Hymn.
1088 422 1149 442 ms.
1186 411 1347 443 Farfense
1381 420 1470 442 saec.
1508 407 1558 440 ll.
1615 407 1699 441 (jod.

136 457 282 487 Roman.
314 454 376 487 175
401 456 504 494 (Farf.
530 454 573 496 4).
601 457 627 487 1.
653 472 694 477 —-
721 456 863 498 Antiph.
891 460 925 487 et
948 456 1051 488 Grad.
1079 467 1140 487 ms.
1164 457 1380 487 Nivernense
1406 465 1493 487 saec.
1523 452 1574 486 12.
1616 453 1699 485 (jod.

136 501 290 532 Parisin.
317 502 430 534 Nouv.
456 511 530 543 aeq.
559 498 656 533 1235.
683 502 724 533 Κ.
749 518 791 523 --
822 502 908 532 Bibl.
936 501 1138 533 Cluniaeen.
1165 501 1229 532 col.
1256 500 1333 533 ⁴264.
1361 502 1398 532 L.

230 547 302 578 Vor
336 547 403 579 Str.
432 544 447 577 1
483 547 633 578 Martine
659 547 806 578 mundus
832 550 864 578 te
889 547 974 578 colit
999 550 1061 578 etc.
1090 548 1126 578 B.
1153 563 1196 567 —-
1223 547 1289 579 Str.
1319 545 1332 577 1
1362 546 1431 577 und
1457 543 1477 576 2
1502 543 1702 585 umgestellt

141 591 178 623 B.
205 607 247 613 -—
280 590 307 629 1,
333 590 354 623 4
379 592 442 623 Vis
467 595 501 623 et
525 593 612 623 mori
639 593 690 632 H;
717 603 784 623 non
812 594 947 633 respuis
975 591 1060 632 EH3
1088 602 1156 623 non
1182 593 1315 633 respuit
1339 592 1364 622 Ι.
1392 608 1433 612 -
1452 589 1483 627 2,
1502 588 1522 621 2
1540 589 1700 631 praesule

138 635 179 668 Ε.
206 654 248 658 —
281 635 311 673 2.
336 635 357 669 3
397 637 493 677 Auge
520 638 588 678 piis
615 638 655 669 D.
681 655 726 658 ——
749 635 780 669 2.
806 635 827 667 4
852 637 942 668 elide
968 637 1042 668 AD.
1069 655 1109 659 —
1137 635 1167 673 3,
1196 635 1210 668 1
1240 638 1303 669 Cui
1329 641 1380 667 ter
1406 638 1453 675 A;
1481 636 1637 667 eviscera
1663 634 1699 665 F.

138 699 179 702 —
211 680 243 720 3,
276 681 298 713 4
330 683 466 714 iustitia
491 683 529 714 B.
556 699 598 704 —-—
631 680 662 719 4,
687 680 708 714 3
734 682 871 714 hordini
898 683 940 714 D.
966 699 1008 703 —
1043 682 1074 719 5,
1103 681 1116 713 l
1145 683 1312 713 trinitatis
1340 683 1374 713 F.
1401 699 1442 703 —
1470 680 1501 719 5⁷
1524 678 1546 712 4
1572 681 1611 711 In
1637 690 1700 710 nos

135 730 170 758 et
202 729 278 769 ipse
308 728 447 760 roboret.
479 727 668 759 CEFHIK.
704 745 746 748 —
778 728 848 758 Vor
884 726 911 765 1,
944 726 958 758 1
997 729 1134 759 Divisio
1162 727 1204 764 C;
1236 728 1362 759 Divide
1387 728 1432 759 H.
1483 727 1607 757 Dieser
1632 724 1701 755 und

134 772 196 804 der
220 772 504 815 vorhergehende
531 773 690 812 Hymnus
717 773 794 804 sind
820 783 885 804 nur
909 775 1006 805 einer
1031 773 1134 805 AGL.

229 819 352 850 Dieser
385 819 547 859 Hymnus
578 819 625 850 ist
658 818 710 850 als
742 829 811 849 von
845 819 919 851 Odo
955 818 1166 850 herriihrend
1201 818 1308 850 durch
1341 818 1407 850 den
1439 815 1611 849 Umstand
1645 815 1701 847 be-

136 862 315 905 glaubigt,
347 863 423 895 dass
456 874 493 895 er
526 865 589 895 mit
620 864 696 895 dem
728 874 797 895 von
828 863 1009 896 Johannes
1035 865 1194 895 zitierten
1220 866 1255 895 in
1282 863 1394 904 Cluny
1419 873 1462 894 zu
1486 863 1599 894 einem
1627 871 1702 892 ver-

138 908 336 940 schmolzen
368 919 450 940 war.
499 909 549 940 Er
578 910 625 940 ist
657 920 693 941 es
727 909 814 940 auch
849 909 957 941 durch
991 909 1046 941 die
1081 909 1241 951 folgende
1275 909 1382 941 Stelle
1414 909 1470 940 bei
1504 907 1703 943 Udalricus‚

137 954 414 986 Constitutiones
446 954 696 986 Cluniacenses
731 954 753 985 1.
775 962 788 988 1
805 978 812 992 ‚
845 966 873 986 e.
898 952 958 986 43:
997 954 1116 994 „Quod
1148 955 1374 986 festivitatem
1401 964 1427 985 s.
1453 952 1598 984 Martini
1623 962 1701 982 eum

136 1000 270 1031 octavis
310 1000 544 1037 celebramus,
593 999 658 1031 hoc
699 1002 868 1042 processit
908 1010 928 1031 a
970 1001 1080 1040 primo
1121 1000 1188 1031 loci
1230 1001 1338 1031 nostri
1380 999 1507 1031 abbate
1549 998 1702 1039 proprio,

135 1045 328 1076 scilicet
359 1045 541 1076 domino
573 1046 736 1085 Odone,
771 1047 830 1087 qui
863 1046 1015 1077 Turonis
1049 1046 1217 1077 oriundus
1250 1044 1284 1077 S.
1310 1045 1456 1076 Martini
1482 1044 1644 1076 alumnus
1670 1045 1704 1073 et

135 1091 323 1121 canonicus
349 1094 423 1122 erat
447 1090 592 1128 ibidem3
620 1091 710 1122 unde
735 1091 957 1132 antiphonas,
983 1101 1052 1122 uon
1078 1092 1241 1133 antiquas
1264 1090 1325 1122 sed
1342 1100 1461 1127 novas,
1489 1099 1576 1131 quas
1598 1086 1700 1118 modo

136 1134 362 1167 decantamus
395 1137 430 1167 in
466 1135 685 1177 depositione
717 1137 829 1168 sancti
864 1137 1073 1168 confessoris
1112 1140 1146 1167 et
1177 1137 1344 1178 episcopi,
1379 1146 1483 1177 super
1516 1136 1703 1166 nocturnos

136 1181 211 1221 ipse
235 1180 327 1219 fecit,
354 1182 453 1223 ipse
477 1180 700 1222 hymnum,
735 1183 808 1223 ipse
839 1192 988 1224 quoque,
1021 1185 1059 1213 ut
1092 1183 1319 1223 praemissum
1350 1185 1419 1219 est,
1455 1184 1597 1212 octavas
1622 1187 1704 1210 suas

136 1225 264 1257 indixit
289 1249 297 1257 .
323 1249 331 1257 .
357 1226 560 1286 .“Omnibus
586 1226 749 1259 horarum
776 1227 913 1268 hymnis
940 1227 997 1258 hic
1021 1237 1142 1258 versus
1168 1228 1376 1269 apponitur:
1410 1227 1446 1258 M
1457 1227 1597 1258 artine
1626 1233 1704 1265 par

135 1271 386 1313 apostolis„

605 1404 687 1441 201.
725 1405 783 1444 (3.)
816 1406 862 1440 In
888 1406 1020 1441 sancti
1046 1405 1230 1441 Martini.

806 1480 859 1512 Ad
884 1481 1033 1513 Laudes.

155 1581 192 1619 1.
223 1579 404 1628 Martiae,
435 1579 510 1617 iam
543 1580 672 1616 consul
702 1579 794 1626 poli,
971 1581 1009 1618 3.
1042 1579 1268 1628 Complexus
1298 1580 1388 1617 olim
1419 1579 1622 1617 monachos

225 1636 368 1674 Causas
398 1640 620 1684 precantum
649 1635 809 1684 inspice,
1041 1636 1180 1674 Revise
1210 1647 1309 1673 nunc
1337 1636 1427 1673 licet
1457 1647 1555 1683 reos,

224 1693 305 1730 Iam
335 1693 490 1731 intimus
523 1693 647 1730 comes
680 1692 762 1740 Dei,
1040 1692 1092 1730 Et
1122 1693 1238 1730 simus
1267 1693 1306 1730 in
1337 1693 1518 1731 memoria

227 1750 394 1797 Cunctis,
427 1750 527 1797 quod
558 1753 680 1797 egent,
712 1748 852 1788 obtine.
1042 1750 1087 1787 In
1118 1749 1277 1796 speciali
1307 1750 1441 1796 gloria.

157 1854 194 1891 2.
227 1852 281 1889 Te
311 1851 474 1890 mundus
505 1852 625 1889 omnis
655 1852 819 1899 percolit
977 1853 1012 1890 4.
1044 1851 1214 1889 Affectus
1244 1854 1286 1888 ut
1315 1851 1380 1888 ille
1410 1855 1509 1901 tuus,

229 1908 452 1946 Consertum
484 1913 526 1945 ut
555 1908 752 1955 apostolis,
1044 1908 1116 1954 Qui
1146 1919 1220 1945 non
1251 1906 1393 1945 refutat
1424 1907 1484 1945 vel
1515 1917 1643 1955 pecus,

228 1965 340 2003 Hanc
370 1965 490 2002 redde
521 1965 679 2012 singulis
710 1965 844 2010 vicem,
1044 1965 1124 2002 Nos
1155 1965 1322 2011 corrigat
1353 1964 1514 2009 donans⁷
1545 1969 1633 2001 tuae

229 2022 345 2060 Placa
375 2033 481 2059 suum
512 2021 572 2058 his
602 2022 777 2059 iudicem.
1044 2021 1151 2067 Quod
1183 2021 1352 2068 suppetit
1383 2021 1619 2060 clementiae.

563 2127 599 2162 5.
634 2123 691 2161 Sit
720 2124 883 2162 trinitati
914 2124 1049 2172 gloria,

633 2181 823 2218 Martinus
853 2186 894 2218 ut
925 2179 1120 2218 confessus
1152 2184 1221 2230 est,

633 2237 748 2276 Cuius
778 2236 891 2275 fidem
923 2248 994 2284 per
1023 2247 1141 2284 opera

632 2294 701 2342 Qui
733 2305 883 2341 semper
912 2294 951 2331 in
981 2305 1049 2332 nos
1079 2293 1243 2331 roboret.

232 2395 334 2426 Brev.
367 2403 428 2426 ms.
460 2395 607 2426 Maioris
638 2395 846 2426 Monasterii
877 2403 966 2426 saec.
1002 2393 1052 2426 11.
1103 2391 1185 2425 Cod.
1220 2394 1447 2435 Rotomagen.
1484 2390 1560 2425 243.
1591 2394 1632 2425 A.
1663 2410 1707 2413 —

142 2441 244 2472 Brev.
270 2450 331 2472 ms.
358 2440 391 2472 S.
417 2440 576 2472 Mauritii
602 2441 777 2472 Turonen.
803 2441 886 2471 anni
916 2437 1010 2472 1343.
1063 2439 1145 2471 Cod.
1172 2440 1345 2471 Turonen.
1375 2437 1447 2470 145.
1473 2440 1513 2470 B.
1541 2457 1584 2462 —-
1604 2439 1703 2470 Brev.

143 2496 204 2518 ms.
227 2486 450 2528 Lingonense
485 2495 573 2517 saec.
610 2483 660 2517 12.
709 2485 793 2517 Cod.
817 2485 992 2516 Turonen.
1024 2483 1101 2517 807.
1127 2484 1164 2516 C.
1189 2501 1233 2505 ——
1259 2486 1358 2516 Brev.
1384 2494 1446 2516 mS.
1473 2484 1706 2517 Columbense

144 2540 232 2563 saec.
260 2529 312 2563 13.
360 2530 442 2562 Cod.
467 2531 653 2563 Ebroicen.
678 2528 733 2563 31.
760 2531 801 2562 D.
829 2549 871 2553 —
897 2531 998 2562 Brev.
1025 2541 1086 2562 ms.
1112 2530 1147 2562 S.
1172 2530 1268 2561 Petri
1293 2529 1335 2561 de
1361 2530 1507 2562 Cultura
1533 2540 1622 2561 saec.
1653 2525 1704 2559 13.

144 2576 228 2609 Cod.
255 2576 513 2609 Cenomannen.
549 2573 624 2608 188.
655 2576 696 2607 Ε.
731 2593 772 2598 -
804 2576 903 2607 Brev.
930 2586 992 2607 ms.
1019 2576 1163 2607 Lirense
1188 2585 1276 2607 saec.
1307 2572 1358 2606 14.
1406 2575 1490 2607 Cod.
1519 2575 1704 2607 Ebroicen.

146 2618 220 2654 120.
253 2621 290 2653 F.
322 2639 367 2642 —
400 2622 498 2653 Brev.
532 2632 593 2652 ms.
618 2621 822 2652 Turonense
855 2631 944 2652 saec.
974 2619 1023 2652 15.
1073 2620 1155 2652 Cod.
1180 2621 1353 2652 Turonen.
1381 2617 1569 2652 147—148.
1595 2620 1636 2652 G.
1661 2635 1706 2640 —

144 2667 246 2699 Brev.
266 2677 329 2698 ms.
346 2667 549 2698 Turonense
573 2676 662 2698 saec.
684 2665 737 2699 15.
779 2665 861 2697 Cod.
879 2666 1029 2698 Parisin.
1051 2664 1148 2698 1032.
1167 2667 1210 2697 H.
1231 2683 1271 2688 -—-
1289 2666 1390 2697 Brev.
1408 2676 1468 2696 ms.
1488 2665 1704 2697 Benedictin.

147 2722 235 2744 saec.
266 2711 318 2744 15.
366 2711 449 2744 Cod.
474 2712 623 2743 Pax-isin.
659 2709 755 2743 1043.
781 2712 808 2743 I.
834 2728 878 2731 —
903 2712 1001 2743 Brev.
1027 2713 1228 2743 Turonense
1258 2712 1338 2752 imp.
1364 2711 1511 2742 Parisiis
1539 2708 1635 2742 1522.
1663 2711 1705 2742 K.

151 2774 186 2779 —-
216 2756 246 2796 1,
271 2755 292 2789 3
315 2758 438 2789 intime
464 2758 527 2789 HI.
552 2774 596 2778 —
620 2753 652 2795 3,
680 2755 694 2787 1
722 2756 910 2797 Amplexus
937 2757 1007 2788 BG.
1031 2774 1076 2779 —
1102 2759 1170 2788 Str.
1194 2754 1216 2787 3
1240 2756 1326 2787 fehlt
1351 2757 1396 2787 H.

237 2803 363 2835 Dieser
389 2803 550 2843 Hymnus
575 2803 712 2834 erweist
736 2801 809 2833 sich
835 2802 966 2833 meiner
990 2802 1158 2843 Meinung
1180 2802 1270 2833 nach
1295 2801 1347 2833 als
1373 2801 1434 2833 der
1457 2800 1634 2843 gesuchte,
1665 2812 1707 2832 zu

147 2847 214 2880 den
238 2847 364 2880 beiden
387 2847 695 2890 vorhergehenden
718 2846 883 2889 geborige
910 2847 1073 2889 Drssling,
1099 2847 1189 2878 deun
1215 2857 1252 2878 er
1277 2848 1322 2878 ist
1347 2845 1451 2878 ihnen
1476 2846 1611 2878 formell
1636 2846 1705 2878 und

149 2892 332 2925 inhaltlich
369 2893 558 2925 verwandt.
619 2892 788 2924 Formell:
832 2902 869 2923 er
904 2891 998 2923 zahlt
1033 2892 1187 2924 dieselbe
1225 2891 1479 2934 Strophenzahl
1517 2893 1582 2923 wie
1614 2891 1708 2933 jene,
