<?xml version="1.0" encoding="UTF-8"?>
<!DOCTYPE html PUBLIC "-//W3C//DTD XHTML 1.0 Transitional//EN"
    "http://www.w3.org/TR/xhtml1/DTD/xhtml1-transitional.dtd">
<html xmlns="http://www.w3.org/1999/xhtml" xml:lang="en" lang="en">
 <head>
  <title>
</title>
<meta http-equiv="Content-Type" content="text/html;charset=utf-8" />
  <meta name='ocr-system' content='tesseract 3.04.00' />
  <meta name='ocr-capabilities' content='ocr_page ocr_carea ocr_par ocr_line ocrx_word'/>
</head>
<body>
  <div class='ocr_page' id='page_1' title='image "./hymnographilatin01drevuoft_0484.png"; bbox 0 0 2031 3289; ppageno 0'>
   <div class='ocr_carea' id='block_1_1' title="bbox 4 1987 25 2031">
    <p class='ocr_par' dir='ltr' id='par_1_1' title="bbox 4 1987 25 2031">
     <span class='ocr_line' id='line_1_1' title="bbox 4 1987 25 2031; baseline 0 -10"><span class='ocrx_word' id='word_1_1' title='bbox 4 1987 25 2031; x_wconf 48' lang='lat' dir='ltr'>of</span> 
     </span>
    </p>
   </div>
   <div class='ocr_carea' id='block_1_2' title="bbox 0 2137 25 2309">
    <p class='ocr_par' dir='ltr' id='par_1_2' title="bbox 0 2137 25 2309">
     <span class='ocr_line' id='line_1_2' title="bbox 2 2137 25 2230; baseline 0 0"><span class='ocrx_word' id='word_1_2' title='bbox 2 2137 25 2230; x_wconf 57' lang='grc' dir='ltr'>ἐξ</span> 
     </span>
     <span class='ocr_line' id='line_1_3' title="bbox 0 2236 25 2309; baseline 0 0"><span class='ocrx_word' id='word_1_3' title='bbox 0 2236 25 2309; x_wconf 71' lang='lat'>1-2</span> 
     </span>
    </p>
   </div>
   <div class='ocr_carea' id='block_1_3' title="bbox 14 2414 25 2549">
    <p class='ocr_par' dir='ltr' id='par_1_3' title="bbox 14 2414 25 2549">
     <span class='ocr_line' id='line_1_4' title="bbox 14 2414 25 2549; textangle 90"><span class='ocrx_word' id='word_1_4' title='bbox 20 2539 25 2549; x_wconf 90' lang='lat'>.-</span> <span class='ocrx_word' id='word_1_5' title='bbox 14 2439 25 2525; x_wconf 45' lang='grc' dir='ltr'><em>,η’-ο</em></span> <span class='ocrx_word' id='word_1_6' title='bbox 18 2414 22 2424; x_wconf 82' lang='lat'>-</span> 
     </span>
    </p>
   </div>
   <div class='ocr_carea' id='block_1_4' title="bbox 0 2223 19 2667">
    <p class='ocr_par' dir='ltr' id='par_1_4' title="bbox 0 2223 19 2667">
     <span class='ocr_line' id='line_1_5' title="bbox 0 2223 19 2667; textangle 90"><span class='ocrx_word' id='word_1_7' title='bbox 0 2437 13 2667; x_wconf 42' lang='lat' dir='ltr'>-www2</span> <span class='ocrx_word' id='word_1_8' title='bbox 7 2411 9 2413; x_wconf 97' lang='lat'>.</span> <span class='ocrx_word' id='word_1_9' title='bbox 0 2351 19 2386; x_wconf 62' lang='lat'>„⁵¹</span> <span class='ocrx_word' id='word_1_10' title='bbox 0 2294 6 2313; x_wconf 81' lang='lat'>-</span> <span class='ocrx_word' id='word_1_11' title='bbox 4 2223 15 2261; x_wconf 56' lang='lat'>„¹-</span> 
     </span>
    </p>
   </div>
   <div class='ocr_carea' id='block_1_5' title="bbox 16 2559 27 2744">
    <p class='ocr_par' dir='ltr' id='par_1_5' title="bbox 16 2559 27 2744">
     <span class='ocr_line' id='line_1_6' title="bbox 16 2559 27 2744; textangle 90"><span class='ocrx_word' id='word_1_12' title='bbox 16 2689 27 2744; x_wconf 63' lang='grc' dir='ltr'>...ρ</span> <span class='ocrx_word' id='word_1_13' title='bbox 18 2635 27 2676; x_wconf 53' lang='grc' dir='ltr'>,ψ</span> <span class='ocrx_word' id='word_1_14' title='bbox 20 2592 26 2623; x_wconf 51' lang='lat'>--.</span> <span class='ocrx_word' id='word_1_15' title='bbox 19 2559 25 2580; x_wconf 49' lang='grc' dir='ltr'>ι·</span> 
     </span>
    </p>
   </div>
   <div class='ocr_carea' id='block_1_6' title="bbox 0 2957 28 3173">
    <p class='ocr_par' dir='ltr' id='par_1_6' title="bbox 0 2957 28 3173">
     <span class='ocr_line' id='line_1_7' title="bbox 0 2957 28 3173; textangle 90"><span class='ocrx_word' id='word_1_16' title='bbox 0 2957 28 3173; x_wconf 46' lang='lat' dir='ltr'>neem.</span> 
     </span>
    </p>
   </div>
   <div class='ocr_carea' id='block_1_7' title="bbox 0 3170 32 3289">
    <p class='ocr_par' dir='ltr' id='par_1_7' title="bbox 0 3170 32 3289">
     <span class='ocr_line' id='line_1_8' title="bbox 0 3186 32 3289; textangle 90"><span class='ocrx_word' id='word_1_17' title='bbox 0 3186 32 3289; x_wconf 57' lang='lat' dir='ltr'>w·-</span> 
     </span>
     <span class='ocr_line' id='line_1_9' title="bbox 20 3170 27 3181; textangle 90"><span class='ocrx_word' id='word_1_18' title='bbox 20 3170 27 3181; x_wconf 92' lang='lat'>.</span> 
     </span>
    </p>
   </div>
   <div class='ocr_carea' id='block_1_8' title="bbox 0 0 44 1523">
    <p class='ocr_par' dir='ltr' id='par_1_8' title="bbox 0 0 44 1523">
     <span class='ocr_line' id='line_1_10' title="bbox 0 0 44 1523; baseline 0 0"><span class='ocrx_word' id='word_1_19' title='bbox 0 0 44 1523; x_wconf 95' lang='lat' dir='ltr'> </span> 
     </span>
    </p>
   </div>
   <div class='ocr_carea' id='block_1_9' title="bbox 998 177 1308 218">
    <p class='ocr_par' dir='ltr' id='par_1_9' title="bbox 998 177 1308 218">
     <span class='ocr_line' id='line_1_11' title="bbox 998 177 1308 218; baseline -0.003 -1"><span class='ocrx_word' id='word_1_20' title='bbox 998 177 1308 218; x_wconf 84' lang='lat'>-478—</span> 
     </span>
    </p>
   </div>
   <div class='ocr_carea' id='block_1_10' title="bbox 385 289 1021 338">
    <p class='ocr_par' dir='ltr' id='par_1_10' title="bbox 385 289 1021 338">
     <span class='ocr_line' id='line_1_12' title="bbox 385 289 1021 338; baseline -0.003 -10"><span class='ocrx_word' id='word_1_21' title='bbox 385 294 421 328; x_wconf 83' lang='grc'>5.</span> <span class='ocrx_word' id='word_1_22' title='bbox 455 289 584 336; x_wconf 86' lang='lat' dir='ltr'><strong>Fides,</strong></span> <span class='ocrx_word' id='word_1_23' title='bbox 617 300 717 338; x_wconf 77' lang='lat' dir='ltr'>spes,</span> <span class='ocrx_word' id='word_1_24' title='bbox 748 300 854 327; x_wconf 86' lang='lat' dir='ltr'>mera</span> <span class='ocrx_word' id='word_1_25' title='bbox 883 290 1021 327; x_wconf 83' lang='lat' dir='ltr'>caritas</span> 
     </span>
    </p>
   </div>
   <div class='ocr_carea' id='block_1_11' title="bbox 455 345 1117 394">
    <p class='ocr_par' dir='ltr' id='par_1_11' title="bbox 455 345 1117 394">
     <span class='ocr_line' id='line_1_13' title="bbox 455 345 1117 394; baseline -0.002 -11"><span class='ocrx_word' id='word_1_26' title='bbox 455 345 649 383; x_wconf 83' lang='lat' dir='ltr'>Clamant:</span> <span class='ocrx_word' id='word_1_27' title='bbox 683 347 782 394; x_wconf 79' lang='lat' dir='ltr'>Iesu,</span> <span class='ocrx_word' id='word_1_28' title='bbox 810 357 883 392; x_wconf 89' lang='lat' dir='ltr'>quo</span> <span class='ocrx_word' id='word_1_29' title='bbox 904 345 1117 393; x_wconf 73' lang='lat' dir='ltr'>properas?</span> 
     </span>
    </p>
   </div>
   <div class='ocr_carea' id='block_1_12' title="bbox 455 401 970 506">
    <p class='ocr_par' dir='ltr' id='par_1_12' title="bbox 455 401 970 506">
     <span class='ocr_line' id='line_1_14' title="bbox 455 401 931 451; baseline -0.002 -12"><span class='ocrx_word' id='word_1_30' title='bbox 455 402 640 451; x_wconf 84' lang='lat' dir='ltr'>Rabboni,</span> <span class='ocrx_word' id='word_1_31' title='bbox 672 402 738 439; x_wconf 90' lang='lat' dir='ltr'>ubi</span> <span class='ocrx_word' id='word_1_32' title='bbox 769 401 931 451; x_wconf 82' lang='lat' dir='ltr'>habitas,</span> 
     </span>
     <span class='ocr_line' id='line_1_15' title="bbox 455 458 970 506; baseline -0.002 -10"><span class='ocrx_word' id='word_1_33' title='bbox 455 458 532 496; x_wconf 87' lang='lat' dir='ltr'>Cur</span> <span class='ocrx_word' id='word_1_34' title='bbox 562 459 619 495; x_wconf 92' lang='lat' dir='ltr'>ire</span> <span class='ocrx_word' id='word_1_35' title='bbox 648 459 758 506; x_wconf 89' lang='lat' dir='ltr'>longe</span> <span class='ocrx_word' id='word_1_36' title='bbox 788 458 970 496; x_wconf 83' lang='lat' dir='ltr'>simulas?</span> 
     </span>
    </p>
   </div>
   <div class='ocr_carea' id='block_1_13' title="bbox 385 571 1005 788">
    <p class='ocr_par' dir='ltr' id='par_1_13' title="bbox 385 571 1005 788">
     <span class='ocr_line' id='line_1_16' title="bbox 385 571 963 609; baseline 0.002 -1"><span class='ocrx_word' id='word_1_37' title='bbox 385 572 423 609; x_wconf 77' lang='lat'>6.</span> <span class='ocrx_word' id='word_1_38' title='bbox 460 571 514 607; x_wconf 85' lang='lat' dir='ltr'>De</span> <span class='ocrx_word' id='word_1_39' title='bbox 545 581 630 607; x_wconf 89' lang='lat' dir='ltr'>mea</span> <span class='ocrx_word' id='word_1_40' title='bbox 659 582 759 608; x_wconf 87' lang='lat' dir='ltr'>nunc</span> <span class='ocrx_word' id='word_1_41' title='bbox 789 571 963 609; x_wconf 82' lang='lat' dir='ltr'>absentia</span> 
     </span>
     <span class='ocr_line' id='line_1_17' title="bbox 456 626 897 674; baseline 0.005 -11"><span class='ocrx_word' id='word_1_42' title='bbox 456 627 543 663; x_wconf 89' lang='lat' dir='ltr'>Noli</span> <span class='ocrx_word' id='word_1_43' title='bbox 573 626 677 673; x_wconf 85' lang='lat' dir='ltr'>flere,</span> <span class='ocrx_word' id='word_1_44' title='bbox 706 638 728 664; x_wconf 95' lang='lat' dir='ltr'>o</span> <span class='ocrx_word' id='word_1_45' title='bbox 760 627 897 674; x_wconf 83' lang='lat' dir='ltr'>anima,</span> 
     </span>
     <span class='ocr_line' id='line_1_18' title="bbox 456 682 821 733; baseline 0.005 -14"><span class='ocrx_word' id='word_1_46' title='bbox 456 683 512 719; x_wconf 93' lang='lat' dir='ltr'>Ibi</span> <span class='ocrx_word' id='word_1_47' title='bbox 542 682 615 730; x_wconf 87' lang='lat' dir='ltr'>fige</span> <span class='ocrx_word' id='word_1_48' title='bbox 645 684 821 733; x_wconf 86' lang='lat' dir='ltr'>suspiria,</span> 
     </span>
     <span class='ocr_line' id='line_1_19' title="bbox 454 740 1005 788; baseline 0.002 -12"><span class='ocrx_word' id='word_1_49' title='bbox 454 741 534 786; x_wconf 85' lang='lat' dir='ltr'>Quo</span> <span class='ocrx_word' id='word_1_50' title='bbox 564 740 767 788; x_wconf 78' lang='lat' dir='ltr'>praecedo,</span> <span class='ocrx_word' id='word_1_51' title='bbox 799 741 838 777; x_wconf 92' lang='lat' dir='ltr'>in</span> <span class='ocrx_word' id='word_1_52' title='bbox 868 741 1005 787; x_wconf 86' lang='lat' dir='ltr'>patria.</span> 
     </span>
    </p>
   </div>
   <div class='ocr_carea' id='block_1_14' title="bbox 1205 289 1700 330">
    <p class='ocr_par' dir='ltr' id='par_1_14' title="bbox 1205 289 1700 330">
     <span class='ocr_line' id='line_1_20' title="bbox 1205 289 1700 330; baseline 0.002 -4"><span class='ocrx_word' id='word_1_53' title='bbox 1205 289 1241 327; x_wconf 84' lang='lat'>7.</span> <span class='ocrx_word' id='word_1_54' title='bbox 1274 290 1498 330; x_wconf 84' lang='lat' dir='ltr'>consoletur</span> <span class='ocrx_word' id='word_1_55' title='bbox 1528 291 1700 328; x_wconf 83' lang='lat' dir='ltr'><strong>exsilium</strong></span> 
     </span>
    </p>
   </div>
   <div class='ocr_carea' id='block_1_15' title="bbox 1273 346 1868 506">
    <p class='ocr_par' dir='ltr' id='par_1_15' title="bbox 1273 346 1868 506">
     <span class='ocr_line' id='line_1_21' title="bbox 1273 346 1709 394; baseline -0.005 -9"><span class='ocrx_word' id='word_1_56' title='bbox 1273 346 1429 385; x_wconf 86' lang='lat' dir='ltr'>Gratiae</span> <span class='ocrx_word' id='word_1_57' title='bbox 1459 347 1709 394; x_wconf 74' lang='lat' dir='ltr'>stillicidium,</span> 
     </span>
     <span class='ocr_line' id='line_1_22' title="bbox 1273 403 1868 450; baseline -0.002 -10"><span class='ocrx_word' id='word_1_58' title='bbox 1273 404 1452 440; x_wconf 83' lang='lat' dir='ltr'>Fratrum</span> <span class='ocrx_word' id='word_1_59' title='bbox 1482 414 1628 450; x_wconf 91' lang='lat' dir='ltr'>quoque</span> <span class='ocrx_word' id='word_1_60' title='bbox 1657 403 1868 440; x_wconf 85' lang='lat' dir='ltr'>subsidium</span> 
     </span>
     <span class='ocr_line' id='line_1_23' title="bbox 1273 460 1818 506; baseline 0 -9"><span class='ocrx_word' id='word_1_61' title='bbox 1273 462 1330 497; x_wconf 88' lang='lat' dir='ltr'>Ac</span> <span class='ocrx_word' id='word_1_62' title='bbox 1358 460 1481 496; x_wconf 84' lang='lat' dir='ltr'>luctus</span> <span class='ocrx_word' id='word_1_63' title='bbox 1512 460 1567 496; x_wconf 88' lang='lat' dir='ltr'>tui</span> <span class='ocrx_word' id='word_1_64' title='bbox 1595 460 1818 506; x_wconf 87' lang='lat' dir='ltr'>praemium.</span> 
     </span>
    </p>
   </div>
   <div class='ocr_carea' id='block_1_16' title="bbox 1231 573 1889 619">
    <p class='ocr_par' dir='ltr' id='par_1_16' title="bbox 1231 573 1889 619">
     <span class='ocr_line' id='line_1_24' title="bbox 1231 573 1889 619; baseline -0.003 -9"><span class='ocrx_word' id='word_1_65' title='bbox 1231 604 1239 613; x_wconf 90' lang='lat'>.</span> <span class='ocrx_word' id='word_1_66' title='bbox 1273 573 1337 610; x_wconf 92' lang='lat' dir='ltr'>Ad</span> <span class='ocrx_word' id='word_1_67' title='bbox 1369 577 1516 619; x_wconf 85' lang='lat' dir='ltr'>patrem</span> <span class='ocrx_word' id='word_1_68' title='bbox 1547 583 1696 609; x_wconf 87' lang='lat' dir='ltr'>sursum</span> <span class='ocrx_word' id='word_1_69' title='bbox 1726 574 1889 614; x_wconf 82' lang='lat' dir='ltr'>transeo,</span> 
     </span>
    </p>
   </div>
   <div class='ocr_carea' id='block_1_17' title="bbox 1272 628 1792 787">
    <p class='ocr_par' dir='ltr' id='par_1_17' title="bbox 1272 628 1792 787">
     <span class='ocr_line' id='line_1_25' title="bbox 1272 628 1755 675; baseline -0.002 -9"><span class='ocrx_word' id='word_1_70' title='bbox 1272 629 1326 667; x_wconf 86' lang='lat' dir='ltr'>Ut</span> <span class='ocrx_word' id='word_1_71' title='bbox 1354 629 1393 666; x_wconf 91' lang='lat' dir='ltr'>in</span> <span class='ocrx_word' id='word_1_72' title='bbox 1423 629 1538 666; x_wconf 90' lang='lat' dir='ltr'>misso</span> <span class='ocrx_word' id='word_1_73' title='bbox 1569 628 1755 675; x_wconf 82' lang='lat' dir='ltr'>paraclito</span> 
     </span>
     <span class='ocr_line' id='line_1_26' title="bbox 1273 683 1715 733; baseline 0 -12"><span class='ocrx_word' id='word_1_74' title='bbox 1273 685 1454 722; x_wconf 85' lang='lat' dir='ltr'>Exsultes</span> <span class='ocrx_word' id='word_1_75' title='bbox 1487 689 1525 721; x_wconf 88' lang='lat' dir='ltr'>et</span> <span class='ocrx_word' id='word_1_76' title='bbox 1554 685 1593 722; x_wconf 93' lang='lat' dir='ltr'>in</span> <span class='ocrx_word' id='word_1_77' title='bbox 1622 683 1715 733; x_wconf 90' lang='lat' dir='ltr'>filio,</span> 
     </span>
     <span class='ocr_line' id='line_1_27' title="bbox 1273 741 1792 787; baseline 0.002 -9"><span class='ocrx_word' id='word_1_78' title='bbox 1273 741 1462 787; x_wconf 82' lang='lat' dir='ltr'>Quamdiu</span> <span class='ocrx_word' id='word_1_79' title='bbox 1491 752 1530 778; x_wconf 89' lang='lat' dir='ltr'>es</span> <span class='ocrx_word' id='word_1_80' title='bbox 1560 741 1599 777; x_wconf 92' lang='lat' dir='ltr'>in</span> <span class='ocrx_word' id='word_1_81' title='bbox 1629 741 1792 779; x_wconf 83' lang='lat' dir='ltr'>saeculo.</span> 
     </span>
    </p>
   </div>
   <div class='ocr_carea' id='block_1_18' title="bbox 370 834 1937 1109">
    <p class='ocr_par' dir='ltr' id='par_1_18' title="bbox 370 834 1937 1109">
     <span class='ocr_line' id='line_1_28' title="bbox 461 834 1935 880; baseline 0 -9"><span class='ocrx_word' id='word_1_82' title='bbox 461 838 560 871; x_wconf 77' lang='lat' dir='ltr'>Cant.</span> <span class='ocrx_word' id='word_1_83' title='bbox 593 850 654 870; x_wconf 77' lang='lat' dir='ltr'>ms,</span> <span class='ocrx_word' id='word_1_84' title='bbox 689 840 881 872; x_wconf 82' lang='lat' dir='ltr'>Zwollense</span> <span class='ocrx_word' id='word_1_85' title='bbox 916 834 1092 873; x_wconf 81' lang='lat' dir='ltr'>saee.&#39;15.</span> <span class='ocrx_word' id='word_1_86' title='bbox 1148 841 1231 873; x_wconf 86' lang='lat' dir='ltr'>Cod.</span> <span class='ocrx_word' id='word_1_87' title='bbox 1266 842 1430 873; x_wconf 80' lang='lat' dir='ltr'>Zwollen.</span> <span class='ocrx_word' id='word_1_88' title='bbox 1454 840 1836 880; x_wconf 79' lang='lat' dir='ltr'>(Emmanuelshuizen)</span> <span class='ocrx_word' id='word_1_89' title='bbox 1857 838 1935 873; x_wconf 80' lang='lat'>434.</span> 
     </span>
     <span class='ocr_line' id='line_1_29' title="bbox 370 883 1936 919; baseline 0 -3"><span class='ocrx_word' id='word_1_90' title='bbox 370 885 410 916; x_wconf 83' lang='lat' dir='ltr'>A.</span> <span class='ocrx_word' id='word_1_91' title='bbox 443 902 486 905; x_wconf 93' lang='lat'>——</span> <span class='ocrx_word' id='word_1_92' title='bbox 522 884 617 916; x_wconf 83' lang='lat' dir='ltr'>Orat.</span> <span class='ocrx_word' id='word_1_93' title='bbox 649 896 710 916; x_wconf 56' lang='grc' dir='ltr'>ηις.</span> <span class='ocrx_word' id='word_1_94' title='bbox 744 886 949 918; x_wconf 84' lang='lat' dir='ltr'>Carthusiae</span> <span class='ocrx_word' id='word_1_95' title='bbox 981 887 1161 918; x_wconf 90' lang='lat' dir='ltr'>Colonien.</span> <span class='ocrx_word' id='word_1_96' title='bbox 1197 897 1286 919; x_wconf 87' lang='lat' dir='ltr'>saec.</span> <span class='ocrx_word' id='word_1_97' title='bbox 1322 885 1373 918; x_wconf 84' lang='lat'>15.</span> <span class='ocrx_word' id='word_1_98' title='bbox 1426 887 1510 919; x_wconf 90' lang='lat' dir='ltr'>Cod.</span> <span class='ocrx_word' id='word_1_99' title='bbox 1537 887 1719 918; x_wconf 84' lang='lat' dir='ltr'>Colonien.</span> <span class='ocrx_word' id='word_1_100' title='bbox 1747 883 1800 917; x_wconf 79' lang='lat'>28.</span> <span class='ocrx_word' id='word_1_101' title='bbox 1831 886 1867 916; x_wconf 84' lang='grc' dir='ltr'>Β.</span> <span class='ocrx_word' id='word_1_102' title='bbox 1891 904 1936 909; x_wconf 87' lang='grc'>-</span> 
     </span>
     <span class='ocr_line' id='line_1_30' title="bbox 370 929 1937 974; baseline 0.001 -13"><span class='ocrx_word' id='word_1_103' title='bbox 370 930 486 971; x_wconf 77' lang='lat' dir='ltr'>Opera</span> <span class='ocrx_word' id='word_1_104' title='bbox 511 934 545 961; x_wconf 81' lang='lat' dir='ltr'>et.</span> <span class='ocrx_word' id='word_1_105' title='bbox 569 931 652 961; x_wconf 80' lang='lat' dir='ltr'>libri</span> <span class='ocrx_word' id='word_1_106' title='bbox 678 932 772 962; x_wconf 72' lang='lat' dir='ltr'>vitae</span> <span class='ocrx_word' id='word_1_107' title='bbox 789 930 943 963; x_wconf 85' lang='lat' dir='ltr'>Thomae</span> <span class='ocrx_word' id='word_1_108' title='bbox 967 932 1009 963; x_wconf 87' lang='lat' dir='ltr'>de</span> <span class='ocrx_word' id='word_1_109' title='bbox 1026 932 1170 973; x_wconf 87' lang='lat' dir='ltr'>Kempis</span> <span class='ocrx_word' id='word_1_110' title='bbox 1196 933 1278 973; x_wconf 89' lang='lat' dir='ltr'>imp.</span> <span class='ocrx_word' id='word_1_111' title='bbox 1295 933 1547 974; x_wconf 85' lang='lat' dir='ltr'>Norimbergae</span> <span class='ocrx_word' id='word_1_112' title='bbox 1575 929 1671 963; x_wconf 89' lang='lat'>1494.</span> <span class='ocrx_word' id='word_1_113' title='bbox 1690 931 1727 963; x_wconf 90' lang='lat' dir='ltr'>C.</span> <span class='ocrx_word' id='word_1_114' title='bbox 1753 948 1796 952; x_wconf 96' lang='lat'>—</span> <span class='ocrx_word' id='word_1_115' title='bbox 1821 931 1937 972; x_wconf 85' lang='lat' dir='ltr'><strong>Opera</strong></span> 
     </span>
     <span class='ocr_line' id='line_1_31' title="bbox 370 975 1936 1019; baseline 0.002 -14"><span class='ocrx_word' id='word_1_116' title='bbox 370 975 525 1006; x_wconf 84' lang='lat' dir='ltr'>Thomae</span> <span class='ocrx_word' id='word_1_117' title='bbox 560 986 579 1006; x_wconf 87' lang='lat' dir='ltr'>a</span> <span class='ocrx_word' id='word_1_118' title='bbox 607 975 756 1017; x_wconf 81' lang='lat' dir='ltr'>Campis.</span> <span class='ocrx_word' id='word_1_119' title='bbox 786 976 935 1008; x_wconf 86' lang='lat' dir='ltr'>Parisiis</span> <span class='ocrx_word' id='word_1_120' title='bbox 968 975 1066 1008; x_wconf 86' lang='lat'>1549.</span> <span class='ocrx_word' id='word_1_121' title='bbox 1092 978 1135 1008; x_wconf 92' lang='lat' dir='ltr'>D.</span> <span class='ocrx_word' id='word_1_122' title='bbox 1159 994 1205 999; x_wconf 96' lang='lat'>—</span> <span class='ocrx_word' id='word_1_123' title='bbox 1229 977 1344 1019; x_wconf 87' lang='lat' dir='ltr'><strong>Opera</strong></span> <span class='ocrx_word' id='word_1_124' title='bbox 1368 977 1524 1009; x_wconf 84' lang='lat' dir='ltr'>Thomae</span> <span class='ocrx_word' id='word_1_125' title='bbox 1549 987 1570 1008; x_wconf 90' lang='lat' dir='ltr'>a</span> <span class='ocrx_word' id='word_1_126' title='bbox 1594 977 1746 1017; x_wconf 79' lang='lat' dir='ltr'>Campis.</span> <span class='ocrx_word' id='word_1_127' title='bbox 1772 976 1936 1018; x_wconf 85' lang='lat' dir='ltr'>Dilingae</span> 
     </span>
     <span class='ocr_line' id='line_1_32' title="bbox 372 1018 1935 1064; baseline 0.001 -14"><span class='ocrx_word' id='word_1_128' title='bbox 372 1018 470 1052; x_wconf 78' lang='lat'>1567.</span> <span class='ocrx_word' id='word_1_129' title='bbox 501 1021 543 1051; x_wconf 90' lang='lat' dir='ltr'>E.</span> <span class='ocrx_word' id='word_1_130' title='bbox 574 1038 618 1041; x_wconf 97' lang='lat'><strong>—</strong></span> <span class='ocrx_word' id='word_1_131' title='bbox 650 1019 764 1062; x_wconf 81' lang='lat' dir='ltr'>Opera</span> <span class='ocrx_word' id='word_1_132' title='bbox 796 1021 950 1054; x_wconf 84' lang='lat' dir='ltr'>Thomae</span> <span class='ocrx_word' id='word_1_133' title='bbox 978 1031 1000 1053; x_wconf 82' lang='lat' dir='ltr'>a</span> <span class='ocrx_word' id='word_1_134' title='bbox 1021 1023 1165 1064; x_wconf 89' lang='lat' dir='ltr'>Kempis</span> <span class='ocrx_word' id='word_1_135' title='bbox 1192 1022 1244 1054; x_wconf 88' lang='lat' dir='ltr'>ed.</span> <span class='ocrx_word' id='word_1_136' title='bbox 1270 1024 1315 1054; x_wconf 89' lang='lat' dir='ltr'>H.</span> <span class='ocrx_word' id='word_1_137' title='bbox 1341 1023 1564 1054; x_wconf 79' lang='lat' dir='ltr'>Sommalius.</span> <span class='ocrx_word' id='word_1_138' title='bbox 1590 1023 1812 1063; x_wconf 79' lang='lat' dir='ltr'>Antwerpiae</span> <span class='ocrx_word' id='word_1_139' title='bbox 1840 1018 1935 1053; x_wconf 88' lang='lat'>1601.</span> 
     </span>
     <span class='ocr_line' id='line_1_33' title="bbox 371 1065 1936 1109; baseline 0.001 -12"><span class='ocrx_word' id='word_1_140' title='bbox 371 1066 408 1097; x_wconf 87' lang='lat' dir='ltr'>F.</span> <span class='ocrx_word' id='word_1_141' title='bbox 435 1084 477 1088; x_wconf 79' lang='lat'>—</span> <span class='ocrx_word' id='word_1_142' title='bbox 502 1065 657 1097; x_wconf 88' lang='lat' dir='ltr'>Thomae</span> <span class='ocrx_word' id='word_1_143' title='bbox 674 1067 833 1099; x_wconf 83' lang='lat' dir='ltr'>Malleoli</span> <span class='ocrx_word' id='word_1_144' title='bbox 853 1067 894 1099; x_wconf 89' lang='lat' dir='ltr'>de</span> <span class='ocrx_word' id='word_1_145' title='bbox 912 1067 1056 1109; x_wconf 89' lang='lat' dir='ltr'>Kempis</span> <span class='ocrx_word' id='word_1_146' title='bbox 1075 1068 1189 1109; x_wconf 88' lang='lat' dir='ltr'>Opera</span> <span class='ocrx_word' id='word_1_147' title='bbox 1206 1070 1323 1099; x_wconf 85' lang='lat' dir='ltr'>omnia</span> <span class='ocrx_word' id='word_1_148' title='bbox 1340 1068 1391 1099; x_wconf 88' lang='lat' dir='ltr'>ed.</span> <span class='ocrx_word' id='word_1_149' title='bbox 1411 1069 1456 1099; x_wconf 87' lang='lat' dir='ltr'>H.</span> <span class='ocrx_word' id='word_1_150' title='bbox 1475 1067 1697 1100; x_wconf 84' lang='lat' dir='ltr'>Sommalius.</span> <span class='ocrx_word' id='word_1_151' title='bbox 1715 1067 1936 1108; x_wconf 81' lang='lat' dir='ltr'>Antwerpiae</span> 
     </span>
    </p>
   </div>
   <div class='ocr_carea' id='block_1_19' title="bbox 374 1108 708 1144">
    <p class='ocr_par' dir='ltr' id='par_1_19' title="bbox 374 1108 708 1144">
     <span class='ocr_line' id='line_1_34' title="bbox 374 1108 708 1144; baseline 0.003 -2"><span class='ocrx_word' id='word_1_152' title='bbox 374 1108 470 1142; x_wconf 81' lang='lat'>1607.</span> <span class='ocrx_word' id='word_1_153' title='bbox 495 1112 540 1144; x_wconf 82' lang='grc'><strong>11,</strong></span> <span class='ocrx_word' id='word_1_154' title='bbox 566 1108 642 1142; x_wconf 81' lang='lat'>593.</span> <span class='ocrx_word' id='word_1_155' title='bbox 667 1112 708 1143; x_wconf 88' lang='lat' dir='ltr'>G.</span> 
     </span>
    </p>
   </div>
   <div class='ocr_carea' id='block_1_20' title="bbox 368 1154 1935 1335">
    <p class='ocr_par' dir='ltr' id='par_1_20' title="bbox 368 1154 1935 1335">
     <span class='ocr_line' id='line_1_35' title="bbox 465 1154 1933 1200; baseline 0.001 -14"><span class='ocrx_word' id='word_1_156' title='bbox 465 1154 492 1193; x_wconf 80' lang='lat'>1,</span> <span class='ocrx_word' id='word_1_157' title='bbox 518 1156 540 1187; x_wconf 87' lang='lat'>4</span> <span class='ocrx_word' id='word_1_158' title='bbox 565 1156 724 1187; x_wconf 83' lang='lat' dir='ltr'>Exultati</span> <span class='ocrx_word' id='word_1_159' title='bbox 750 1157 789 1188; x_wconf 88' lang='lat' dir='ltr'>A.</span> <span class='ocrx_word' id='word_1_160' title='bbox 818 1177 856 1180; x_wconf 88' lang='lat'>—-</span> <span class='ocrx_word' id='word_1_161' title='bbox 883 1155 915 1195; x_wconf 83' lang='lat'>2,</span> <span class='ocrx_word' id='word_1_162' title='bbox 944 1155 964 1189; x_wconf 79' lang='grc'><strong>3</strong></span> <span class='ocrx_word' id='word_1_163' title='bbox 988 1158 1071 1199; x_wconf 89' lang='lat' dir='ltr'>quid</span> <span class='ocrx_word' id='word_1_164' title='bbox 1097 1159 1167 1189; x_wconf 89' lang='lat' dir='ltr'>AB.</span> <span class='ocrx_word' id='word_1_165' title='bbox 1186 1175 1228 1179; x_wconf 96' lang='lat'><strong>—</strong></span> <span class='ocrx_word' id='word_1_166' title='bbox 1246 1156 1276 1197; x_wconf 81' lang='lat'>3,</span> <span class='ocrx_word' id='word_1_167' title='bbox 1301 1157 1323 1189; x_wconf 89' lang='lat'>4</span> <span class='ocrx_word' id='word_1_168' title='bbox 1349 1159 1565 1200; x_wconf 80' lang='lat' dir='ltr'>Languentis</span> <span class='ocrx_word' id='word_1_169' title='bbox 1592 1159 1666 1194; x_wconf 84' lang='lat' dir='ltr'>AB;</span> <span class='ocrx_word' id='word_1_170' title='bbox 1692 1158 1765 1188; x_wconf 86' lang='lat' dir='ltr'>eius</span> <span class='ocrx_word' id='word_1_171' title='bbox 1791 1156 1933 1189; x_wconf 89' lang='lat' dir='ltr'>vulnere</span> 
     </span>
     <span class='ocr_line' id='line_1_36' title="bbox 370 1200 1933 1243; baseline 0 -10"><span class='ocrx_word' id='word_1_172' title='bbox 370 1202 408 1233; x_wconf 90' lang='lat' dir='ltr'>B.</span> <span class='ocrx_word' id='word_1_173' title='bbox 435 1218 472 1224; x_wconf 88' lang='lat'><em>—</em></span> <span class='ocrx_word' id='word_1_174' title='bbox 502 1200 540 1238; x_wconf 78' lang='lat'>4,</span> <span class='ocrx_word' id='word_1_175' title='bbox 573 1200 593 1231; x_wconf 75' lang='lat'>3</span> <span class='ocrx_word' id='word_1_176' title='bbox 619 1203 682 1233; x_wconf 72' lang='lat' dir='ltr'>sub</span> <span class='ocrx_word' id='word_1_177' title='bbox 709 1212 769 1243; x_wconf 91' lang='lat' dir='ltr'>spe</span> <span class='ocrx_word' id='word_1_178' title='bbox 794 1202 836 1234; x_wconf 89' lang='grc' dir='ltr'>Ε.</span> <span class='ocrx_word' id='word_1_179' title='bbox 865 1220 906 1225; x_wconf 84' lang='lat'>-—</span> <span class='ocrx_word' id='word_1_180' title='bbox 932 1202 971 1241; x_wconf 84' lang='lat'>4,</span> <span class='ocrx_word' id='word_1_181' title='bbox 1001 1202 1024 1234; x_wconf 91' lang='lat'>4</span> <span class='ocrx_word' id='word_1_182' title='bbox 1048 1202 1233 1235; x_wconf 82' lang='lat' dir='ltr'>Occlusurn</span> <span class='ocrx_word' id='word_1_183' title='bbox 1259 1204 1344 1234; x_wconf 83' lang='lat' dir='ltr'>colit</span> <span class='ocrx_word' id='word_1_184' title='bbox 1368 1203 1444 1235; x_wconf 84' lang='lat' dir='ltr'>DE.</span> <span class='ocrx_word' id='word_1_185' title='bbox 1475 1220 1508 1225; x_wconf 90' lang='lat'>—</span> <span class='ocrx_word' id='word_1_186' title='bbox 1539 1202 1578 1240; x_wconf 87' lang='lat'>5,</span> <span class='ocrx_word' id='word_1_187' title='bbox 1611 1202 1623 1234; x_wconf 92' lang='lat'>1</span> <span class='ocrx_word' id='word_1_188' title='bbox 1657 1202 1768 1240; x_wconf 73' lang='lat' dir='ltr'>Fides,</span> <span class='ocrx_word' id='word_1_189' title='bbox 1796 1212 1873 1243; x_wconf 85' lang='lat' dir='ltr'>spes</span> <span class='ocrx_word' id='word_1_190' title='bbox 1899 1205 1933 1234; x_wconf 81' lang='lat' dir='ltr'>et</span> 
     </span>
     <span class='ocr_line' id='line_1_37' title="bbox 368 1246 1935 1289; baseline 0 -11"><span class='ocrx_word' id='word_1_191' title='bbox 368 1248 498 1278; x_wconf 81' lang='lat' dir='ltr'>caritas</span> <span class='ocrx_word' id='word_1_192' title='bbox 518 1247 626 1278; x_wconf 84' lang='lat' dir='ltr'>DEG.</span> <span class='ocrx_word' id='word_1_193' title='bbox 654 1264 694 1268; x_wconf 90' lang='lat'><strong>—</strong></span> <span class='ocrx_word' id='word_1_194' title='bbox 720 1246 751 1286; x_wconf 85' lang='lat'>5,</span> <span class='ocrx_word' id='word_1_195' title='bbox 780 1246 800 1279; x_wconf 74' lang='lat'>‘2</span> <span class='ocrx_word' id='word_1_196' title='bbox 826 1248 963 1280; x_wconf 80' lang='lat' dir='ltr'>Clamat</span> <span class='ocrx_word' id='word_1_197' title='bbox 987 1249 1026 1280; x_wconf 92' lang='lat' dir='ltr'>B.</span> <span class='ocrx_word' id='word_1_198' title='bbox 1051 1265 1095 1270; x_wconf 90' lang='lat'>—-</span> <span class='ocrx_word' id='word_1_199' title='bbox 1121 1246 1152 1285; x_wconf 88' lang='grc'>6,</span> <span class='ocrx_word' id='word_1_200' title='bbox 1178 1247 1198 1279; x_wconf 80' lang='grc'><strong><em>2</em></strong></span> <span class='ocrx_word' id='word_1_201' title='bbox 1223 1250 1337 1280; x_wconf 80' lang='lat' dir='ltr'>amica</span> <span class='ocrx_word' id='word_1_202' title='bbox 1355 1250 1394 1279; x_wconf 90' lang='lat' dir='ltr'>A.</span> <span class='ocrx_word' id='word_1_203' title='bbox 1413 1266 1454 1269; x_wconf 97' lang='lat'><strong>—</strong></span> <span class='ocrx_word' id='word_1_204' title='bbox 1469 1247 1501 1287; x_wconf 87' lang='grc'>6,</span> <span class='ocrx_word' id='word_1_205' title='bbox 1526 1247 1548 1280; x_wconf 88' lang='lat'>4</span> <span class='ocrx_word' id='word_1_206' title='bbox 1565 1250 1641 1288; x_wconf 79' lang='lat' dir='ltr'>Quo</span> <span class='ocrx_word' id='word_1_207' title='bbox 1659 1252 1692 1279; x_wconf 89' lang='lat' dir='ltr'>te</span> <span class='ocrx_word' id='word_1_208' title='bbox 1711 1247 1880 1289; x_wconf 84' lang='lat' dir='ltr'>praecedo</span> <span class='ocrx_word' id='word_1_209' title='bbox 1898 1248 1935 1278; x_wconf 89' lang='lat' dir='ltr'>in</span> 
     </span>
     <span class='ocr_line' id='line_1_38' title="bbox 370 1291 1419 1335; baseline 0.001 -11"><span class='ocrx_word' id='word_1_210' title='bbox 370 1292 483 1330; x_wconf 84' lang='lat' dir='ltr'>DEG·.</span> <span class='ocrx_word' id='word_1_211' title='bbox 512 1293 679 1334; x_wconf 63' lang='lat' dir='ltr'>praecede</span> <span class='ocrx_word' id='word_1_212' title='bbox 698 1294 736 1325; x_wconf 88' lang='lat' dir='ltr'>C.</span> <span class='ocrx_word' id='word_1_213' title='bbox 754 1310 798 1314; x_wconf 90' lang='lat'>—</span> <span class='ocrx_word' id='word_1_214' title='bbox 822 1291 853 1331; x_wconf 83' lang='lat'>8,</span> <span class='ocrx_word' id='word_1_215' title='bbox 879 1291 900 1324; x_wconf 81' lang='grc'>2</span> <span class='ocrx_word' id='word_1_216' title='bbox 924 1295 973 1326; x_wconf 78' lang='lat' dir='ltr'>Ut</span> <span class='ocrx_word' id='word_1_217' title='bbox 997 1295 1124 1325; x_wconf 86' lang='lat' dir='ltr'>emisso</span> <span class='ocrx_word' id='word_1_218' title='bbox 1151 1294 1322 1335; x_wconf 84' lang='lat' dir='ltr'>paraclito</span> <span class='ocrx_word' id='word_1_219' title='bbox 1348 1295 1419 1325; x_wconf 85' lang='lat' dir='ltr'>AB.</span> 
     </span>
    </p>
   </div>
   <div class='ocr_carea' id='block_1_21' title="bbox 700 1459 1606 1505">
    <p class='ocr_par' dir='ltr' id='par_1_21' title="bbox 700 1459 1606 1505">
     <span class='ocr_line' id='line_1_39' title="bbox 700 1459 1606 1505; baseline 0.001 -12"><span class='ocrx_word' id='word_1_220' title='bbox 700 1459 781 1496; x_wconf 72' lang='lat'>462.</span> <span class='ocrx_word' id='word_1_221' title='bbox 819 1462 877 1501; x_wconf 68' lang='lat'>(5.)</span> <span class='ocrx_word' id='word_1_222' title='bbox 912 1461 1088 1505; x_wconf 84' lang='lat' dir='ltr'>Hymnus</span> <span class='ocrx_word' id='word_1_223' title='bbox 1113 1461 1161 1496; x_wconf 88' lang='lat' dir='ltr'>de</span> <span class='ocrx_word' id='word_1_224' title='bbox 1187 1470 1220 1496; x_wconf 87' lang='lat' dir='ltr'>s.</span> <span class='ocrx_word' id='word_1_225' title='bbox 1247 1461 1400 1504; x_wconf 82' lang='lat' dir='ltr'>Agnete</span> <span class='ocrx_word' id='word_1_226' title='bbox 1424 1459 1606 1503; x_wconf 80' lang='lat' dir='ltr'>virgine.</span> 
     </span>
    </p>
   </div>
   <div class='ocr_carea' id='block_1_22' title="bbox 390 1565 996 1782">
    <p class='ocr_par' dir='ltr' id='par_1_22' title="bbox 390 1565 996 1782">
     <span class='ocr_line' id='line_1_40' title="bbox 390 1565 996 1613; baseline -0.003 -9"><span class='ocrx_word' id='word_1_227' title='bbox 390 1568 424 1604; x_wconf 93' lang='lat'>1.</span> <span class='ocrx_word' id='word_1_228' title='bbox 460 1566 630 1613; x_wconf 76' lang='lat' dir='ltr'>Agnetis,</span> <span class='ocrx_word' id='word_1_229' title='bbox 664 1565 809 1603; x_wconf 87' lang='lat' dir='ltr'>Christi</span> <span class='ocrx_word' id='word_1_230' title='bbox 840 1566 996 1612; x_wconf 85' lang='lat' dir='ltr'>virginis</span> 
     </span>
     <span class='ocr_line' id='line_1_41' title="bbox 454 1622 947 1670; baseline 0 -11"><span class='ocrx_word' id='word_1_231' title='bbox 454 1623 503 1659; x_wconf 84' lang='lat' dir='ltr'>Et</span> <span class='ocrx_word' id='word_1_232' title='bbox 535 1622 725 1669; x_wconf 86' lang='lat' dir='ltr'>pretiosae</span> <span class='ocrx_word' id='word_1_233' title='bbox 754 1623 947 1670; x_wconf 78' lang='lat' dir='ltr'>martyris,</span> 
     </span>
     <span class='ocr_line' id='line_1_42' title="bbox 457 1678 933 1716; baseline -0.002 0"><span class='ocrx_word' id='word_1_234' title='bbox 457 1678 680 1716; x_wconf 80' lang='lat' dir='ltr'>Memoriam</span> <span class='ocrx_word' id='word_1_235' title='bbox 710 1679 933 1716; x_wconf 85' lang='lat' dir='ltr'>sollenniter</span> 
     </span>
     <span class='ocr_line' id='line_1_43' title="bbox 458 1735 896 1782; baseline 0.002 -10"><span class='ocrx_word' id='word_1_236' title='bbox 458 1737 626 1782; x_wconf 83' lang='lat' dir='ltr'>Agamus</span> <span class='ocrx_word' id='word_1_237' title='bbox 654 1735 896 1773; x_wconf 88' lang='lat' dir='ltr'>unanimiter.</span> 
     </span>
    </p>
   </div>
   <div class='ocr_carea' id='block_1_23' title="bbox 388 1848 1023 2058">
    <p class='ocr_par' dir='ltr' id='par_1_23' title="bbox 388 1848 1023 2058">
     <span class='ocr_line' id='line_1_44' title="bbox 388 1848 882 1895; baseline -0.004 -8"><span class='ocrx_word' id='word_1_238' title='bbox 388 1850 426 1887; x_wconf 84' lang='lat'>2.</span> <span class='ocrx_word' id='word_1_239' title='bbox 458 1849 501 1886; x_wconf 91' lang='lat' dir='ltr'>In</span> <span class='ocrx_word' id='word_1_240' title='bbox 534 1848 641 1885; x_wconf 88' lang='lat' dir='ltr'>annis</span> <span class='ocrx_word' id='word_1_241' title='bbox 672 1849 882 1895; x_wconf 89' lang='lat' dir='ltr'>puerilibus</span> 
     </span>
     <span class='ocr_line' id='line_1_45' title="bbox 462 1905 1004 1951; baseline 0 -9"><span class='ocrx_word' id='word_1_242' title='bbox 462 1906 610 1951; x_wconf 75' lang='lat' dir='ltr'>Spretis</span> <span class='ocrx_word' id='word_1_243' title='bbox 642 1906 775 1942; x_wconf 90' lang='lat' dir='ltr'>mundi</span> <span class='ocrx_word' id='word_1_244' title='bbox 806 1905 1004 1942; x_wconf 85' lang='lat' dir='ltr'>blanditiis</span> 
     </span>
     <span class='ocr_line' id='line_1_46' title="bbox 462 1962 914 2009; baseline 0 -10"><span class='ocrx_word' id='word_1_245' title='bbox 462 1962 561 1999; x_wconf 90' lang='lat' dir='ltr'>Filio</span> <span class='ocrx_word' id='word_1_246' title='bbox 593 1962 725 1999; x_wconf 85' lang='lat' dir='ltr'>matris</span> <span class='ocrx_word' id='word_1_247' title='bbox 756 1962 914 2009; x_wconf 87' lang='lat' dir='ltr'>virginis</span> 
     </span>
     <span class='ocr_line' id='line_1_47' title="bbox 463 2018 1023 2058; baseline 0.002 -2"><span class='ocrx_word' id='word_1_248' title='bbox 463 2019 587 2056; x_wconf 83' lang='lat' dir='ltr'>Castis</span> <span class='ocrx_word' id='word_1_249' title='bbox 617 2018 791 2056; x_wconf 87' lang='lat' dir='ltr'>adhaesit</span> <span class='ocrx_word' id='word_1_250' title='bbox 821 2019 1023 2058; x_wconf 83' lang='lat' dir='ltr'>mentibus,</span> 
     </span>
    </p>
   </div>
   <div class='ocr_carea' id='block_1_24' title="bbox 391 2131 1122 2182">
    <p class='ocr_par' dir='ltr' id='par_1_24' title="bbox 391 2131 1122 2182">
     <span class='ocr_line' id='line_1_48' title="bbox 391 2131 1122 2182; baseline 0.001 -13"><span class='ocrx_word' id='word_1_251' title='bbox 391 2133 427 2169; x_wconf 87' lang='lat'>3.</span> <span class='ocrx_word' id='word_1_252' title='bbox 460 2132 588 2181; x_wconf 80' lang='lat' dir='ltr'>Quem,</span> <span class='ocrx_word' id='word_1_253' title='bbox 629 2131 715 2168; x_wconf 94' lang='lat' dir='ltr'>dum</span> <span class='ocrx_word' id='word_1_254' title='bbox 746 2132 786 2168; x_wconf 92' lang='lat' dir='ltr'>in</span> <span class='ocrx_word' id='word_1_255' title='bbox 817 2132 930 2168; x_wconf 90' lang='lat' dir='ltr'>terris</span> <span class='ocrx_word' id='word_1_256' title='bbox 962 2133 1122 2182; x_wconf 83' lang='lat' dir='ltr'>viveret,</span> 
     </span>
    </p>
   </div>
   <div class='ocr_carea' id='block_1_25' title="bbox 460 2188 1050 2348">
    <p class='ocr_par' dir='ltr' id='par_1_25' title="bbox 460 2188 1050 2348">
     <span class='ocr_line' id='line_1_49' title="bbox 462 2188 993 2235; baseline 0 -10"><span class='ocrx_word' id='word_1_257' title='bbox 462 2188 647 2234; x_wconf 77' lang='lat' dir='ltr'>sponsum</span> <span class='ocrx_word' id='word_1_258' title='bbox 679 2188 822 2225; x_wconf 89' lang='lat' dir='ltr'>habere</span> <span class='ocrx_word' id='word_1_259' title='bbox 852 2188 993 2235; x_wconf 82' lang='lat' dir='ltr'>voluit3</span> 
     </span>
     <span class='ocr_line' id='line_1_50' title="bbox 460 2245 1050 2293; baseline 0.005 -14"><span class='ocrx_word' id='word_1_260' title='bbox 460 2248 578 2289; x_wconf 74' lang='lat' dir='ltr'>Quam</span> <span class='ocrx_word' id='word_1_261' title='bbox 611 2256 699 2282; x_wconf 77' lang='lat' dir='ltr'>vere</span> <span class='ocrx_word' id='word_1_262' title='bbox 731 2245 830 2282; x_wconf 89' lang='lat' dir='ltr'>hunc</span> <span class='ocrx_word' id='word_1_263' title='bbox 861 2246 1050 2293; x_wconf 86' lang='lat' dir='ltr'>diligeret,</span> 
     </span>
     <span class='ocr_line' id='line_1_51' title="bbox 460 2300 979 2348; baseline 0.002 -10"><span class='ocrx_word' id='word_1_264' title='bbox 460 2301 649 2348; x_wconf 81' lang='lat' dir='ltr'>Sanguine</span> <span class='ocrx_word' id='word_1_265' title='bbox 680 2300 764 2338; x_wconf 91' lang='lat' dir='ltr'>fuso</span> <span class='ocrx_word' id='word_1_266' title='bbox 794 2302 979 2348; x_wconf 83' lang='lat' dir='ltr'>prodidit.</span> 
     </span>
    </p>
   </div>
   <div class='ocr_carea' id='block_1_26' title="bbox 1206 1565 1755 1613">
    <p class='ocr_par' dir='ltr' id='par_1_26' title="bbox 1206 1565 1755 1613">
     <span class='ocr_line' id='line_1_52' title="bbox 1206 1565 1755 1613; baseline -0.005 -9"><span class='ocrx_word' id='word_1_267' title='bbox 1206 1570 1243 1606; x_wconf 87' lang='lat'>4.</span> <span class='ocrx_word' id='word_1_268' title='bbox 1275 1567 1355 1613; x_wconf 81' lang='lat' dir='ltr'>Quo</span> <span class='ocrx_word' id='word_1_269' title='bbox 1383 1565 1543 1603; x_wconf 89' lang='lat' dir='ltr'>rubente</span> <span class='ocrx_word' id='word_1_270' title='bbox 1573 1565 1755 1612; x_wconf 84' lang='lat' dir='ltr'>angelicis</span> 
     </span>
    </p>
   </div>
   <div class='ocr_carea' id='block_1_27' title="bbox 1274 1622 1800 1783">
    <p class='ocr_par' dir='ltr' id='par_1_27' title="bbox 1274 1622 1800 1783">
     <span class='ocr_line' id='line_1_53' title="bbox 1274 1622 1758 1669; baseline -0.002 -10"><span class='ocrx_word' id='word_1_271' title='bbox 1274 1622 1488 1669; x_wconf 87' lang='lat' dir='ltr'>Suscipitur</span> <span class='ocrx_word' id='word_1_272' title='bbox 1516 1623 1554 1659; x_wconf 91' lang='lat' dir='ltr'>in</span> <span class='ocrx_word' id='word_1_273' title='bbox 1585 1622 1758 1659; x_wconf 83' lang='lat' dir='ltr'>manibus</span> 
     </span>
     <span class='ocr_line' id='line_1_54' title="bbox 1274 1678 1800 1716; baseline -0.002 -1"><span class='ocrx_word' id='word_1_274' title='bbox 1274 1681 1333 1716; x_wconf 90' lang='lat' dir='ltr'>Ac</span> <span class='ocrx_word' id='word_1_275' title='bbox 1365 1678 1487 1716; x_wconf 81' lang='lat' dir='ltr'>fertur</span> <span class='ocrx_word' id='word_1_276' title='bbox 1516 1679 1555 1716; x_wconf 88' lang='lat' dir='ltr'>iu</span> <span class='ocrx_word' id='word_1_277' title='bbox 1587 1678 1800 1715; x_wconf 88' lang='lat' dir='ltr'>cubiculum</span> 
     </span>
     <span class='ocr_line' id='line_1_55' title="bbox 1277 1735 1751 1783; baseline 0 -11"><span class='ocrx_word' id='word_1_278' title='bbox 1277 1735 1495 1783; x_wconf 84' lang='lat' dir='ltr'>Virginibus</span> <span class='ocrx_word' id='word_1_279' title='bbox 1526 1735 1751 1782; x_wconf 91' lang='lat' dir='ltr'>pollicitum.</span> 
     </span>
    </p>
   </div>
   <div class='ocr_carea' id='block_1_28' title="bbox 1211 1848 1771 1896">
    <p class='ocr_par' dir='ltr' id='par_1_28' title="bbox 1211 1848 1771 1896">
     <span class='ocr_line' id='line_1_56' title="bbox 1211 1848 1771 1896; baseline 0 -10"><span class='ocrx_word' id='word_1_280' title='bbox 1211 1851 1247 1886; x_wconf 87' lang='lat'>5.</span> <span class='ocrx_word' id='word_1_281' title='bbox 1281 1848 1340 1887; x_wconf 88' lang='lat' dir='ltr'>lbi</span> <span class='ocrx_word' id='word_1_282' title='bbox 1370 1848 1510 1896; x_wconf 86' lang='lat' dir='ltr'>gaudet</span> <span class='ocrx_word' id='word_1_283' title='bbox 1538 1848 1578 1885; x_wconf 91' lang='lat' dir='ltr'>in</span> <span class='ocrx_word' id='word_1_284' title='bbox 1609 1848 1771 1886; x_wconf 80' lang='lat' dir='ltr'>candida</span> 
     </span>
    </p>
   </div>
   <div class='ocr_carea' id='block_1_29' title="bbox 1279 1905 1855 2056">
    <p class='ocr_par' dir='ltr' id='par_1_29' title="bbox 1279 1905 1855 2056">
     <span class='ocr_line' id='line_1_57' title="bbox 1279 1905 1855 1952; baseline -0.002 -9"><span class='ocrx_word' id='word_1_285' title='bbox 1279 1907 1428 1952; x_wconf 77' lang='lat' dir='ltr'>Agrium</span> <span class='ocrx_word' id='word_1_286' title='bbox 1460 1905 1726 1952; x_wconf 89' lang='lat' dir='ltr'>subsequendo</span> <span class='ocrx_word' id='word_1_287' title='bbox 1756 1905 1855 1942; x_wconf 87' lang='lat' dir='ltr'>stola</span> 
     </span>
     <span class='ocr_line' id='line_1_58' title="bbox 1280 1961 1786 2009; baseline -0.004 -9"><span class='ocrx_word' id='word_1_288' title='bbox 1280 1964 1407 2009; x_wconf 87' lang='lat' dir='ltr'>Atque</span> <span class='ocrx_word' id='word_1_289' title='bbox 1438 1962 1540 1999; x_wconf 85' lang='lat' dir='ltr'>canit</span> <span class='ocrx_word' id='word_1_290' title='bbox 1570 1962 1608 1998; x_wconf 93' lang='lat' dir='ltr'>in</span> <span class='ocrx_word' id='word_1_291' title='bbox 1639 1961 1786 1999; x_wconf 84' lang='lat' dir='ltr'>cithara</span> 
     </span>
     <span class='ocr_line' id='line_1_59' title="bbox 1279 2018 1735 2056; baseline -0.004 0"><span class='ocrx_word' id='word_1_292' title='bbox 1279 2019 1338 2056; x_wconf 90' lang='lat' dir='ltr'>De</span> <span class='ocrx_word' id='word_1_293' title='bbox 1368 2019 1532 2056; x_wconf 87' lang='lat' dir='ltr'>hostium</span> <span class='ocrx_word' id='word_1_294' title='bbox 1563 2018 1735 2055; x_wconf 81' lang='lat' dir='ltr'>victoria.</span> 
     </span>
    </p>
   </div>
   <div class='ocr_carea' id='block_1_30' title="bbox 1237 2130 1803 2178">
    <p class='ocr_par' dir='ltr' id='par_1_30' title="bbox 1237 2130 1803 2178">
     <span class='ocr_line' id='line_1_60' title="bbox 1237 2130 1803 2178; baseline -0.009 -6"><span class='ocrx_word' id='word_1_295' title='bbox 1237 2163 1246 2172; x_wconf 90' lang='lat'>.</span> <span class='ocrx_word' id='word_1_296' title='bbox 1278 2131 1391 2169; x_wconf 91' lang='lat' dir='ltr'>Cuius</span> <span class='ocrx_word' id='word_1_297' title='bbox 1422 2141 1535 2178; x_wconf 89' lang='lat' dir='ltr'>prece</span> <span class='ocrx_word' id='word_1_298' title='bbox 1565 2130 1803 2168; x_wconf 87' lang='lat' dir='ltr'>sanctissima</span> 
     </span>
    </p>
   </div>
   <div class='ocr_carea' id='block_1_31' title="bbox 1278 2187 1858 2340">
    <p class='ocr_par' dir='ltr' id='par_1_31' title="bbox 1278 2187 1858 2340">
     <span class='ocr_line' id='line_1_61' title="bbox 1278 2187 1796 2235; baseline -0.002 -10"><span class='ocrx_word' id='word_1_299' title='bbox 1278 2188 1337 2225; x_wconf 86' lang='lat' dir='ltr'>Da</span> <span class='ocrx_word' id='word_1_300' title='bbox 1369 2189 1516 2225; x_wconf 85' lang='lat' dir='ltr'>veniam</span> <span class='ocrx_word' id='word_1_301' title='bbox 1549 2199 1630 2224; x_wconf 88' lang='lat' dir='ltr'>cum</span> <span class='ocrx_word' id='word_1_302' title='bbox 1662 2187 1796 2235; x_wconf 82' lang='lat' dir='ltr'>gratia,</span> 
     </span>
     <span class='ocr_line' id='line_1_62' title="bbox 1280 2243 1858 2292; baseline -0.002 -11"><span class='ocrx_word' id='word_1_303' title='bbox 1280 2245 1444 2292; x_wconf 84' lang='lat' dir='ltr'>Christe,</span> <span class='ocrx_word' id='word_1_304' title='bbox 1477 2249 1693 2282; x_wconf 85' lang='lat' dir='ltr'>sanctorum</span> <span class='ocrx_word' id='word_1_305' title='bbox 1724 2243 1858 2292; x_wconf 85' lang='lat' dir='ltr'>gloria,</span> 
     </span>
     <span class='ocr_line' id='line_1_63' title="bbox 1281 2300 1725 2340; baseline 0 -1"><span class='ocrx_word' id='word_1_306' title='bbox 1281 2303 1354 2340; x_wconf 89' lang='lat' dir='ltr'>Per</span> <span class='ocrx_word' id='word_1_307' title='bbox 1385 2300 1533 2338; x_wconf 87' lang='lat' dir='ltr'>infinita</span> <span class='ocrx_word' id='word_1_308' title='bbox 1561 2302 1725 2339; x_wconf 82' lang='lat' dir='ltr'>saecula.</span> 
     </span>
    </p>
   </div>
   <div class='ocr_carea' id='block_1_32' title="bbox 464 2400 1937 2444">
    <p class='ocr_par' dir='ltr' id='par_1_32' title="bbox 464 2400 1937 2444">
     <span class='ocr_line' id='line_1_64' title="bbox 464 2400 1937 2444; baseline -0.001 -12"><span class='ocrx_word' id='word_1_309' title='bbox 464 2401 619 2432; x_wconf 80' lang='lat' dir='ltr'>Thomae</span> <span class='ocrx_word' id='word_1_310' title='bbox 654 2401 814 2433; x_wconf 89' lang='lat' dir='ltr'>Malleoli</span> <span class='ocrx_word' id='word_1_311' title='bbox 853 2401 894 2433; x_wconf 88' lang='lat' dir='ltr'>de</span> <span class='ocrx_word' id='word_1_312' title='bbox 933 2403 1089 2444; x_wconf 87' lang='lat' dir='ltr'>Kempis.</span> <span class='ocrx_word' id='word_1_313' title='bbox 1137 2401 1253 2443; x_wconf 86' lang='lat' dir='ltr'>Opera</span> <span class='ocrx_word' id='word_1_314' title='bbox 1286 2401 1422 2432; x_wconf 84' lang='lat' dir='ltr'>Omnia.</span> <span class='ocrx_word' id='word_1_315' title='bbox 1457 2400 1508 2432; x_wconf 89' lang='lat' dir='ltr'>ed.</span> <span class='ocrx_word' id='word_1_316' title='bbox 1542 2401 1587 2431; x_wconf 80' lang='lat' dir='ltr'>H.</span> <span class='ocrx_word' id='word_1_317' title='bbox 1621 2400 1832 2432; x_wconf 78' lang='lat' dir='ltr'>Sommalius</span> <span class='ocrx_word' id='word_1_318' title='bbox 1857 2401 1937 2431; x_wconf 82' lang='lat' dir='ltr'>Ant-</span> 
     </span>
    </p>
   </div>
   <div class='ocr_carea' id='block_1_33' title="bbox 373 2444 817 2488">
    <p class='ocr_par' dir='ltr' id='par_1_33' title="bbox 373 2444 817 2488">
     <span class='ocr_line' id='line_1_65' title="bbox 373 2444 817 2488; baseline 0.005 -12"><span class='ocrx_word' id='word_1_319' title='bbox 373 2448 524 2488; x_wconf 81' lang='lat' dir='ltr'>werpiae</span> <span class='ocrx_word' id='word_1_320' title='bbox 550 2444 646 2478; x_wconf 81' lang='grc'><strong>1607.</strong></span> <span class='ocrx_word' id='word_1_321' title='bbox 672 2447 707 2478; x_wconf 90' lang='lat'>11</span> <span class='ocrx_word' id='word_1_322' title='bbox 740 2445 817 2479; x_wconf 81' lang='lat'>597.</span> 
     </span>
    </p>
   </div>
   <div class='ocr_carea' id='block_1_34' title="bbox 684 2614 1626 2659">
    <p class='ocr_par' dir='ltr' id='par_1_34' title="bbox 684 2614 1626 2659">
     <span class='ocr_line' id='line_1_66' title="bbox 684 2614 1626 2659; baseline -0.001 -10"><span class='ocrx_word' id='word_1_323' title='bbox 684 2615 764 2651; x_wconf 73' lang='lat'>463.</span> <span class='ocrx_word' id='word_1_324' title='bbox 800 2616 859 2658; x_wconf 83' lang='lat'>(6.)</span> <span class='ocrx_word' id='word_1_325' title='bbox 894 2616 1069 2659; x_wconf 82' lang='lat' dir='ltr'>Hymnus</span> <span class='ocrx_word' id='word_1_326' title='bbox 1095 2615 1145 2651; x_wconf 85' lang='lat' dir='ltr'>ad</span> <span class='ocrx_word' id='word_1_327' title='bbox 1170 2615 1335 2650; x_wconf 77' lang='lat' dir='ltr'>eandem</span> <span class='ocrx_word' id='word_1_328' title='bbox 1361 2625 1394 2650; x_wconf 88' lang='lat' dir='ltr'>s.</span> <span class='ocrx_word' id='word_1_329' title='bbox 1422 2614 1626 2657; x_wconf 80' lang='lat' dir='ltr'>Agnctem.</span> 
     </span>
    </p>
   </div>
   <div class='ocr_carea' id='block_1_35' title="bbox 391 2720 854 2937">
    <p class='ocr_par' dir='ltr' id='par_1_35' title="bbox 391 2720 854 2937">
     <span class='ocr_line' id='line_1_67' title="bbox 391 2720 854 2770; baseline -0.002 -12"><span class='ocrx_word' id='word_1_330' title='bbox 391 2723 426 2759; x_wconf 88' lang='lat'>1.</span> <span class='ocrx_word' id='word_1_331' title='bbox 461 2723 554 2770; x_wconf 76' lang='lat' dir='ltr'>Ave,</span> <span class='ocrx_word' id='word_1_332' title='bbox 587 2720 724 2758; x_wconf 86' lang='lat' dir='ltr'>florens</span> <span class='ocrx_word' id='word_1_333' title='bbox 757 2732 854 2769; x_wconf 80' lang='lat' dir='ltr'>rosa,</span> 
     </span>
     <span class='ocr_line' id='line_1_68' title="bbox 464 2781 812 2826; baseline 0 -12"><span class='ocrx_word' id='word_1_334' title='bbox 464 2781 588 2822; x_wconf 64' lang='lat' dir='ltr'>Agnes</span> <span class='ocrx_word' id='word_1_335' title='bbox 619 2788 812 2826; x_wconf 82' lang='lat' dir='ltr'>generosa,</span> 
     </span>
     <span class='ocr_line' id='line_1_69' title="bbox 466 2834 794 2880; baseline 0.012 -12"><span class='ocrx_word' id='word_1_336' title='bbox 466 2834 578 2879; x_wconf 54' lang='lat' dir='ltr'>Virgo</span> <span class='ocrx_word' id='word_1_337' title='bbox 610 2835 794 2880; x_wconf 78' lang='lat' dir='ltr'>speciosa.</span> 
     </span>
     <span class='ocr_line' id='line_1_70' title="bbox 462 2890 822 2937; baseline 0.006 -11"><span class='ocrx_word' id='word_1_338' title='bbox 462 2890 611 2937; x_wconf 64' lang='lat' dir='ltr'>Martyr</span> <span class='ocrx_word' id='word_1_339' title='bbox 643 2891 822 2936; x_wconf 82' lang='lat' dir='ltr'>pretiosa.</span> 
     </span>
    </p>
   </div>
   <div class='ocr_carea' id='block_1_36' title="bbox 1209 2720 1690 2760">
    <p class='ocr_par' dir='ltr' id='par_1_36' title="bbox 1209 2720 1690 2760">
     <span class='ocr_line' id='line_1_71' title="bbox 1209 2720 1690 2760; baseline -0.01 0"><span class='ocrx_word' id='word_1_340' title='bbox 1209 2724 1246 2760; x_wconf 80' lang='lat'>2.</span> <span class='ocrx_word' id='word_1_341' title='bbox 1282 2721 1440 2759; x_wconf 87' lang='lat' dir='ltr'>Sumens</span> <span class='ocrx_word' id='word_1_342' title='bbox 1471 2720 1544 2756; x_wconf 88' lang='lat' dir='ltr'>mel</span> <span class='ocrx_word' id='word_1_343' title='bbox 1576 2730 1690 2756; x_wconf 84' lang='lat' dir='ltr'>suave</span> 
     </span>
    </p>
   </div>
   <div class='ocr_carea' id='block_1_37' title="bbox 1278 2777 1767 2935">
    <p class='ocr_par' dir='ltr' id='par_1_37' title="bbox 1278 2777 1767 2935">
     <span class='ocr_line' id='line_1_72' title="bbox 1278 2777 1599 2822; baseline -0.003 -8"><span class='ocrx_word' id='word_1_344' title='bbox 1278 2777 1353 2815; x_wconf 83' lang='lat' dir='ltr'>Ore</span> <span class='ocrx_word' id='word_1_345' title='bbox 1384 2777 1479 2822; x_wconf 84' lang='lat' dir='ltr'>Iesu,</span> <span class='ocrx_word' id='word_1_346' title='bbox 1511 2787 1599 2820; x_wconf 74' lang='lat' dir='ltr'>ave3</span> 
     </span>
     <span class='ocr_line' id='line_1_73' title="bbox 1279 2832 1745 2879; baseline -0.004 -9"><span class='ocrx_word' id='word_1_347' title='bbox 1279 2834 1391 2871; x_wconf 86' lang='lat' dir='ltr'>Casta</span> <span class='ocrx_word' id='word_1_348' title='bbox 1422 2844 1559 2879; x_wconf 86' lang='lat' dir='ltr'>sponsa</span> <span class='ocrx_word' id='word_1_349' title='bbox 1591 2832 1745 2878; x_wconf 88' lang='lat' dir='ltr'>Christi,</span> 
     </span>
     <span class='ocr_line' id='line_1_74' title="bbox 1279 2887 1767 2935; baseline 0 -9"><span class='ocrx_word' id='word_1_350' title='bbox 1279 2890 1462 2926; x_wconf 84' lang='lat' dir='ltr'>Mundum</span> <span class='ocrx_word' id='word_1_351' title='bbox 1495 2887 1767 2935; x_wconf 81' lang='lat' dir='ltr'>contempsisti.</span> 
     </span>
    </p>
   </div>
   <div class='ocr_carea' id='block_1_38' title="bbox 1930 2890 2031 3289">
    <p class='ocr_par' dir='ltr' id='par_1_38' title="bbox 1930 2843 2031 3289">
     <span class='ocr_line' id='line_1_75' title="bbox 2025 2890 2031 3053; baseline 0 -130"><span class='ocrx_word' id='word_1_352' title='bbox 2025 2890 2031 3053; x_wconf 48' lang='lat' dir='ltr'>j</span> 
     </span>
     <span class='ocr_line' id='line_1_76' title="bbox 1930 3059 2031 3289; baseline 0 -54"><span class='ocrx_word' id='word_1_353' title='bbox 1930 3059 2031 3289; x_wconf 55' lang='lat' dir='ltr'>,j</span> 
     </span>
    </p>
   </div>
  </div>
 </body>
</html>
