1914 3223
726 135 1031 175 —111—

244 252 491 299 Desponsata,
523 250 589 286 sed
620 250 729 287 virile
1031 248 1130 294 Ergo
1162 259 1244 285 cuin
1277 248 1500 294 perditionis

299 307 467 344 nesciens
499 306 773 347 commercium,
1085 304 1278 344 ebibisset.
1294 304 1466 351 poculum

247 365 318 401 Per
343 375 450 410 quam
481 363 610 399 mortis
632 363 884 409 sempiternae
1027 367 1165 404 Fasces
1197 370 1307 404 verae
1339 366 1516 404 vanitatis

302 420 402 458 venii
433 419 709 457 exterminium.
927 424 992 463 60,
1081 424 1241 470 adeptus
1272 424 1319 461 ad
1351 423 1512 468 libitum,

151 478 214 517 15.
248 476 432 524 Specialis
463 481 497 512 et
530 476 650 513 electa
1026 486 1124 531 11,ng
1155 486 1231 522 suis
1262 485 1421 522 inimicis

303 534 349 570 de
379 532 540 569 millenis
572 532 727 577 milium,
1085 541 1204 579 factus
1238 542 1477 589 vituperium,

245 591 358 627 Unius
379 599 539 636 sempe*
575 590 604 625 Si
627 593 842 652 ⁴l}¹}²‘-‘¹'ss¹u¹'⁷
1026 603 1229 650 'l‘aiiiquiiiii
1245 605 1306 651 qui
1319 604 1387 641 sub
1400 602 1654 649 manuscripto

302 653 454 694 praesto
485 651 541 709 f'st
572 646 765 709 ³¹¹X¹J¹¹J¹¹¹g
1082 665 1337 708 comparasset
1367 659 1539 704 inferum,

245 703 302 740 Tu
332 707 517 749 serpentis
549 707 761 740 contrivisti
927 724 992 760 65·
1024 722 1104 759 Deo
1135 734 1175 759 se
1206 723 1432 769 respiciente

151 761 215 798 20.
301 765 412 806 caput
444 759 742 796 cruentissimum

248 816 295 853 Et
327 817 362 852 in
395 822 502 863 petra
534 816 704 852 collisisti

301 873 444 919 pec-rati
476 872 657 909 aculeum.

240 928 296 965 Tu
327 929 538 976 captivitati
570 933 720 965 nostrae

303 986 458 1032 posuisti
490 986 700 1034 terminum,

151 1043 214 1080 25.
249 1042 351 1078 Dans
381 1052 588 1089 regressum
611 1042 659 1079 ad
681 1052 845 1089 superna

303 1110 416 1145 grave
446 1103 531 1146 post
561 1098 744 1136 exsilium.

248 1154 304 1192 Tu
337 1155 603 1202 redemptionis
635 1155 713 1192 eius

1083 784 1325 826 compunctus
1339 786 1392 816 est
1405 779 1656 826 postmodum.

1026 842 1087 879 Ad
1120 853 1184 879 cor
1215 842 1312 878 eiiiiii
1346 853 1428 878 cuin
1460 841 1622 878 redisset

1083 903 1278 946 pertaesus
1307 897 1486 945 flagitium

1030 962 1088 998 Ac
1118 971 1206 998 suae
1237 960 1505 998 submersionis

932 1019 996 1057 70.
1085 1017 1310 1055 erubescens
1341 1021 1507 1064 puteum,

1027 1080 1131 1118 Dans
1148 1081 1321 1127 rugitum,
1341 1079 1502 1116 tundens
1514 1083 1656 1125 pectus,

1083 1138 1255 1174 emittens
1287 1137 1500 1184 suspirium,

301 1211 440 1248 dedisti
473 1212 696 1260 depositum,
1029 1200 1262 1237 Paenitendo
1293 1199 1419 1246 rigans
1451 1202 1590 1235 terram

245 1269 316 1314 Qui
348 1269 615 1305 communionis
646 1272 796 1317 gustant
1081 1256 1198 1292 ΥΠΠῙῖΟ
1229 1266 1314 1293 1'01'0
1346 1254 1497 1292 fletfflm'

152 1326 216 1365 30,
306 1325 442 1372 pignus
472 1324 770 1363 saluberrimum,
930 1319 993 1357 75.
1026 1318 1248 1364 Eveniebat,
1281 1317 1465 1364 quidquid
1499 1317 1577 1353 Deo

246 1380 303 1416 Tu
332 1392 517 1428 supernae
549 1381 723 1430 civitatis,
1082 1375 1269 1412 hausisset
1301 1374 1528 1411 contrarium

301 1449 394 1484 quae
426 1443 481 1473 est
513 1443 634 1474 mater
663 1438 841 1482 omnium,
1027 1436 1107 1473 Nec
1139 1437 1300 1474 cessavit
1332 1436 1539 1473 reclamare

244 1492 505 1531 Fundamenta
536 1494 790 1540 construxisti,
1082 1498 1130 1543 te,
1165 1493 1294 1540 regina
1325 1493 1524 1541 virginum,

300 1550 415 1600 virgo,
449 1551 552 1587 sidus
583 1551 762 1590 siderum.
1052 1551 1124 1597 Te,
1149 1549 1295 1595 Maria,
1328 1560 1397 1596 per
1427 1560 1538 1596 quam
1570 1559 1656 1585 vere

145 1609 211 1646 35.
247 1606 364 1653 Lima,
398 1617 600 1654 perquam
628 1607 726 1644 Deus
749 1607 841 1644 rasit
928 1607 992 1644 80.
1082 1607 1183 1644 salus
1218 1606 1315 1643 venit
1348 1607 1527 1654 gentium,

302 1664 441 1710 gentile
473 1664 693 1713 contagium,
1026 1663 1139 1700 Cuius
1168 1673 1303 1700 nomen
1336 1667 1393 1699 est
1425 1663 1474 1700 ad
1506 1674 1614 1710 opem

244 1720 356 1756 Vetus
388 1719 624 1757 infidelitatis
1085 1720 1247 1757 dandam
1281 1719 1579 1766 celeberrimum,

295 1781 492 1822 amputans
524 1777 783 1824 opprobrium.
1024 1776 1154 1814 Donec
1184 1777 1267 1824 ipsa
1297 1777 1432 1814 vulnus
1463 1777 1542 1814 eius

240 1832 416 1880 Gramen,
435 1834 533 1880 quod
562 1835 623 1870 nix
650 1838 762 1881 atque
784 1835 868 1881 gelu
1085 1844 1236 1871 curares
1267 1834 1316 1870 ad
1346 1833 1545 1880 integrum.
1570 1851 1580 1857 -

142 1891 207 1928 40.
294 1901 480 1936 nunquam
498 1890 624 1927 reddit
647 1891 868 1940 marcidum,
931 1890 996 1929 85.
1028 1891 1077 1928 Et
1104 1902 1175 1927 non
1204 1891 1335 1938 solum,
1364 1891 1463 1937 quod
1485 1890 1654 1939 timebat,

240 1945 397 1993 Semper
450 1947 595 1993 virens,
651 1959 838 1995 nunquam
1082 1948 1201 1985 evasit
1233 1947 1399 1986 exitium.

511 2004 675 2050 perdens
1030 2006 1127 2051 Quin
1159 2005 1207 2041 ad
1241 2004 1430 2042 Christum
1463 2009 1639 2041 evocatus

295 2060 455 2097 colorem
487 2072 730 2109 purpureum,
1083 2065 1138 2098 est
1172 2072 1240 2108 per
1269 2066 1306 2098 te
1337 2065 1423 2107 post
1453 2061 1633 2099 triduum.

237 2116 380 2154 Forma
410 2117 481 2154 Dei
511 2118 677 2164 politura
1025 2119 1105 2155 Ista
1137 2118 1183 2155 de
1214 2123 1251 2154 te
1281 2129 1349 2154 nos
1381 2116 1609 2164 confortant,

291 2184 488 2211 saxeorum
519 2179 724 2225 pectorum,
929 2177 993 2214 90.
1081 2175 1210 2212 mundi
1241 2175 1512 2223 purgatorium,

139 2231 205 2268 45.
236 2229 393 2277 Semper
422 2231 554 2268 iuvans
586 2231 786 2278 adimpleri
1025 2232 1166 2269 Divina
1196 2231 1414 2268 sinceritate

292 2287 428 2324 iustum
462 2288 702 2326 desiderium.
1081 2289 1212 2325 lavans
1243 2288 1374 2325 sordes
1406 2288 1616 2335 eriminum,

235 2343 320 2381 Non
343 2344 525 2391 omittam,
558 2345 658 2392 quod
681 2345 840 2393 benigne
1025 2346 1107 2393 Cui,
1140 2345 1323 2392 quidquid
1354 2345 1437 2391 ipsa
1467 2345 1584 2394 iubes,

292 2400 420 2437 iuvisti
452 2401 715 2451 Theophilum,
1082 2406 1137 2439 est
1170 2401 1486 2439 efficacissimum.

235 2457 303 2503 Qui
336 2465 426 2494 cum·
449 2458 549 2496 ultro
580 2469 620 2495 se
651 2459 721 2496 sub
751 2459 837 2506 iugo
925 2462 990 2498 95.
1026 2459 1251 2496 Restitutiix
1283 2459 1468 2505 sanitatis,

140 2514 203 2553 50.
293 2515 547 2561 mancipasset
578 2516 799 2554 daemonum
1078 2515 1282 2553 resecati-ix
1316 2516 1524 2560 vulnerum,

233 2572 290 2607 Ac
321 2582 390 2617 pro
422 2571 532 2608 rebus
564 2573 743 2619 perituris
1022 2575 1221 2612 Sti-actura
1253 2572 1456 2618 religionis,

289 2627 511 2675 abnegasset
543 2629 755 2679 Dominum,
1077 2630 1175 2667 vitae
1208 2629 1471 2676 diversorium,

231 2683 291 2721 Ex
323 2687 515 2731 apostasia
545 2685 618 2722 sibi
1021 2686 1242 2726 Sanctitatis
1273 2685 1482 2732 plenitudo,

290 2751 517 2788 componens
545 2743 836 2791 chirographum
898 2745 992 2783 500.
1085 2742 1261 2791 puritatis
1292 2743 1498 2789 speculum,

136 2800 200 2838 55.
232 2797 389 2835 Factum
423 2799 711 2836 christianitatis
1024 2800 1261 2846 l’rincipatus
1292 2799 1514 2845 honestatis,

288 2859 373 2892 voto
405 2854 491 2891 fecit
524 2856 686 2893 irritum,
1078 2858 1182 2904 pacis
1213 2856 1438 2905 aediticium,
