1914 3223
155 300 223 339 15.

155 570 220 608 16.

155 840 221 880 17.

156 1111 226 1151 18.

158 1383 225 1423 19.

148 1656 218 1694 20.

152 1927 221 1965 21.

151 2199 223 2239 22.

153 2465 222 2503 23.

156 2730 225 2770 24.

766 183 957 224 -441
1023 207 1073 212 -

254 297 373 336 Stella
401 298 530 345 maris,
562 308 657 345 quae
677 297 886 345 praeclaris

309 354 462 392 Emicas
493 354 709 400 virtutibus,

254 411 482 448 Praedicata
513 415 550 447 et
581 410 736 448 laudata

308 470 342 505 A
370 467 544 514 supernis
576 467 732 511 civibus,

253 567 314 606 Ab
346 578 475 605 errore
506 571 571 605 tuo
601 577 705 605 more

313 624 519 661 Pereuntes
552 623 687 669 libera,

255 680 336 718 Fac
366 681 493 718 redire
525 685 560 717 et
591 680 732 727 largire

312 736 530 775 Gratiarum
562 747 730 774 munera.

255 839 419 876 Primum
453 839 603 886 quidem
635 838 744 876 nobis
775 837 888 875 fidem

311 895 402 933 Tuis
433 906 527 942 auge
558 894 736 942 precibus

252 952 301 989 Et
331 952 380 989 da
409 951 530 998 nobis,
562 956 603 988 ut
633 956 670 988 te
699 950 831 998 probis

310 1008 507 1046 Imitemur
537 1008 696 1046 actibuS.

258 1110 334 1157 Spe
363 1109 535 1147 labentes
567 1109 675 1148 firma
706 1113 864 1157 mentes,

311 1166 479 1204 Caritate
510 1165 660 1212 robora,

253 1223 332 1260 Fac
363 1222 583 1270 concordes,
616 1222 717 1270 pelle
738 1222 884 1272 sordes,

310 1279 463 1317 Exeusa
495 1277 677 1317 facinora.

257 1383 361 1420 Iesse
391 1382 530 1432 proles,
565 1382 669 1418 solve
699 1381 829 1428 moles,

309 1439 412 1486 Quae
424 1449 483 1475 me
495 1443 684 1485 premunt,
702 1437 887 1475 scelerum

255 1498 380 1542 Atque
410 1505 543 1542 pacem
576 1495 625 1532 da
656 1493 819 1532 feracem

310 1550 570 1590 Perfectorum
601 1561 769 1598 operum,

251 1653 512 1691 Truculentus
547 1658 584 1690 et
615 1657 792 1690 cruentus

307 1710 438 1748 Hostis
472 1710 592 1747 instat
621 1710 790 1759 nimium,

252 1766 399 1814 Nempe
431 1771 568 1811 certat,
601 1770 642 1803 ut
673 1766 872 1804 subvertat

309 1824 374 1861 Me
406 1834 476 1871 per
508 1824 632 1860 carnis
664 1823 809 1862 vitium.

254 1925 365 1962 Nunc
385 1925 561 1971 latenter,
594 1934 692 1962 nunc
714 1927 891 1971 patenter

311 1981 397 2019 Non
430 1985 553 2018 cessat
583 1982 741 2027 irruere,

255 2038 448 2084 Quaerens
465 2042 584 2075 artem
601 2042 716 2085 atque
727 2041 888 2086 partem,

311 2095 391 2140 Qua
421 2094 542 2142 possit
573 2094 783 2141 subripere.

255 2197 489 2236 Conservare
520 2207 579 2234 me
611 2197 780 2245 dignare,

308 2253 486 2292 Gloriosa
518 2253 682 2303 domina,

253 2310 304 2349 Et
336 2311 457 2348 relide
489 2310 702 2348 homicidae

311 2366 490 2404 Furentis
523 2367 732 2404 conamina.

254 2462 385 2501 Sermo
416 2474 533 2500 vanus
564 2466 629 2500 aut
659 2463 812 2500 insanus

309 2519 406 2558 Mihi
439 2530 512 2556 non
544 2519 744 2566 subripiat,

254 2575 340 2613 Non
371 2575 523 2613 auditus
556 2581 620 2613 aut
651 2575 822 2623 pruritus

310 2631 431 2670 Gulae
461 2641 521 2669 me
552 2632 731 2679 decipiat.

256 2728 343 2766 Non
374 2737 433 2765 me
464 2731 587 2765 tactus
617 2732 683 2765 aut
713 2726 876 2766 olfactus

315 2783 377 2821 Ad
409 2788 604 2830 peccatum
637 2784 814 2832 concitet,

253 2840 338 2878 Non
373 2850 433 2877 me
464 2841 566 2878 visus
597 2841 676 2878 sive
707 2841 804 2878 risus

312 2898 392 2935 Aut
423 2895 531 2935 furor
558 2897 798 2945 praecipitet.

968 293 1038 338 25.

975 569 1040 606 26.

972 839 1038 878 27.

972 1109 1040 1149 28.

973 1382 1039 1419 29.

978 1654 1045 1693 30.

976 1925 1042 1965 31.

976 2198 1042 2235 32.

975 2463 1041 2502 33.

977 2728 1044 2766 34.

1071 298 1133 336 Sic
1163 298 1296 336 nociva
1329 297 1518 335 incentiva

1127 354 1332 402 Sopiantur
1363 354 1545 401 corporis,

1072 411 1123 449 Ut
1157 410 1363 458 frigescant
1394 416 1429 448 et
1461 410 1655 457 quiescant

1131 467 1240 504 Pravi
1272 472 1394 505 motus
1426 468 1604 514 pectoris,

1074 567 1129 605 Sit
1162 578 1295 605 serena
1327 578 1434 605 mens
1468 573 1504 605 et
1534 568 1645 615 plena

1130 624 1303 671 Spiritali
1335 624 1485 671 gaudio,

1074 680 1269 718 Illustrata
1301 686 1336 718 et
1369 687 1529 728 purgata

1132 737 1252 774 Verae
1284 737 1377 774 lucis
1410 737 1532 777 radio.

1070 838 1198 875 Meum
1230 844 1362 885 pectus
1391 839 1445 875 sic
1476 838 1630 876 affectus

1131 895 1309 932 Caritatis
1342 895 1498 942 repleat,

1072 950 1125 989 Ut
1155 950 1262 1000 abeo,
1296 951 1481 998 quidquid
1510 952 1590 989 Deo

1132 1008 1332 1057 Displicet,
1367 1012 1570 1048 removeat.

1073 1109 1102 1146 O
1134 1109 1270 1159 Maria,
1304 1110 1404 1146 vitae
1434 1110 1504 1159 via,

1130 1166 1247 1203 Plena
1278 1166 1350 1202 Dei
1381 1167 1515 1213 gratia,

1072 1222 1179 1260 Inter
1208 1222 1329 1259 Deum
1362 1228 1399 1259 et
1429 1223 1529 1259 hunc
1560 1232 1665 1259 reum

1134 1279 1284 1328 Precor,
1317 1283 1357 1315 ut
1385 1279 1436 1316 sis
1466 1279 1604 1317 media.

1071 1381 1207 1419 Funde
1237 1390 1400 1431 precem,
1434 1390 1480 1417 ne
1510 1381 1549 1417 in
1576 1390 1703 1417 necem

1129 1437 1313 1474 Decidam
1344 1442 1580 1485 perpetuam,

1071 1494 1122 1532 Ut
1154 1494 1224 1530 sim
1257 1498 1380 1530 castus
1413 1498 1525 1540 atque
1557 1491 1676 1530 fastus

1128 1550 1249 1587 Huius
1280 1550 1411 1587 mundi
1441 1560 1629 1597 respuam.

1078 1652 1148 1690 llle
1181 1652 1316 1690 ductor
1348 1656 1385 1688 et
1414 1651 1623 1689 instructor

1132 1709 1239 1747 Assit
1270 1708 1360 1745 mihi
1392 1708 1561 1755 spiritus,

1076 1766 1146 1812 Qui
1177 1770 1214 1802 te
1245 1765 1424 1802 mundam
1447 1769 1482 1801 et
1505 1762 1709 1802 fecundam

1131 1822 1239 1860 Fecit
1271 1818 1353 1858 esse
1384 1821 1555 1859 caelitus.

1074 1924 1159 1971 Illa,
1201 1923 1367 1970 inquam,
1399 1933 1446 1960 ne
1478 1923 1708 1972 delinquam,

1129 1980 1193 2017 Me
1224 1984 1421 2017 conservet
1451 1980 1586 2028 gratia,

1071 2038 1152 2083 Qua
1184 2036 1345 2083 replevit
1376 2039 1425 2083 te,
1455 2036 1519 2083 qui
1548 2035 1653 2074 flevit

1131 2094 1236 2131 Inter
1266 2097 1331 2130 tua
1361 2092 1530 2131 brachia.

1076 2195 1189 2234 Orbis
1220 2199 1347 2233 rector
1378 2198 1414 2231 et
1445 2199 1640 2241 protector

1128 2252 1269 2289 Noster
1300 2251 1603 2299 clementissime,

1072 2308 1151 2346 Nos
1182 2308 1316 2357 invise,
1349 2312 1387 2345 ut
1420 2308 1535 2344 elisae

1129 2365 1408 2404 Convalescant
1439 2365 1598 2404 animae.

1073 2461 1217 2499 Lumen
1250 2471 1386 2508 sparge
1417 2465 1503 2497 tuae
1534 2459 1665 2509 largae

1129 2517 1252 2564 Super
1281 2528 1348 2554 nos
1381 2515 1614 2561 clementiae,

1072 2575 1200 2622 Atque
1231 2573 1384 2610 maestis
1417 2572 1464 2610 da
1497 2571 1671 2609 caelestis

1130 2630 1305 2668 Solamen
1336 2629 1515 2666 laetitiae.

1076 2727 1148 2764 Dei
1179 2725 1247 2764 fili.
1279 2736 1323 2762 ex
1356 2724 1485 2762 hostili

1133 2784 1250 2821 Serva
1280 2791 1340 2818 me
1372 2780 1534 2829 fallacia,

1075 2839 1146 2878 Da.
1179 2844 1219 2876 ut
1251 2837 1336 2876 fiam
1368 2848 1437 2884 per
1468 2836 1630 2875 Mariam

1132 2895 1212 2932 Tua
1245 2895 1379 2941 dignus
1409 2894 1544 2941 gratia.
