1914 3223
827 185 909 224 493
968 209 1019 214 —

171 396 252 433 476.
289 397 369 439 (19.)
404 397 461 432 De
487 397 623 440 gloria
649 397 837 433 caelestis
862 394 1081 433 Ierusalem
1108 398 1147 432 in
1176 397 1372 436 communi
1397 398 1577 441 hymnus.

137 557 143 564 .
177 525 352 572 Quisquis
385 525 483 562 valet
516 535 713 562 numerare

229 581 431 618 Beatorum
465 591 670 626 numerum,

173 638 318 676 Horum
349 637 491 684 poterit
522 648 682 684 pensare

229 694 505 741 Sempiternum
538 695 729 741 gaudium,

171 751 279 800 Quod
311 756 528 788 meruerunt
555 751 700 788 intrare

227 807 364 846 Mundi
394 812 481 855 post
511 808 696 846 exsilium.

133 970 140 978 .
172 943 234 981 De
266 943 365 980 valle
395 943 620 990 plorationis

228 999 362 1046 Erepti
395 998 569 1047 feliciter,

168 1056 299 1094 Annos
329 1056 403 1093 iam
434 1055 653 1094 afflictionis

227 1112 444 1159 Cogitantes
478 1113 654 1158 dulciter,

168 1169 298 1208 Omnis
330 1170 661 1207 consummationis

225 1226 360 1264 Finem
392 1227 522 1263 vident
551 1227 699 1274 iugiter.

130 1393 137 1400 .
169 1361 284 1401 Suum
316 1367 474 1399 cernunt
504 1366 770 1409 temptatorem

224 1419 267 1456 In
298 1419 429 1466 poenis
460 1425 657 1467 perpetuo,

143 1473 282 1514 ‘Suum
314 1476 417 1522 pium
449 1476 678 1515 salvatorem

224 1531 451 1570 Collaudant
481 1533 519 1569 in
549 1532 679 1578 iubilo,

166 1589 282 1636 Quem
314 1594 352 1626 et
381 1593 701 1626 remuneratorem

224 1645 398 1683 Sentiunt
427 1646 465 1683 in
496 1646 678 1693 praemio,

125 1809 134 1819 .
165 1780 225 1819 Ibi
262 1781 361 1819 dona
391 1782 622 1829 singulorum

223 1837 442 1876 Communia
472 1839 658 1886 omnibus,

165 1893 223 1932 De
254 1895 362 1932 donis
392 1895 653 1932 universorum

222 1951 427 1998 Tripudiat
457 1952 640 2000 singulm,

168 2007 230 2046 Sic
259 2007 302 2045 fit
331 2009 466 2055 plenus
496 2009 765 2056 praemiorum,

221 2065 398 2103 Etiamisi
427 2065 615 2104 minimus.

128 2229 137 2239 .
167 2200 197 2239 Ο
227 2206 405 2248 quantum
439 2201 504 2239 dat
535 2202 720 2239 claritatis

223 2257 310 2295 Toti
341 2259 436 2295 caeli
468 2259 594 2296 curiae

167 2313 294 2351 Mater
324 2315 421 2362 regis
452 2315 672 2364 maiestatis,

221 2370 358 2418 Maria,
392 2382 457 2408 vas
489 2372 645 2420 gratiae,

167 2425 268 2472 Quae
298 2429 442 2465 cunctis
473 2433 581 2475 grata
611 2428 732 2466 beatis

222 2482 353 2522 Gloria
383 2495 493 2531 quam
526 2484 634 2524 facie.

130 2647 139 2658 .
169 2617 315 2656 Mariae
344 2620 454 2657 nimis
485 2621 671 2657 mirantur

224 2674 391 2713 Gloriam
423 2688 532 2723 quam
566 2678 711 2726 merita,

168 2730 263 2768 Nam
294 2732 331 2769 in
364 2733 444 2780 ipsa
476 2734 779 2780 contemplantur

225 2787 299 2825 Sua
330 2790 453 2826 cuncti
484 2791 664 2838 praemia,

168 2843 323 2891 Semper
352 2846 399 2884 ab
430 2846 500 2884 hac
529 2848 770 2885 illustrantur

225 2900 392 2939 Clariore
422 2903 554 2949 gloria.

948 525 984 563 7.
1020 525 1118 562 Huic
1149 530 1277 562 coetus
1309 525 1528 572 angelorum

914 1783 979 1822 10.

913 2202 977 2240 11.

911 2621 974 2660 12.

1073 581 1293 628 Congautlet
1325 585 1361 618 et
1392 582 1596 630 hominum,

1015 638 1125 676 Hanc
1157 638 1290 674 chorus
1321 639 1578 685 apostolorum

1072 694 1276 732 Collaudat.
1306 705 1350 731 ac
1381 700 1602 744 martyrum,

1017 751 1116 788 Huic
1147 751 1258 788 turba
1289 750 1545 789 confessorum

1072 808 1287 854 Adplaudit
1317 819 1361 845 ac
1393 808 1591 856 virginum.

979 972 985 981 .
1018 943 1106 989 Eia,
1140 943 1273 980 merito
1306 947 1342 980 ct
1371 944 1453 980 iure

1075 999 1136 1037 Sic
1166 1009 1294 1036 omnes
1325 1004 1362 1036 et
1393 1000 1529 1047 singuli

1016 1056 1178 1093 Mariam
1213 1057 1398 1093 honorant
1428 1067 1522 1103 pure

1073 1113 1258 1159 Tripudio
1286 1113 1425 1163 gaudii,

1017 1169 1188 1216 Namque
1219 1180 1290 1218 ope
1322 1180 1411 1206 suae
1443 1180 1555 1207 curae

1072 1227 1315 1273 Reparantur
1346 1227 1500 1273 perditi.

1012 1362 1122 1399 Nunc
1153 1372 1223 1408 per
1243 1362 1436 1408 speculum
1460 1361 1646 1411 videmus,

1071 1418 1223 1457 Umbris
1256 1422 1293 1454 et
1324 1418 1546 1468 aenigmate,

1011 1475 1118 1512 Tunc
1148 1479 1189 1512 ut
1219 1475 1298 1511 noti
1330 1485 1601 1522 cognoscemus

1070 1533 1180 1580 Pure,
1212 1532 1325 1577 nude,
1357 1531 1495 1580 lucide,

1011 1588 1163 1626 Clarum
1204 1589 1324 1626 visum
1355 1599 1441 1625 nam
1472 1587 1641 1638 figemus,

1067 1646 1140 1692 En,
1171 1646 1208 1682 in
1241 1646 1367 1682 lumen
1397 1645 1552 1692 gloriae.

1013 1783 1264 1820 Personarum
1295 1780 1506 1818 trinitatem

1068 1839 1179 1876 Clare
1211 1837 1506 1885 speculabimur,

1009 1895 1210 1932 Essentiae
1240 1895 1424 1932 unitatem

1067 1952 1179 1988 Nude
1213 1949 1567 1998 contemplabimur,

1011 2009 1218 2057 Unitatem‚
1251 2008 1459 2045 trinitatem

1067 2066 1110 2102 In
1143 2076 1216 2102 uno
1248 2064 1483 2103 mirabimur.

1011 2202 1170 2248 Semper
1200 2202 1349 2238 noviter
1379 2201 1572 2238 dulcescet

1066 2258 1195 2296 Omnis
1227 2258 1308 2295 veri
1337 2259 1452 2306 notio,

1010 2314 1153 2352 Summi
1183 2315 1272 2352 boni
1303 2325 1377 2351 non
1408 2317 1578 2360 tepescet

1068 2372 1234 2409 Fervida
1273 2371 1438 2412 dilectio,

1009 2428 1132 2466 Verae
1163 2429 1268 2475 pacis
1300 2439 1373 2464 non
1403 2429 1622 2474 languescet

1066 2485 1238 2522 Iucunda
1269 2483 1412 2523 fruitio.

1008 2621 1089 2658 Deo
1122 2619 1316 2657 ferventer
1347 2626 1536 2664 vacantes,

1065 2677 1115 2715 Ut
1149 2681 1218 2721 est,
1252 2677 1350 2713 hunc
1381 2676 1606 2720 videbimus,

1008 2735 1136 2780 Ipsum
1168 2732 1363 2769 ferventer
1394 2737 1561 2769 amantes

1065 2791 1126 2827 Ad
1159 2794 1284 2826 votum
1318 2789 1550 2837 habebimus,

1012 2848 1128 2893 Quem
1161 2847 1333 2883 videntes
1366 2850 1399 2882 et
1432 2845 1600 2882 zelantes

1071 2904 1186 2940 Pares
1218 2904 1249 2939 ei
1283 2903 1434 2940 erimus.
