2031 3289
957 189 1264 232 —182—

846 300 916 336 174.
951 301 1032 344 (64.)
1067 301 1104 336 ln
1131 300 1163 336 3.
1188 300 1384 337 Nocturno.

338 395 372 432 1.
406 395 448 431 In
479 394 591 431 terris
622 395 746 432 adhuc
776 395 935 441 positam
1150 398 1186 433 4.
1222 396 1332 432 Dabit
1366 407 1447 432 cum
1479 398 1549 434 alis
1579 399 1720 439 oculos,

405 450 587 497 Sponsam
621 451 793 489 Christus
826 451 1021 489 ecclesiam
1221 453 1273 491 Ut
1305 453 1383 489 veri
1416 454 1505 491 solis
1538 455 1665 492 radios

459 507 521 544 Ad
553 518 593 544 se
624 508 771 544 rursum
1274 508 1465 547 Irreflexis
1614 547 1621 551 ,

517 568 625 602 vocat
657 564 807 610 cotidie,
1333 566 1451 612 possit
1480 566 1673 604 obtutibus

460 620 696 657 Exhortatur
1276 622 1433 667 Intueri,

517 681 641 714 mente
673 678 938 716 conscendere.
1330 690 1402 725 quo
1433 679 1486 715 nil
1521 677 1682 716 felicius.

335 768 372 805 2.
405 767 517 804 Dicat
548 768 661 805 haec:
694 773 779 815 post
811 772 847 804 te
877 769 986 805 trahe
1007 779 1078 815 me,
1151 773 1188 808 5.
1222 769 1400 806 Pennatis
1431 769 1684 806 animantibus

405 823 551 861 Nitenti
583 825 753 862 dextram
785 824 949 872 porrige,
1225 825 1295 863 Ille
1326 826 1430 862 locus
1460 826 1657 863 aethereus

461 880 582 928 Super
612 892 754 928 pennas
1277 883 1351 919 Pro
1381 882 1526 918 meritis

516 942 711 974 ventorum
744 938 883 983 evolas,
1333 939 1510 975 virtutum
1544 940 1727 989 congruit,

458 995 547 1040 Quis
579 999 767 1044 sequetur,
1275 995 1415 1040 Quibus
1446 997 1526 1033 alas

515 1051 552 1087 ni
584 1062 727 1097 pennas
757 1049 959 1088 conferas?
1331 1052 1392 1088 hic
1424 1052 1524 1089 Deus
1557 1052 1718 1090 dederit.

332 1143 369 1180 3.
404 1141 607 1178 Columbae
636 1152 779 1188 pennas
812 1141 989 1188 postulet,
1150 1144 1187 1180 6.
1221 1142 1278 1180 Sit
1309 1141 1461 1179 Christo
1491 1153 1634 1179 summo
1664 1143 1796 1190 gloria,

404 1198 455 1235 Ut
485 1199 534 1235 ad
566 1198 727 1244 quietem
759 1202 952 1247 properet,
1221 1198 1291 1245 Qui
1323 1200 1509 1236 scandens
1540 1210 1655 1246 super
1685 1199 1814 1237 sidera

458 1255 551 1292 Alas
581 1259 686 1301 petat
1275 1255 1366 1292 Cum
1400 1255 1550 1304 spiritu,

517 1312 682 1358 potentis
713 1311 873 1361 aquilae,
1337 1323 1419 1349 cum
1451 1317 1560 1358 patre
1590 1323 1728 1359 supera

458 1368 599 1415 Quibus
629 1369 708 1405 alta
1273 1369 1375 1406 Deus
1406 1380 1500 1406 unus

515 1425 633 1472 possit
665 1426 929 1462 conscendere.
1330 1426 1426 1475 regit
1457 1431 1493 1462 et
1524 1424 1659 1464 infera.

422 1515 448 1546 13
474 1515 530 1546 fol.
556 1513 640 1547 891).
668 1532 709 1537 —
735 1516 761 1546 C
787 1515 844 1546 fol.
871 1513 958 1547 96b.
983 1533 1025 1536 —
1050 1513 1086 1554 2,
1113 1513 1132 1546 6
1157 1516 1224 1546 nisi
1254 1503 1290 1546 B:
1316 1532 1358 1536 —
1385 1514 1415 1553 4,
1444 1514 1464 1547 6
1491 1515 1582 1556 qnod
1609 1515 1657 1546 nil
1684 1517 1721 1546 C.
1747 1532 1790 1536 —-
1817 1513 1847 1553 5,
1874 1513 1895 1546 6
1918 1502 1919 1505 Ἰ

332 1561 417 1601 phas
443 1561 537 1592 Deus
564 1561 602 1591 B.

885 1659 954 1695 175.
991 1660 1074 1703 (65.)
1109 1658 1162 1695 Ad
1187 1659 1339 1696 Laudes.

334 1756 368 1791 1.
406 1754 498 1791 Cum
530 1755 566 1790 in
599 1754 715 1790 altum
748 1755 969 1791 ascenderet
1147 1757 1185 1792 4.
1219 1755 1308 1799 Quis
1340 1759 1396 1790 est
1428 1754 1498 1791 iste
1530 1765 1594 1790 rex
1627 1754 1780 1803 gloriae,

403 1811 451 1847 Et
483 1811 558 1847 ima
589 1822 713 1847 secum
746 1812 912 1847 traheret
1218 1811 1323 1856 Quod
1356 1811 1425 1847 hoc
1457 1812 1571 1848 decus
1603 1810 1814 1847 victoriae?

457 1867 741 1913 Triumphantis
1274 1868 1363 1913 Quis
1395 1873 1451 1904 cst
1482 1869 1552 1904 iste

515 1925 690 1962 maiestas
722 1924 885 1970 Domini,
1333 1925 1378 1961 de
1409 1924 1529 1961 Eslom
1565 1925 1731 1968 veniens,

458 1981 763 2018 Circumstabant
1274 1981 1472 2027 Purpureo

514 2039 694 2075 victorem
726 2038 836 2076 eruti.
1334 2038 1468 2074 vestitu
1500 2036 1694 2074 renitens?

336 2130 374 2166 2.
407 2128 579 2175 Superna
610 2128 708 2175 regis
741 2128 873 2165 civitas
1150 2131 1186 2165 5.
1219 2127 1346 2164 Fortis
1379 2132 1415 2164 et
1446 2132 1579 2174 potens
1609 2127 1806 2173 Dominus,

403 2187 565 2232 Pompas
597 2185 721 2222 educit
753 2185 896 2229 obvias,
1217 2184 1471 2230 Triumphans
1505 2184 1612 2220 victis
1647 2184 1828 2234 hostibus,

460 2242 579 2279 Utere
610 2246 761 2278 cantant
1275 2241 1392 2277 Manu
1426 2240 1512 2277 forti

514 2299 648 2335 victori
678 2299 802 2345 angeli
1331 2302 1464 2344 potens
1494 2297 1531 2333 in
1564 2298 1721 2345 proelio,

456 2356 507 2393 Et
539 2356 731 2392 Hoscmmt«
1274 2354 1405 2391 Victor
1440 2354 1538 2391 redit

499 2411 635 2449 salvati
666 2411 810 2458 populi.
1329 2411 1484 2448 subacto
1512 2410 1658 2450 zabulo.

332 2504 367 2539 23.
402 2502 484 2538 Illis
516 2508 703 2548 tamquam
737 2501 1003 2548 quaerentibus
1148 2505 1184 2540 6.
1219 2501 1275 2538 Sit
1307 2500 1456 2538 Christo
1488 2511 1630 2536 summo
1661 2500 1792 2547 gloria,

401 2558 447 2594 Et
481 2569 594 2606 super
626 2559 695 2595 hoc
726 2558 950 2595 mirantibus
1218 2558 1288 2603 Qui
1320 2557 1504 2593 scandens
1536 2567 1650 2604 super
1682 2557 1807 2594 sidera

456 2615 506 2652 Ili
538 2616 768 2662 respondent
1273 2614 1363 2651 Cum
1396 2614 1545 2659 spiritu,

513 2677 548 2708 et
581 2672 856 2709 alternantibus
1330 2682 1410 2706 cum
1443 2677 1551 2715 patre
1581 2680 1719 2715 supera

456 2728 513 2764 Ita
546 2735 693 2765 cantum
1270 2727 1370 2764 Deus
1402 2738 1496 2763 unus

513 2786 675 2821 mulcent
705 2784 961 2822 sermonibus:
1326 2785 1419 2827 regit
1451 2788 1485 2819 et
1517 2782 1654 2822 infera.

423 2875 447 2905 l’›
484 2874 540 2905 fol.
568 2873 647 2906 UOa.
678 2893 717 2896 —
745 2876 771 2905 t?
804 2875 860 2905 fol.
887 2874 970 2906 effla.
999 2894 1033 2897 ψ
1067 2872 1100 2911 l,
1136 2873 1149 2905 1
1179 2875 1212 2905 in
1243 2873 1350 2905 altuni
1376 2873 1470 2903 lit-ns
1499 2873 1534 2903 Β.
1565 2891 1603 2894 q
1633 2870 1670 2906 l.
1703 2869 1723 2902 2
1748 2872 1794 2903 Et
1819 2881 1887 2903 una

329 2931 442 2951 set-um
473 2921 506 2951 13.
534 2937 570 2942 -·
603 2920 632 2957 2,
659 2920 679 2951 2
705 2922 802 2951 ovias
832 2921 867 2951 Β.
