1914 3223
102 282 166 320 11.

101 552 166 591 12.

101 823 166 861 13.

100 1095 165 1132 14.

101 1365 164 1404 15.

100 1638 163 1676 16.

97 1909 161 1947 17.

715 162 879 204 -48

201 281 359 329 Insuper
388 289 526 316 vacans
557 287 717 325 corpore

199 337 307 374 Mens
338 338 531 373 assuescat
561 333 786 383 revolvere,

198 394 301 438 Quae
331 392 528 439 qualisque
559 391 609 428 sit
638 390 800 437 requies,

197 451 277 497 Qua
307 448 402 486 caeli
432 446 611 485 fruuntur
641 447 756 484 cives.

200 550 252 589 Ut
281 550 379 587 hanc
409 552 519 596 queat
549 548 706 586 liberius

199 606 396 654 Speculari
427 611 516 643 tunc
547 605 706 653 animus,

197 663 445 701 Interdicitur
475 663 574 699 actio

201 719 358 758 Servilis
390 719 451 756 die
482 717 632 756 festivo.

199 821 299 859 Hinc
329 831 370 857 se
400 831 516 867 super
545 831 585 857 se
616 819 788 856 sublevet

198 879 430 925 Attenteque
462 876 689 925 consideret,

199 934 300 981 Quae
339 938 553 972 sanctorum
585 933 661 970 sint
691 931 830 980 gaudia

198 993 239 1030 In
270 991 476 1028 Ierusalem
508 1000 683 1036 superna.

197 1094 348 1138 Penset,
371 1096 549 1139 quantum
573 1092 611 1128 111
629 1092 832 1139 gaudeant,

198 1149 288 1188 Cum
320 1150 395 1187 iam
426 1149 592 1196 pleniter
622 1148 801 1194 habeant,

197 1206 388 1253 Quidquid
419 1205 493 1252 ipsi
526 1205 726 1253 voluerint,

197 1263 373 1309 Careant,
407 1262 505 1310 quod
538 1262 739 1300 noluerint.

198 1366 316 1415 Intus,
349 1364 442 1402 foris
474 1370 511 1401 et
542 1364 709 1411 undique

199 1422 326 1460 Sancti
358 1421 460 1468 pleni
491 1425 579 1458 sunt
609 1421 764 1469 gloriae,

198 1479 290 1517 Cum
321 1478 360 1515 in
395 1474 497 1529 [Dei]
529 1478 748 1526 praesentia

196 1535 291 1585 Sint,
324 1535 387 1582 qui
418 1535 592 1572 omnibus
623 1535 761 1573 omnia.

194 1637 255 1674 llli
286 1640 421 1674 vacant
452 1636 632 1681 totaliter,

194 1694 305 1731 Hunc
334 1693 465 1730 vident
496 1691 696 1738 facialiter‚

193 1750 305 1788 Hunc
334 1755 460 1787 amant
492 1749 759 1787 ardentissime

193 1807 377 1854 Huncque
413 1806 553 1843 habent
594 1806 824 1853 plenissime.

194 1909 253 1946 Ex
282 1908 392 1945 buius
423 1909 503 1946 sola
534 1906 643 1958 facie,

194 1966 295 2010 Quae
326 1975 455 2002 verum
485 1966 610 2002 lumen
638 1965 794 2013 gloriae,

193 2021 290 2059 Tota
320 2021 494 2058 caelestis
526 2022 630 2059 curia

196 2078 375 2127 Percipit,
409 2089 503 2125 quae
533 2079 626 2123 vult,
660 2078 798 2117 omnia.

172 2178 256 2211 Cod.
281 2178 526 2211 Carolsruhan.
553 2177 619 2213 368
645 2181 709 2211 mit
733 2179 814 2211 Mel.

921 548 985 587 19.

916 820 982 858 20.

923 1093 989 1132 21.

919 1365 987 1402 22.

913 1636 980 1675 23.

914 1909 981 1947 24.

918 278 982 317 18.
1015 278 1044 315 Ο
1078 287 1188 323 quam
1221 273 1313 312 felix
1345 275 1437 311 11666
1469 274 1615 320 civitas,

1016 332 1092 371 Ubi
1125 332 1236 369 beata
1266 331 1418 368 trinitas

1020 389 1176 427 Mundis
1191 434 1194 437 ἱ
1210 388 1360 426 videtur
1391 387 1582 436 cordibus,

1019 446 1122 491 Quae
1153 449 1211 482 cst
1240 445 1384 492 gloriae
1415 444 1608 484 terminus.

1018 547 1077 584 Ex
1105 547 1176 584 1166
1208 547 1335 584 curiae
1365 547 1532 596 claritas,

1017 604 1076 641 Ex
1110 604 1178 641 1166
1207 614 1362 640 concors
1393 603 1555 641 societas

1018 660 1246 699 Caelestium
1279 660 1478 706 spirituum

1017 717 1075 754 Ac
1105 716 1299 754 beatorum
1333 717 1524 756 mentium.

1015 819 1187 857 Omnium
1219 818 1303 855 nisu
1335 819 1470 855 virium

1015 875 1191 912 Laudare
1223 880 1368 922 patrem
1402 876 1582 912 luminum

1015 932 1137 970 Unica
1168 931 1300 968 harum
1331 932 1440 981 actio,

1013 989 1126 1035 Quies
1156 988 1266 1025 huius
1298 987 1440 1027 fruitio.

1022 1091 1082 1129 Ab
1115 1091 1172 1128 1115
1203 1091 1378 1129 addiscat
1408 1091 1567 1137 animus,

1019 1149 1071 1187 Ut.
1103 1148 1235 1185 diebus
1266 1147 1478 1185 celebribus

1017 1205 1129 1251 Quies
1161 1205 1240 1241 eius
1271 1215 1336 1242 seu
1367 1205 1482 1242 motio

1016 1262 1155 1301 Divina
1185 1262 1236 1298 sit
1265 1261 1447 1299 laudatio.

1017 1364 1075 1401 De
1104 1364 1212 1401 1101115
1243 1364 1317 1402 16111
1349 1363 1529 1402 exhibitis

1017 1421 1091 1458 Seu
1123 1421 1170 1458 de
1201 1419 1319 1458 futuri
1349 1420 1530 1467 temporis

1017 1478 1167 1515 Laudet
1197 1477 1318 1514 Deum
1350 1477 1548 1524 vivaciter,

1016 1534 1251 1584 Mentaliter,
1285 1535 1481 1572 vocaliter.

1011 1636 1188 1683 Quisquis
1221 1634 1328 1673 festis
1361 1635 1577 1673 celebribus

1011 1692 1074 1730 Sic
1105 1692 1177 1729 Dei
1210 1698 1319 1730 vacat
1350 1692 1540 1739 laudibus,

1012 1750 1056 1787 In
1088 1760 1128 1786 se
1157 1749 1243 1796 ipso
1274 1749 1335 1786 hic
1366 1749 1508 1796 optime

1013 1806 1091 1843 Scit
1123 1811 1273 1843 sanctos
1307 1806 1387 1843 dies
1420 1807 1557 1846 colere.

1013 1908 1097 1945 Hoc
1127 1908 1236 1944 nobis
1264 1908 1313 1958 da
1343 1907 1540 1957 perficere,

1013 1966 1094 2002 Rex
1127 1966 1381 2012 sempiternae
1411 1965 1566 2015 gloriae,

1013 2022 1076 2059 Ad
1106 2021 1160 2058 tui
1191 2021 1341 2059 laudem
1373 2022 1534 2059 nominis

1014 2078 1293 2116 Concinendam
1327 2089 1407 2115 cum
1441 2079 1599 2126 angelis,

316 2335 397 2371 471.
434 2338 442 2376 (
450 2336 513 2379 14.)
551 2335 742 2379 Sequitur
766 2335 933 2380 hymnus
959 2336 1006 2370 de
1034 2335 1209 2370 adventu
1235 2334 1412 2370 Domini.

101 2439 137 2478 1.
169 2441 277 2487 Veni,
309 2442 406 2486 veni,
438 2452 507 2479 rex
537 2441 690 2490 gloriae,

168 2497 350 2545 Educque
379 2509 447 2536 nos
479 2498 525 2535 de
557 2508 709 2536 carcere

171 2554 385 2591 Mordentis
417 2555 669 2591 conscientiae

172 2610 335 2648 Dimisso
366 2615 501 2648 cuncto
533 2611 701 2648 crimine.

134 2741 142 2749 .
173 2711 347 2757 Quamvis
378 2723 469 2750 vero
499 2713 738 2758 instruxeris,

172 2767 332 2816 Emeris,
363 2768 601 2816 liberaveris,

173 2824 269 2870 Quid
299 2826 468 2873 prodest,
501 2827 539 2862 ni
570 2826 746 2863 eduxeris

174 2879 251 2918 Nos
280 2881 326 2918 de
357 2882 531 2929 squalore
562 2882 756 2919 carceris?

915 2443 954 2480 3.
986 2441 1058 2478 Est
1090 2451 1220 2477 carcer
1250 2441 1407 2477 multum
1440 2440 1633 2489 horridus,

986 2497 1225 2535 Tenebrosus
1257 2508 1301 2534 ac
1332 2496 1510 2538 foetidus,

986 2555 1162 2600 Impurus
1193 2555 1312 2591 omnis
1343 2554 1502 2603 animus,

989 2610 1166 2648 Criminis
1197 2610 1270 2647 sibi
1302 2611 1485 2650 6011561115.

916 2715 956 2751 4.
987 2712 1061 2749 Η16
1092 2712 1247 2749 multam
1279 2713 1354 2749 fert
1384 2712 1589 2759 miseriam,

987 2768 1100 2805 Panis
1132 2769 1232 2806 vitae
1263 2770 1482 2816 carentiam,

988 2825 1122 2870 Aquae
1153 2825 1261 2862 vivae
1291 2826 1500 2873 penuriam,

991 2882 1110 2918 verae
1142 2882 1236 2919 lucis
1267 2882 1446 2929 inopiam,
