2031 3289
305 300 371 338 40.

304 1033 371 1071 41.

310 1778 376 1815 42.

311 2523 378 2561 43.

916 185 1207 226 —360-

404 300 462 337 Tu
494 299 675 335 eeclesiae
706 299 817 335 etiam

403 355 601 392 Trinitasti
631 355 856 392 ierarchiam

459 413 500 449 In
533 411 641 455 hanc,
674 421 768 457 quae
795 410 865 447 fuit
885 411 1031 458 legalis,

403 468 444 505 In
478 479 571 514 eam,
603 477 697 513 quae
727 468 901 504 militiam

402 524 579 571 Exercet,
611 527 647 559 et
677 523 714 559 in
746 524 912 572 tertiam,

459 582 562 626 Quae
603 579 743 616 dicitur
778 579 1032 628 triumphalis,

402 636 460 673 Tu
490 647 636 683 quoque
667 637 829 673 extentis
859 637 929 674 alis

401 693 493 730 Ales
525 691 646 729 factus
677 693 862 738 spiritalis

459 749 663 795 Mystieam
696 749 921 795 theologiam

400 805 625 843 Monstrasti
656 810 691 841 et
722 806 821 842 datis
852 805 965 842 scalis

402 863 525 909 Supra
554 862 735 898 terminos
766 862 936 899 mortalis

459 918 762 955 Nominationem
795 919 906 957 diam.

403 1031 541 1068 Trinus
572 1031 654 1077 ipse
683 1031 858 1068 trinitare

403 1088 454 1125 Et
486 1092 563 1124 tres
593 1088 631 1124 in
662 1091 739 1124 tres
770 1088 967 1134 triplicare

462 1144 524 1181 Sic
554 1154 623 1191 per
654 1144 812 1180 Paulum
833 1148 871 1180 te
894 1144 1034 1193 docuit,

403 1200 514 1248 Nam,
548 1211 642 1246 quae
672 1200 744 1237 sibi
774 1201 1035 1239 demonstrare

403 1257 534 1294 Voluit
565 1262 599 1293 et
631 1258 814 1304 revelare,

460 1313 558 1350 Dum
576 1314 613 1350 in
628 1314 770 1350 caelum
783 1314 884 1350 hunc
895 1313 1032 1363 rapuit,

404 1370 488 1407 Hoc
520 1370 656 1406 docere
687 1374 723 1406 te
754 1370 912 1417 studuit,

404 1427 447 1463 In
480 1432 659 1473 quantum
691 1426 763 1463 sibi
793 1427 900 1464 licuit

463 1483 593 1520 Sciens
625 1483 783 1520 celanda
814 1483 950 1528 celare,

406 1541 467 1578 Ex
501 1551 573 1585 quo
604 1540 820 1577 anadochus
853 1538 925 1576 fuit

406 1597 545 1641 Bonus,
578 1607 663 1633 uam
695 1608 717 1633 a
747 1607 787 1633 se
819 1596 948 1633 debuit

464 1653 703 1699 Baptizatum
736 1653 969 1692 doetrinare.

408 1776 459 1813 Et
488 1777 577 1813 licet
608 1782 695 1813 ante
726 1775 843 1813 fueris

407 1833 551 1870 Doctor
583 1834 730 1870 doctior
760 1834 895 1870 ceteris

464 1890 512 1926 Et
541 1901 704 1926 summus
725 1889 1037 1937 philosophorum

407 1947 642 1992 Athenisque
674 1947 893 1994 cognoveris

408 2003 482 2040 Per
513 2003 681 2049 eclipsim
715 2008 751 2039 et
783 2003 922 2039 videris

466 2060 629 2096 Mortem
648 2060 833 2106 principis
845 2063 1039 2107 pastorum

408 2117 478 2153 Vel
510 2117 728 2153 mendacem
759 2117 1039 2153 subtractorum

408 2172 564 2209 Causam
597 2173 687 2209 solis
719 2173 911 2210 radiorum

464 2229 674 2266 Evidenter
704 2229 987 2275 monstraveris,

410 2286 495 2322 Tibi
527 2291 651 2322 tamen
685 2287 896 2322 divinorum

408 2342 546 2386 Legem
579 2343 685 2379 dedit
715 2343 991 2388 mandatorum,

466 2402 583 2445 Quam
601 2399 765 2436 nescisse
782 2405 871 2436 tunc
889 2397 1038 2437 diceris.

410 2522 519 2559 Hanc
550 2523 618 2559 tibi
651 2534 719 2570 per
745 2523 945 2559 triennium

410 2579 707 2626 Demonstravit,
736 2585 777 2616 ut
803 2579 969 2616 studium

467 2636 586 2672 Tuum
619 2642 717 2672 esset
749 2637 850 2673 circa
878 2635 991 2681 trina,

413 2692 482 2729 Vel
516 2693 616 2730 circa
648 2693 857 2729 doctrinam
889 2692 1001 2728 trium

412 2748 518 2785 Tunc
551 2760 721 2786 versares
752 2749 941 2794 ingenium

470 2806 578 2842 Dono
609 2806 713 2854 trini,
744 2817 817 2842 non
849 2805 1004 2852 rapina3

1117 705 1182 743 44.

1122 1449 1189 1487 45.

1123 2183 1190 2222 46.

1213 299 1360 347 Raptus
1392 301 1488 337 enim
1520 301 1569 337 ad
1601 300 1730 340 divina

1215 356 1367 393 visione
1397 357 1564 403 aquilina

1272 413 1471 450 Trinitatis
1502 413 1557 449 sic
1585 413 1734 450 radium

1216 469 1439 518 Percepisti‚
1471 473 1513 505 ut
1544 469 1684 506 tribina

1216 525 1397 562 Passione
1429 525 1488 562 vel
1519 525 1576 562 bis
1607 525 1707 563 trina.

1272 581 1483 618 Pertuleris
1517 581 1762 629 supplicium.

1215 703 1354 741 Carcer
1385 709 1421 740 et
1453 705 1574 742 crucis
1606 704 1744 752 ferrea,

1215 760 1365 797 Bestiae
1396 765 1433 797 et
1464 772 1555 798 crux
1586 761 1723 808 lignea,

1273 816 1466 862 Clibanus,
1499 817 1713 864 decollatio,

1215 873 1302 909 Tibi
1332 871 1487 910 fuerunt
1516 873 1688 912 flammea

1216 929 1418 967 Cherubim
1452 930 1536 967 dira
1566 931 1749 977 rumphea

1274 986 1452 1023 Paradisi
1482 987 1521 1023 in
1551 988 1668 1030 osti03

1217 1041 1294 1078 Sub
1323 1043 1423 1079 trino
1453 1047 1513 1079 ter
1544 1045 1700 1081 denario

1219 1099 1290 1135 Vel
1322 1099 1418 1135 deno
1449 1104 1508 1136 ter
1537 1101 1704 1137 ternario

1274 1157 1386 1192 Anno
1419 1155 1517 1192 vitae
1548 1156 1663 1203 gessit
1695 1167 1750 1207 ea,

1217 1211 1294 1248 Sub
1327 1213 1562 1250 Fescennino
1592 1213 1708 1259 impio

1218 1267 1335 1305 Trina
1366 1268 1524 1305 militum
1554 1269 1668 1306 trivio

1276 1324 1420 1361 Montis
1450 1329 1658 1373 martyrum
1691 1336 1792 1365 area.

1221 1447 1297 1485 Ala
1329 1449 1420 1485 caeli
1453 1449 1516 1495 qui
1546 1453 1636 1486 tunc
1666 1460 1750 1487 eras

1218 1504 1268 1541 Et
1300 1505 1363 1551 qui
1396 1505 1460 1541 diu
1490 1506 1686 1543 volaveras

1276 1562 1351 1598 Per
1382 1562 1510 1598 divina
1540 1563 1714 1612 tentoria,

1223 1617 1293 1662 Qui
1321 1618 1550 1664 theosophus
1582 1617 1708 1656 fueras

1219 1674 1269 1711 Et
1302 1675 1443 1710 caelum
1477 1675 1745 1721 exploraveras

1276 1731 1449 1777 Spiritali
1479 1734 1707 1778 praesentia,

1221 1787 1380 1834 Cognita
1412 1788 1505 1824 alias
1539 1789 1598 1825 via

1219 1845 1312 1882 Post
1341 1850 1499 1890 experta
1530 1844 1729 1892 supplicia,

1276 1901 1378 1946 Quae
1408 1912 1478 1947 pro
1510 1900 1584 1937 fide
1615 1901 1841 1948 pertuleras,

1219 1957 1433 1994 Pervolasti
1463 1957 1512 1994 ad
1541 1958 1722 2005 praemia,

1220 2014 1323 2060 Quae
1354 2018 1542 2060 tamquam
1573 2014 1645 2051 tibi
1678 2014 1835 2061 propria

1278 2069 1337 2106 De
1366 2069 1448 2106 iure
1480 2071 1762 2111 vendicaveraS.

1223 2181 1281 2219 Ibi
1312 2182 1562 2220 victorialiter

1223 2239 1312 2275 Vita
1343 2240 1437 2275 vivis
1469 2239 1632 2276 feliciter

1281 2296 1456 2333 Aureolis
1488 2301 1698 2343 coronatus⁷

1226 2353 1299 2389 Pro
1330 2353 1403 2388 tuis
1435 2351 1642 2390 efficaciter

1224 2409 1411 2446 Patronus
1444 2408 1565 2446 factus
1596 2409 1734 2456 iugiter

1280 2467 1405 2512 Atque
1435 2466 1519 2513 pius
1549 2467 1767 2511 advocatus,

1223 2523 1258 2559 A
1288 2522 1387 2558 trino
1418 2524 1471 2558 sic
1504 2523 1708 2568 trinitatus‚

1222 2579 1328 2624 Quod
1362 2579 1482 2615 eidem
1516 2579 1678 2616 sociatus

1279 2635 1331 2671 Es
1362 2635 1684 2682 inseparabiliter,

1225 2690 1293 2728 Cui
1324 2691 1373 2727 sit
1403 2693 1524 2728 trinus
1555 2692 1675 2728 honor
1706 2691 1817 2729 datus

1225 2749 1267 2784 In
1301 2747 1371 2784 hac
1399 2752 1504 2785 terra
1533 2748 1720 2785 incolatus

1282 2804 1370 2842 Sine
1400 2804 1474 2841 fine
1505 2805 1734 2851 perenniter.

390 2904 532 2936 Collect.
559 2916 619 2937 ms,
647 2906 926 2938 Claraevallense
951 2915 1040 2937 saec.
1068 2902 1119 2936 15.
1168 2904 1252 2936 eod.
1277 2905 1422 2936 Trecen.
1451 2902 1548 2936 1612.
