2031 3289
926 161 1233 201 —158—

836 327 917 363 113.
955 327 1012 368 (6.)
1047 327 1105 361 De
1131 325 1326 362 Ecclesia.

491 434 598 471 Haec
625 433 675 469 sit
705 443 812 469 sacra
846 432 989 478 domus,
1019 431 1074 467 sic
1104 432 1163 480 sit,
1197 441 1345 477 precor,
1378 431 1463 467 aula
1493 429 1668 478 salutis„

551 490 625 528 Ore
656 488 780 537 simul,
814 488 975 535 Christe,
1008 487 1056 523 sit
1087 487 1289 524 benedicta
1319 491 1395 526 tu0.

496 546 580 583 Non
613 545 675 582 hic
704 544 856 582 flamma
885 555 1003 581 vorax
1033 544 1172 591 laedat,
1206 554 1279 580 non
1312 541 1438 590 fulgur
1467 541 1514 579 ab
1547 542 1637 590 alto,

550 602 636 639 Non
667 602 827 648 languor
859 600 1012 648 cruciet,
1046 611 1120 636 non
1152 600 1261 638 labor
1290 603 1403 645 atque
1433 597 1564 647 fames,

492 659 578 696 Non
610 658 767 704 rapidus
801 658 959 695 daemon
992 655 1116 693 furum
1147 667 1221 692 non
1252 654 1370 692 factio
1402 654 1534 702 fallax,

547 715 622 752 Sed
655 717 806 751 maneat
836 713 958 760 pietas
990 713 1062 762 hic,
1096 722 1244 762 precor,
1277 716 1389 758 atque
1420 712 1534 751 saluS.

390 815 534 848 Collect.
569 825 631 845 ms.
657 813 873 855 Tegurinum
897 822 986 844 saec.
1017 809 1048 843 9.
1076 812 1162 844 Clm.
1186 812 1368 843 Monaeen.
1398 808 1523 843 19410.
1548 827 1592 831 —-
1624 807 1645 841 2
1669 809 1864 842 benedictio

297 865 369 893 tua.
395 879 427 883 —
464 859 484 892 5
510 860 611 892 facio.
645 876 682 881 —-
706 858 887 890 Diimmler
912 858 933 889 l.
960 866 988 889 c.
1018 868 1049 898 p.
1076 855 1152 889 268.
1178 874 1222 878 -

756 1013 837 1049 114.
876 1014 934 1055 (7.)
969 1011 1206 1048 Benedictio
1236 1011 1412 1048 Mensae.

535 1120 700 1167 Christe,
732 1119 835 1156 Deus
866 1122 1006 1163 noster,
1042 1117 1204 1154 benedic
1235 1117 1408 1155 convivia
1437 1126 1602 1164 mensae,

537 1178 716 1223 Quaeque
746 1176 820 1212 tuis
851 1174 985 1222 servis,
1017 1174 1225 1224 mitissime,
1261 1174 1358 1211 dona
1390 1172 1543 1220 dedisti,

538 1234 615 1271 Per
644 1237 682 1269 te
713 1233 788 1269 sint
820 1232 1020 1269 benedicta
1049 1231 1214 1277 quidem.
1269 1230 1327 1267 Tu
1356 1229 1515 1276 largiter
1544 1229 1677 1279 almus,

537 1289 672 1328 Omnia
701 1293 743 1325 tu
775 1289 937 1326 dederas
966 1287 1086 1335 nobis,
1124 1287 1198 1323 iam
1232 1286 1416 1333 quidquid
1447 1285 1643 1323 habemus.

480 1349 502 1385 5
537 1346 633 1384 Sunt
664 1345 762 1382 bona
793 1345 934 1392 quippe
964 1348 1041 1392 tua,
1074 1343 1160 1390 quia
1190 1347 1231 1380 tu
1260 1343 1380 1379 bonus
1411 1342 1536 1379 omnia
1567 1341 1712 1380 condis.

532 1403 608 1440 Vos
636 1412 796 1449 quoque,
829 1401 1022 1445 convivae,
1054 1400 1200 1446 laudes,
1233 1410 1337 1447 rog0,
1371 1399 1486 1436 dicite
1517 1398 1682 1447 Christo,

533 1459 691 1505 Semper
721 1459 759 1495 in
791 1469 856 1495 ore
887 1461 1021 1494 sonent
1050 1457 1155 1503 pacis
1186 1457 1246 1492 vel
1277 1455 1394 1492 verba
1424 1455 1569 1494 salutis.

534 1515 692 1562 Semper
721 1518 824 1552 amat
853 1524 984 1561 pacem
1017 1512 1191 1552 Christus
1222 1513 1286 1559 qui
1318 1512 1468 1549 dixerat
1496 1512 1601 1558 ipse:

537 1572 620 1623 „Do
651 1571 757 1609 vobis
789 1582 908 1608 meam
940 1581 1072 1617 pacem
1103 1579 1308 1617 pacemque
1339 1565 1548 1615 relinqu0.“

453 1631 504 1669 10
538 1629 596 1667 Sit
627 1639 773 1675 quoque
804 1631 932 1664 nostra
963 1637 1094 1663 manus
1124 1626 1272 1662 miseris
1303 1625 1517 1672 largissima
1547 1634 1697 1671 semper

536 1684 772 1732 Pauperibus
803 1683 973 1721 tribuens
1002 1693 1119 1730 panes
1151 1686 1373 1729 partemque
1405 1681 1588 1721 ciborum.

533 1742 711 1788 Accipiet
741 1741 927 1788 Christus,
962 1739 1114 1777 dederis
1145 1744 1187 1775 tu
1216 1738 1376 1787 pauperi
1407 1737 1608 1785 quidquid,

532 1799 583 1836 Et
614 1798 685 1835 tibi
716 1809 789 1834 non
818 1798 947 1834 tardat
978 1796 1188 1833 mercedem
1221 1795 1383 1832 reddere
1415 1805 1601 1841 magnam.

391 1900 534 1932 Collect.
560 1910 622 1931 mS.
649 1899 683 1931 S.
709 1899 844 1930 Mariae
868 1898 1056 1929 Lucionen.
1081 1907 1170 1928 saec.
1195 1894 1225 1927 9.
1251 1907 1303 1927 ex.
1351 1895 1434 1927 Cod.
1459 1895 1610 1926 Parisin.
1636 1891 1734 1925 5577.
1759 1893 1800 1925 A.
1818 1910 1862 1914 ——

298 1947 444 1988 Martyr.
477 1956 538 1977 ms.
569 1944 852 1984 Modoitiense(?)
886 1953 975 1974 saec.
1009 1941 1040 1974 9.
1096 1941 1178 1973 Cod.
1203 1942 1315 1983 Capit.
1350 1941 1521 1972 Veronen.
1556 1937 1600 1971 90
1631 1940 1670 1971 B.
1703 1956 1747 1961 —
1779 1938 1861 1971 Cod.

299 1992 458 2035 Angelic.
483 1992 513 2022 V
539 1988 569 2022 3.
598 1987 652 2021 22.
678 1999 767 2021 saec.
795 1987 847 2021 10.
874 1988 910 2020 C.
936 2006 981 2009 —
1005 1986 1026 2018 2
1051 1989 1187 2028 Quique
1213 1987 1289 2025 Ac¹3
1316 1988 1368 2018 tui
1394 1987 1483 2018 servi
1511 1986 1555 2024 B,
1582 1985 1767 2016 mitissima
1790 1984 1861 2023 AB.

299 2055 342 2059 —
368 2036 389 2069 3
414 2038 481 2069 Per
505 2040 539 2068 te
565 2038 647 2067 sunt
672 2035 748 2075 AC3
775 2035 922 2076 largitor
946 2034 1045 2065 ABG.
1073 2050 1116 2053 —
1141 2030 1160 2063 6
1186 2032 1256 2063 Vos
1283 2033 1340 2073 qui
1368 2032 1539 2063 convivae
1564 2030 1633 2062 AC.
1652 2047 1695 2051 —
1720 2028 1817 2062 Nach
1842 2026 1862 2061 6

299 2083 387 2125 folgt
420 2082 509 2114 noch
542 2083 579 2113 in
603 2082 650 2112 B:
687 2081 854 2112 Precibus
885 2088 1040 2111 mercens
1072 2078 1218 2108 crimina
1248 2086 1393 2118 magna,
1427 2077 1488 2108 das
1515 2075 1667 2107 VVeitere
1700 2074 1795 2107 fehlt.
1820 2090 1863 2095 -—

299 2126 320 2160 8
346 2132 460 2160 amate
486 2128 533 2167 A,
567 2127 651 2166 quia
681 2126 817 2158 dixerat
842 2124 878 2158 C.
905 2142 946 2146 -—
981 2121 1021 2155 10
1047 2127 1162 2155 vestra
1188 2132 1310 2154 manus
1336 2124 1373 2154 C.
1403 2141 1441 2144 —
1471 2119 1509 2152 11
1537 2122 1732 2163 partimque
1757 2121 1794 2152 C.
1820 2135 1863 2141 —-

302 2172 343 2205 12
376 2174 534 2215 Accipiet
566 2171 631 2203 hoc
663 2171 822 2203 Christus
848 2170 894 2210 A3
932 2179 1083 2211 paupere
1116 2168 1160 2207 A,
1196 2168 1288 2199 korr.
1321 2169 1357 2198 in
1388 2167 1532 2208 pauperi
1566 2166 1604 2198 C.
1635 2185 1678 2188 —
1714 2166 1862 2207 „Versus

300 2215 729 2305 ⁴gilquigi27acssqmensam“
757 2217 805 2256 A,
841 2216 990 2258 „Versus
1015 2214 1155 2245 Alcuini
1182 2216 1261 2245 ante
1287 2210 1461 2244 mensam“
1491 2212 1526 2243 C.
1560 2229 1604 2232 —-
1637 2210 1816 2243 Di‘unmler
1840 2210 1861 2241 l.

322 2289 328 2295 .
356 2276 387 2306 p.
552 2288 558 2294 .

744 2360 824 2397 115.
863 2360 920 2403 (8.)
956 2360 1056 2395 Post
1083 2358 1202 2394 eibos
1229 2358 1424 2402 sumptos.

535 2457 658 2506 Assis,
691 2456 854 2501 Christe,
892 2455 1008 2501 dapes
1040 2466 1139 2492 nunc
1171 2453 1396 2490 benedicere
1426 2456 1608 2498 sumptas,

594 2513 647 2551 Ut
680 2513 819 2549 satient
851 2510 1012 2548 famulos
1046 2510 1192 2548 fercula
1222 2509 1296 2546 ista
1327 2514 1424 2546 tuos.

536 2570 594 2607 Tu
626 2574 775 2607 nostras
807 2569 964 2612 animas,
998 2569 1173 2616 petimus,
1208 2571 1245 2602 et
1276 2576 1435 2612 corpora
1465 2565 1566 2601 victu

591 2624 789 2663 Dulcifero
819 2636 966 2674 pascas,
1001 2635 1151 2671 semper
1182 2623 1273 2672 alas,
1307 2626 1469 2669 vegetes.

542 2682 713 2730 Namque
745 2681 867 2719 cibum
900 2681 1011 2718 siccis
1042 2686 1077 2718 et
1113 2684 1239 2728 potum
1272 2679 1417 2726 largum
1450 2678 1487 2714 in
1519 2676 1620 2714 arvis

593 2739 650 2776 Tu
683 2739 844 2776 dederas
876 2738 1016 2785 populo
1048 2738 1120 2774 rite
1152 2735 1316 2784 petendo
1347 2739 1423 2772 tuo.

395 2840 538 2872 collect.
574 2850 634 2870 ms.
660 2839 872 2880 Teguriuum
908 2848 996 2870 saec.
1024 2836 1053 2869 9.
1080 2837 1166 2869 Clm.
1194 2837 1373 2868 Monacen.
1405 2831 1531 2866 19410.
1557 2851 1600 2854 -—
1625 2830 1646 2863 2
1671 2831 1799 2863 satiant
1819 2847 1860 2852 -

304 2883 324 2916 4
353 2895 490 2926 parcas,
518 2885 655 2926 vigites.
682 2901 724 2906 --
750 2882 927 2915 Diimmler
953 2884 973 2914 l.
1000 2894 1027 2914 c.
1054 2894 1085 2924 p.
1113 2881 1177 2914 267
1203 2892 1254 2923 sq.
