2031 3289
348 293 412 334 11.

445 295 547 341 Quae
577 305 649 331 non
679 294 753 331 tuis
784 294 877 331 mire
907 294 1006 340 pluis

500 351 684 388 Errantes
715 349 994 398 praeveniens?

447 407 623 453 Quaeque
653 405 737 443 fluis
767 407 830 453 pie
860 407 933 444 tuis

503 464 673 512 Pellens,
706 464 848 513 iuvanS,
887 463 1074 510 praeiens.

353 554 418 592 12.
451 554 521 591 Tui
554 554 646 590 casti
677 557 764 590 sunt
795 559 832 590 et
862 554 961 602 pasti

349 814 413 852 13.

347 1074 411 1112 14.

348 1335 413 1374 15.

348 1585 411 1624 16.

347 1834 410 1871 17.

346 2083 411 2121 18.

347 2332 409 2371 19.

344 2582 410 2619 20.

502 611 616 647 Bonis
654 610 919 657 continentiae,

447 667 532 703 Non
559 666 696 703 incesti
727 677 797 703 nec
827 667 890 713 qui
920 667 1019 713 pesti

502 722 678 760 Serviunt
708 723 891 763 luxuriae,

444 813 540 850 Mihi
570 817 646 859 tu0‚
679 813 747 850 sed
778 813 842 862 qui
869 812 943 851 fluo

503 870 629 906 Veteri
661 868 829 920 fuligine,

443 926 540 963 Mihi
572 931 689 974 casto,
722 927 790 964 sed
824 927 984 978 depasto

502 983 662 1030 Propria
692 983 882 1031 aerugine,

444 1074 603 1123 Quaeso,
634 1074 734 1120 plue,
767 1084 917 1123 quaeso,
949 1073 1022 1110 flue

501 1129 718 1167 Gratiarum
749 1129 913 1176 flumine,

442 1187 493 1225 Ut
524 1197 594 1233 per
623 1190 725 1223 tuam
755 1197 905 1224 manum
935 1185 1048 1224 fluam

500 1243 689 1280 Virtutum
721 1244 939 1290 spiramine.

446 1334 475 1372 O
507 1334 632 1371 suavis
664 1338 712 1380 et,
745 1345 841 1381 quae
871 1332 967 1371 favis

502 1391 683 1428 Omnibus
716 1402 754 1427 es
787 1391 946 1433 dulcior,

445 1448 570 1497 Flore,
601 1446 739 1495 fructu,
771 1458 867 1497 rore,
901 1453 1009 1484 ructu

502 1503 667 1551 Singulis
698 1505 861 1551 suavior,

444 1586 474 1621 O
506 1585 677 1631 innupta,
709 1584 781 1620 huc
813 1588 941 1621 eructa

499 1641 632 1677 Dulcis
662 1641 801 1678 undam
834 1639 1008 1689 fluminis,

447 1698 560 1744 Yirgo
593 1697 668 1745 dia,
702 1698 805 1734 cuius
838 1697 921 1734 bria

500 1754 618 1790 Dulce
650 1759 781 1791 nectar
811 1754 984 1803 numinis,

443 1835 582 1871 Fontes
614 1833 731 1878 vivos,
765 1833 836 1870 Dei
867 1833 966 1869 rivos

499 1889 745 1927 Multiformis
776 1890 932 1936 spiritus

443 1947 674 1983 Emanantes
706 1951 741 1982 et
773 1951 944 1983 rorantes

497 2004 654 2041 Animas
685 2003 865 2040 divinitus

1069 178 1149 221 282

1159 296 1226 334 21.

1162 556 1228 592 22.

1164 816 1229 853 23.

1161 1076 1227 1113 24.

1161 1336 1228 1373 25.

1162 1587 1226 1624 26.

1258 295 1379 332 Ainan
1411 294 1529 332 hostis
1560 294 1648 333 Orci
1678 293 1806 341 postis,

1313 352 1479 388 Hesther
1509 356 1566 388 est
1596 351 1766 398 ecclesia,

1259 408 1534 445 Mardochaeus
1567 413 1623 445 est
1654 408 1816 446 Iudaeus

1314 465 1487 511 Quisquis
1517 465 1556 501 in
1587 464 1742 516 angaria

1262 554 1415 592 Plebem
1447 555 1530 604 Dei,
1563 555 1672 592 datus
1704 555 1738 591 ei

1316 612 1467 658 Rector,
1500 622 1581 648 eam
1611 611 1778 655 instruit,

1259 669 1492 707 Artaxerxes
1525 673 1592 713 est,
1625 668 1688 714 qui
1719 677 1858 704 messes

1316 724 1366 761 Et
1397 726 1521 761 omnia
1550 724 1696 762 tribuit.

1263 814 1378 860 Virga
1408 818 1513 851 recta
1543 818 1581 850 et
1608 817 1783 860 porrecta

1317 871 1383 908 Pio
1413 871 1682 916 moderamine,

1260 927 1452 964 Deaurata
1481 931 1517 964 et
1547 931 1734 975 gemmata

1316 984 1479 1033 Fronde,
1512 983 1616 1030 flore,
1648 983 1826 1031 germine,

1260 1074 1317 1111 Tu
1348 1084 1400 1121 es,
1430 1074 1493 1121 pia
1523 1074 1629 1121 virgo
1661 1075 1738 1122 dia,

1315 1131 1431 1178 Virga
1459 1131 1558 1178 regis
1589 1131 1744 1178 gloriae,

1259 1187 1378 1225 Nobis
1410 1187 1499 1224 data
1529 1191 1567 1224 et
1595 1188 1745 1234 prolata

1316 1246 1359 1282 In
1387 1244 1531 1291 signum
1565 1244 1798 1284 clementiae.

1261 1335 1378 1372 Tuam
1414 1335 1577 1371 clemens
1608 1345 1674 1381 ego
1705 1339 1869 1372 tremens

1315 1392 1464 1438 Expeto
1494 1391 1744 1437 clementiam,

1260 1449 1376 1485 Tuam
1409 1458 1521 1485 orans
1553 1452 1589 1484 et
1619 1448 1825 1494 implorans

1317 1505 1474 1543 Pietatis
1505 1505 1677 1552 gratiam,

1259 1585 1311 1623 Ut
1340 1595 1467 1621 amore
1499 1589 1534 1620 et
1565 1584 1706 1621 honore

1312 1641 1396 1686 Dei,
1429 1641 1483 1677 tui
1514 1640 1595 1688 filii,

1256 1698 1356 1735 Tuus
1390 1698 1485 1734 votis
1516 1698 1585 1734 sim
1619 1702 1655 1734 et
1685 1698 1775 1734 totis

1315 1754 1469 1791 Nisibus
1501 1753 1682 1801 obsequii.

1221 1864 1229 1872 .
1264 1834 1419 1879 Corpus,
1434 1837 1595 1870 mentem
1607 1837 1886 1879 etpraesentem

1313 1890 1421 1927 Vitae
1452 1901 1556 1926 meae
1586 1890 1776 1927 modulum

1257 1947 1336 1983 Deo
1368 1957 1455 1984 vere
1487 1945 1547 1983 fac
1577 1947 1729 1993 placere

1313 2004 1450 2050 Meque
1482 2004 1551 2039 tibi
1583 2003 1785 2040 servulum.

444 2083 492 2119 Et
526 2083 698 2120 recondit
730 2086 765 2118 et
797 2082 967 2120 refundit
1159 2085 1224 2122 28.
1260 2083 1297 2119 Si
1329 2094 1387 2119 nie
1419 2094 1521 2119 reum
1553 2083 1654 2129 apud
1687 2083 1807 2120 Deum
1851 2075 1854 2078 ’

498 2140 541 2176 In
570 2139 699 2176 hortos
730 2139 925 2186 ecclesiae,
1313 2141 1493 2177 Assumas
1523 2140 1560 2176 in
1592 2139 1722 2186 filium,

444 2196 557 2233 Vivos
590 2197 701 2241 rivos,
736 2207 825 2232 vere
857 2196 960 2233 vivos
1258 2196 1391 2233 Salvus
1423 2207 1487 2232 ero
1518 2206 1637 2242 neque
1667 2206 1806 2242 quaero

499 2251 737 2299 Septiformis
769 2253 926 2300 gratiae.
1314 2253 1479 2300 Longius
1510 2253 1703 2291 auxilium.

443 2332 472 2370 O
505 2332 712 2380 clementis,
745 2333 958 2369 miserentis
1159 2334 1224 2371 29.
1258 2333 1481 2370 Peccatores
1513 2333 1613 2369 intra
1644 2331 1745 2370 fores

498 2389 614 2436 Virga
645 2389 716 2425 Dei
749 2389 864 2435 regia,
1312 2389 1439 2426 Divini
1471 2389 1642 2438 triclinii,

441 2447 555 2492 Quam
589 2455 654 2482 rex
686 2456 798 2482 verus
827 2447 1015 2482 Assuerus
1255 2445 1330 2483 Ubi
1362 2445 1503 2493 gaudes
1536 2444 1661 2482 ferens
1692 2445 1823 2482 laudes

497 2503 539 2539 In
571 2502 832 2539 misericordia
1313 2504 1355 2540 ln
1386 2502 1521 2539 throno
1553 2502 1698 2549 palatii,

442 2581 609 2618 Hcsther
640 2581 764 2618 tendit
795 2586 830 2617 et
861 2581 1058 2627 suspendit
1163 2583 1226 2620 30.
1259 2582 1320 2619 Ad
1353 2586 1390 2618 te
1421 2582 1568 2628 spirant
1600 2587 1637 2618 et
1666 2582 1870 2628 suspirant,

496 2640 618 2675 Aman
651 2639 688 2675 in
721 2637 903 2683 patibulo,
1315 2638 1379 2675 Sui
1410 2649 1514 2685 spem
1547 2636 1723 2685 confugii,

438 2695 544 2741 Quod
577 2695 715 2731 Iudaeo
750 2694 1007 2731 Mardoch.1eo
1257 2696 1358 2742 Quae
1387 2705 1426 2731 es
1453 2695 1577 2732 lumen
1601 2700 1636 2731 et
1659 2705 1835 2732 cacumen
1850 2691 1883 2744 ¹)

498 2752 607 2787 l'arat
639 2752 675 2787 in
708 2751 881 2790 latibulo,
1313 2752 1476 2788 Humani
1508 2751 1648 2788 solacii.

419 2861 445 2901 ¹)
470 2863 531 2893 Ληι
563 2867 685 2894 nntern
713 2863 811 2894 lx'aud
838 2874 905 2894 von
931 2863 1076 2894 andei-m·
1104 2864 1205 2894 lland
1232 2862 1416 2895 vvriindert
1442 2865 1495 2895 in:
1528 2863 1621 2895 Solis
1647 2867 1762 2902 ortus,
1794 2853 1886 2895 vitae

326 2912 444 2949 portus
469 2908 595 2938 'sotius
623 2909 755 2949 refugii.
