1914 3223
748 219 799 223 --
860 197 941 236 410
1001 219 1055 224 -

547 374 628 410 319.
665 374 722 415 (2)
759 374 801 408 In
830 374 1054 410 Nativitate
1082 375 1255 411 Domini.

376 468 511 512 Salve,
543 465 640 505 festa
673 467 766 516 dies,
796 472 875 505 toto
907 469 1136 506 venerabilis
1167 480 1272 516 aevo,

443 525 525 570 Qua
556 523 658 561 Deus
690 524 829 569 illuxit,
861 524 925 561 lux
960 530 995 561 et
1027 525 1150 571 imago
1182 526 1266 564 Dei.

383 581 498 627 Ecce,
531 591 649 618 novae
681 580 775 617 lucis
808 581 982 618 oriuntur
1013 582 1151 629 gaudia
1184 582 1304 628 nobis,

442 636 527 674 Nox
558 637 650 685 abit,
684 636 786 674 orbis
816 641 914 683 avet,
947 648 1048 675 mors
1080 638 1250 684 peritura
1282 643 1407 685 pavet.

319 697 350 732 Σ)
385 693 463 730 Iam
495 695 637 740 repetit
669 704 816 730 sursum
848 693 983 731 solaris
1015 694 1195 741 lampada
1227 705 1390 735 cursum,

440 751 518 788 Pax
551 750 650 787 redit
683 754 719 786 et
751 750 923 797 requies;
956 750 1026 787 hoe
1059 750 1167 788 docet
1199 758 1311 788 auc-ta
1348 751 1440 790 dies.

383 806 541 844 Saecula
573 806 737 843 iucundo
768 806 929 844 redeunt
959 806 1138 844 Saturnia
1169 807 1321 852 mundo,

439 864 567 900 Aurea
598 873 714 910 regna
745 863 893 910 vigent3
928 863 1070 910 desine,
1104 862 1229 901 ferrea
1260 865 1375 911 gens!

383 919 518 957 Omnia
549 920 746 965 mirentur,
779 924 969 968 stupeant,
1002 920 1171 968 timeant,
1206 922 1456 958 venerentur!

296 976 348 1015 10
440 976 511 1022 Qui
542 976 638 1023 regit
670 986 791 1021 omne⁷
824 977 923 1022 quod
956 980 1024 1026 est,
1057 976 1098 1013 fit
1131 987 1231 1025 caro,
1263 977 1330 1014 sed
1362 976 1465 1014 Deus
1496 981 1566 1017 est.

378 1033 485 1080 Quod
517 1033 820 1081 patriarcharum
852 1032 1091 1079 typicaverat
1121 1033 1256 1070 umbra
1286 1033 1447 1080 piorum,

437 1089 544 1135 Quod
570 1089 630 1126 lex
661 1093 697 1125 et
729 1093 834 1126 vates
866 1090 1065 1136 clauserat,
1099 1100 1198 1137 ecce,
1231 1095 1350 1136 patet.

379 1145 498 1192 Spina
529 1156 665 1194 rosam,
699 1145 840 1184 Iudaea
871 1145 1006 1193 Deum,
1039 1146 1224 1184 nubecula
1256 1147 1374 1184 solem

435 1202 487 1240 Et
518 1202 646 1249 genuit
677 1202 799 1250 iugem
831 1203 941 1239 stella
974 1203 1098 1240 Maria
1131 1203 1243 1240 diem.

295 1260 345 1297 15
380 1259 497 1308 Virga
527 1257 654 1295 ferens
684 1258 813 1296 florem
846 1269 927 1296 cum
961 1258 1086 1296 fructu
1117 1259 1238 1306 spirat
1271 1259 1440 1308 odorem,

434 1316 526 1353 Flos
559 1315 745 1364 Christus,
780 1326 866 1352 caro
899 1327 988 1363 nux,
1021 1316 1176 1353 nucleus
1209 1319 1265 1353 est
1299 1316 1433 1354 deitaS.

378 1372 447 1410 Cui
479 1372 559 1408 sine
592 1378 711 1409 matre
742 1376 863 1420 pater,
894 1372 953 1409 cui
984 1377 1093 1418 patre
1125 1376 1249 1410 manet
1281 1373 1363 1410 sine
1393 1376 1528 1422 mater,

434 1428 593 1465 Dixerat
624 1432 665 1465 ut
697 1428 866 1474 Gabriel,
901 1429 1069 1466 nascitur
1102 1429 1339 1468 Emmanuel.

375 1484 500 1531 Salve,
533 1490 643 1531 porta
675 1485 759 1533 Dei,
793 1485 866 1532 via,
901 1486 1005 1532 virgo
1037 1486 1173 1534 Maria,
1209 1486 1297 1529 diei,

282 1543 334 1580 20
427 1541 500 1578 Per
529 1552 640 1588 quam
672 1542 735 1578 lux
767 1541 869 1578 orbis
902 1540 1007 1578 fulsit
1035 1542 1082 1579 ab
1115 1553 1202 1579 arce
1238 1543 1371 1589 patris,

199 1653 344 1686 Collect.
378 1663 440 1684 ως.
473 1653 509 1685 S.
540 1653 675 1685 Nicolai
712 1654 892 1685 Patavien.
929 1663 1018 1685 saec.
1054 1651 1104 1684 12.
1139 1655 1226 1686 Clm.
1252 1654 1434 1686 Monacen.
1471 1650 1599 1686 16073.
1634 1671 1683 1675 —-

101 1700 162 1731 Da
193 1699 257 1731 das
283 1698 370 1730 Lied
401 1699 437 1729 in
469 1698 583 1730 dieser
609 1698 837 1730 Handschrift
870 1699 1042 1731 zwischen
1067 1699 1261 1731 Gedichten
1287 1699 1490 1731 Hildeberts
1515 1699 1610 1730 steht
1634 1717 1677 1721 —

97 1755 141 1777 -θε
166 1744 256 1787 folgt
281 1744 525 1776 unmittelbar:
550 1744 772 1775 Tollimur
797 1755 814 1776 e
841 1745 979 1776 medio
1007 1746 1117 1776 fatis
1144 1745 1412 1786 urgentibus
1431 1755 1598 1781 omneS‚
1625 1755 1680 1776 so·

97 1789 215 1822 daun:
247 1791 295 1822 In
327 1789 478 1821 natale
513 1799 641 1821 sacro
673 1800 814 1821 novae
845 1790 1084 1821 sollemnia
1117 1791 1283 1827 missae,
1313 1791 1375 1821 mit
1400 1789 1460 1821 der
1484 1790 1680 1821 Autschrift

105 1835 338 1877 „Eiusdem
356 1835 427 1868 Cur
453 1836 489 1866 in
514 1835 630 1866 natale
650 1835 715 1866 Dei
740 1839 810 1866 tres
837 1835 1054 1867 celebrentur
1080 1833 1225 1866 missa&
1255 1852 1308 1873 —-‚
1334 1835 1470 1867 zweifle
1493 1834 1549 1867 ich
1568 1835 1677 1873 nicht,

95 1880 180 1912 dass
219 1891 256 1912 es
298 1891 366 1912 von
406 1880 589 1912 Hildebert
629 1882 698 1918 sei,
740 1880 863 1912 desseu
899 1881 997 1913 Geist
1036 1891 1072 1912 es
1111 1881 1381 1912 unverkennbar
1417 1883 1534 1912 atmet.
1597 1880 1675 1923 Vgl.
1731 1902 1738 1909 ·

98 1925 206 1958 Anal.
234 1926 364 1964 XLIII,
395 1923 445 1957 18.

428 2082 512 2118 2320.
550 2082 607 2125 (3)
644 2083 701 2117 De
728 2082 977 2125 virginitate
1003 2082 1149 2118 beatae
1175 2082 1346 2118 Mariae.

277 2176 355 2223 Sol,
389 2176 605 2223 crystallus7
637 2187 734 2223 aqua
767 2176 859 2213 dant
891 2176 1187 2223 qualemcunque
1219 2175 1377 2223 figuram

334 2232 503 2279 Virginei
532 2238 663 2281 partus
693 2232 970 2278 aedificantque
1001 2232 1128 2270 fidem.

273 2289 312 2326 Si
344 2289 512 2336 tingatur
541 2289 648 2336 aquis
681 2294 717 2326 et
746 2290 816 2326 soli
849 2289 1070 2334 subiciatur,

330 2345 524 2384 Scintillas
552 2344 699 2392 profert
730 2346 879 2391 integer
909 2346 974 2382 ille
1005 2345 1117 2391 lapis.

213 2405 238 2441 5
272 2401 446 2439 Flamine
476 2403 530 2439 sic
561 2402 741 2439 mundata
771 2413 880 2439 sacro
912 2402 1154 2448 subiectaque
1185 2402 1254 2439 soli

328 2458 501 2495 Iustitiae
532 2459 682 2508 peperit
713 2459 860 2505 integra
885 2459 989 2505 virgo
1023 2459 1154 2496 Deum.

271 2514 311 2552 Si
343 2515 438 2552 bene
470 2520 604 2552 cuncta
635 2521 754 2557 notes,
787 2526 897 2562 aqua,
929 2515 997 2560 sol,
1032 2513 1234 2563 crystallus
1268 2519 1303 2550 et
1335 2513 1433 2560 ignis

328 2571 423 2608 Sunt
453 2569 599 2621 flamen,
631 2571 801 2612 verbum,
834 2571 940 2618 virgo
973 2571 1148 2618 D'eusque
1181 2581 1286 2616 puer.

269 2627 429 2664 Flamen
462 2638 592 2675 aquae,
627 2627 782 2664 verbum
814 2628 896 2677 soli,
930 2628 1150 2674 virguncula
1181 2637 1361 2674 gemmae.

179 2685 234 2723 10
330 2683 453 2730 Stirps
486 2684 562 2731 igni
595 2684 755 2730 quadam
790 2684 1005 2721 conditione
1037 2685 1123 2722 coit.

267 2741 427 2778 Flamen
459 2751 568 2787 aqua,
601 2740 685 2786 quia
717 2741 810 2778 lavit
843 2751 936 2789 eam,
967 2741 1196 2786 verbumque
1227 2750 1431 2785 supernum

328 2796 405 2842 Sol,
439 2797 526 2843 quia
557 2807 629 2834 non
662 2797 777 2834 violat
809 2802 844 2834 ct
875 2803 1000 2834 tamen
1031 2798 1149 2833 intrat
1181 2807 1274 2834 eam.

271 2853 388 2900 Virgo
419 2853 529 2900 lapis,
563 2853 650 2900 quia
681 2854 787 2901 virgo
818 2855 930 2902 parit,
963 2864 1057 2901 puer
1089 2853 1269 2899 exprimit
1300 2853 1435 2900 ignem,

322 2909 422 2946 Nam
458 2909 595 2947 virtute
626 2909 752 2956 micat,
783 2910 922 2948 lumine
955 2910 1070 2947 corda
1103 2909 1237 2955 replet.

1382 2972 1454 3006 27*
