2031 3289
441 681 503 717 10.

440 962 504 1000 15.

438 1245 506 1282 20.

439 1529 504 1565 25.

440 1811 506 1850 30.

901 171 1210 211 —232—

554 289 617 325 Ius
649 290 705 323 est
735 295 896 331 namque
926 284 997 322 tibi
1027 285 1187 332 gemitus
1218 284 1352 322 audire
1383 290 1544 333 tuorum,

612 342 684 389 Qui
715 346 752 378 te
781 342 918 388 quique
949 344 1054 378 tuum
1084 351 1220 378 nomen
1249 351 1377 378 amore
1409 347 1556 380 sonant.

554 400 612 437 Tu
642 402 752 445 pater
782 408 820 434 es
855 397 946 444 veri,
977 407 1088 434 verus
1119 397 1235 444 Deus,
1266 398 1391 434 omnia
1421 409 1548 447 verax,

610 455 663 492 Te
694 464 823 492 verum
854 454 1055 491 Dominum
1088 458 1223 490 cuncta
1253 458 1381 491 creata
1411 455 1587 500 probant.

553 512 655 558 Ergo
687 509 776 557 fuga
808 510 956 555 densas,
989 520 1010 546 o
1040 510 1105 546 lux
1134 509 1317 547 immensa
1347 511 1537 558 tenebras,

611 569 761 617 Detege
791 567 992 603 mendosos
1022 566 1174 603 luminis
1205 575 1271 603 ore
1300 566 1432 613 globos

554 624 639 661 Non
665 622 947 661 confundantur
975 622 1085 659 mites
1116 626 1153 659 te
1183 622 1358 669 principe
1388 623 1506 672 pacis,

610 680 639 718 Ο
671 679 725 717 fili
756 680 894 728 David,
927 690 949 716 o
980 678 1180 716 Salomone
1210 679 1326 725 prior,

553 737 629 775 Sed
661 735 942 773 confundantur
972 735 1144 772 mendosi
1175 734 1368 773 daemonis
1399 747 1515 783 arma,

611 793 701 838 Quis
732 792 864 839 inopes
896 796 1028 828 contra
1058 791 1187 828 sibilat
1217 791 1319 838 aspis
1351 802 1452 831 oves.

553 850 623 895 Tu,
655 850 714 886 leo
747 849 793 886 de
823 849 929 897 Iuda,
962 853 1015 893 tu,
1048 858 1128 896 rex,
1161 853 1212 897 tu,
1245 848 1446 894 splendide
1477 848 1626 886 Christe

610 906 729 943 Vince
759 904 970 942 latebrosas
1000 904 1084 941 luce
1115 904 1259 941 nitente
1289 904 1477 951 strophas.

553 963 747 1001 Clarescat
779 962 924 998 cunctis
956 961 1097 998 erroris
1128 965 1166 997 et
1196 965 1278 998 atra
1310 971 1483 1007 caverna,

608 1019 722 1057 Unde
752 1018 846 1055 serit
875 1018 1002 1064 piceas
1034 1016 1130 1054 falsa
1162 1017 1312 1064 loquela
1342 1015 1457 1057 faces,

553 1076 611 1112 Tu
641 1075 828 1122 quondam
861 1073 988 1111 fueras
1018 1078 1144 1110 castae
1176 1072 1350 1110 fautorne
1381 1073 1586 1121 Susannae,

609 1132 741 1169 Testes
773 1129 940 1168 falsidici
969 1140 1040 1166 nec
1070 1130 1223 1167 valuere
1254 1129 1358 1166 viri?

551 1189 636 1226 Non
666 1188 743 1224 illis
775 1188 944 1235 geminus
975 1197 1165 1235 numerus,
1197 1197 1271 1223 non
1303 1197 1395 1224 cana
1427 1189 1594 1224 vetustas

609 1243 770 1290 Profuit,
803 1244 904 1281 haud
935 1242 1059 1280 fusum
1091 1242 1189 1280 falsa
1220 1253 1289 1289 per
1319 1254 1385 1280 ora
1416 1243 1567 1291 malum,

553 1302 629 1339 Sed
659 1306 696 1337 te
728 1302 856 1338 veraci
887 1299 1061 1346 Domino,
1094 1304 1131 1336 te
1162 1299 1288 1336 iudice
1319 1310 1462 1336 summo

610 1357 846 1404 Sorpserunt
877 1356 1060 1403 reprobos
1092 1357 1254 1393 Tartara
1285 1366 1396 1394 caeca
1428 1357 1551 1403 viros3

551 1414 622 1462 Qui
656 1414 872 1451 dilexerunt
903 1413 1094 1450 mendosis
1121 1411 1275 1458 figmina
1305 1413 1453 1459 plastis,

608 1472 714 1509 Inter
744 1471 945 1507 mendosos
976 1470 1146 1516 praemia
1178 1469 1292 1516 digna
1322 1469 1442 1506 luunt.

551 1529 701 1577 Magne,
735 1527 791 1564 tui
821 1526 960 1564 victrix
991 1526 1046 1563 sic
1074 1525 1251 1572 splendet
1283 1526 1385 1562 celsa
1415 1530 1598 1585 potestaS,

608 1584 721 1622 Cuius
752 1584 792 1620 in
822 1587 981 1630 aspectu
1011 1582 1142 1620 nubila
1173 1581 1270 1619 falsa
1302 1582 1453 1620 cadunt.

552 1642 609 1678 Tu
641 1641 741 1677 solus
772 1640 881 1677 nobis
913 1640 964 1676 sis
994 1639 1122 1685 iudex,
1155 1638 1318 1686 Christe,
1350 1638 1534 1686 benignus

612 1697 702 1735 Alto
734 1697 856 1743 deque
885 1696 1022 1733 throno
1053 1695 1265 1742 propitiare
1295 1695 1382 1734 tuis.

554 1754 753 1793 Credimus
784 1752 983 1791 altithroni
1015 1752 1182 1799 genitum
1213 1755 1263 1800 te,
1295 1752 1460 1789 maxime
1490 1756 1630 1797 rector,

611 1811 815 1857 Speramus
845 1810 974 1846 mitem
1003 1808 1157 1846 mitibus
1189 1818 1271 1845 esse
1305 1809 1450 1846 ducem.

554 1867 657 1915 Ergo
688 1867 762 1903 tuis
794 1865 946 1903 famulis
976 1865 1122 1902 alienae
1153 1865 1304 1902 sarcina
1333 1865 1442 1902 molis

610 1924 696 1961 Non
727 1923 944 1970 adponatur
974 1922 1099 1959 iudice
1130 1925 1168 1958 te
1199 1921 1374 1960 Domino.

552 1982 595 2018 In
627 1985 664 2016 te
696 1984 895 2026 sperantes
926 1990 1000 2016 non
1033 1977 1309 2015 confundamur
1338 1979 1376 2015 in
1409 1988 1555 2024 aevum,

610 2036 760 2083 Sceptri
792 2036 900 2083 virga
930 2035 984 2072 tui
1016 2033 1168 2084 frangat
1201 2045 1353 2072 enorme
1383 2033 1504 2073 nefas.

1629 880 1638 899 7

441 2095 512 2133 35.
559 2094 735 2132 Iustitiae
765 2094 946 2130 trutinam
979 2091 1151 2129 manibus
1183 2102 1283 2139 rege,
1318 2091 1480 2128 candide
1510 2090 1636 2137 iudex,

383 2364 464 2396 cod.
485 2364 643 2395 Vatican.
662 2364 775 2395 Palat.
802 2361 879 2395 591.
905 2373 994 2394 saec.
1015 2360 1066 2394 15.
1083 2379 1128 2384 —
1145 2360 1164 2393 5
1182 2372 1284 2393 verus
1302 2361 1342 2392 dr
1357 2359 1455 2401 (statt
1472 2359 1534 2400 ds).
1553 2379 1595 2384 —
1616 2359 1656 2393 19
1674 2364 1849 2393 venustas.

286 2427 329 2430 —
365 2407 408 2441 20
442 2409 598 2441 Profluit.
631 2427 674 2430 —
706 2409 868 2447 Pirenne,
901 2407 1065 2440 Sedulius
1091 2407 1132 2440 de
1157 2405 1276 2449 Liege,
1309 2418 1341 2449 p.
1368 2405 1411 2438 64
1437 2415 1506 2449 sq.3
1537 2407 1690 2441 Traube,
1723 2407 1850 2438 Poetae

615 2150 716 2187 Vera
746 2150 873 2187 volent
904 2160 1065 2196 sursum,
1097 2154 1230 2196 vergat
1259 2148 1297 2185 in
1329 2148 1403 2185 ima
1433 2147 1587 2186 malum.

560 2207 616 2244 Tu
646 2206 755 2243 nobis
788 2207 944 2254 clipeus,
977 2209 1018 2242 tu
1049 2205 1100 2242 sis
1131 2205 1322 2251 turrisque
1353 2205 1499 2254 salutis,

617 2263 797 2307 Maxime,
829 2267 871 2300 tu
902 2263 1059 2299 miseros
1090 2262 1249 2308 respice,
1284 2261 1449 2309 Christe,
1481 2267 1577 2298 tuos.

289 2454 374 2485 Aevi
402 2455 557 2486 Carolini
584 2455 647 2494 ΙΙΙ,
675 2452 741 2486 213
766 2464 816 2495 sq.

677 2610 757 2645 176.
793 2611 851 2653 (5.)
886 2609 943 2644 De
970 2609 1116 2652 Strage
1144 2608 1462 2643 Normannorum

561 2718 593 2753 1.
642 2716 842 2753 Gaudeant
874 2714 982 2758 caeli,
1015 2724 1130 2759 mare,
1163 2718 1297 2750 cuncta
1328 2718 1443 2757 terra,

643 2772 817 2809 Gaudeat
852 2771 995 2809 Christi
1027 2771 1265 2818 populusque
1295 2781 1470 2816 vernans,

647 2828 765 2865 Facta
796 2828 954 2865 miretur
985 2827 1137 2865 Domini
1168 2826 1332 2864 tonantis

830 2884 966 2922 Fortia
995 2883 1127 2931 patriS.
