2031 3289
339 306 377 343 3.
410 306 483 342 Pro
515 304 626 341 naulo
658 304 850 353 coniugem

464 365 578 398 nauta
611 361 776 405 retinuit⁷

406 418 584 466 Arreptis
615 417 783 464 parvulis

464 474 523 510 vir
553 484 722 510 maerens
753 473 859 517 abiit,

407 530 558 568 Doloris
591 530 736 566 rumulo

463 587 561 633 quod
594 587 712 623 solum
746 586 888 627 deerat,

409 644 539 689 Captis
571 648 607 679 et
638 642 805 689 parvulis

464 704 669 746 temptator
697 704 887 746 aggregat.

339 780 376 817 4.
409 778 505 815 Nam
539 779 571 814 ei
598 778 710 824 paulo
742 782 826 824 post

464 835 563 871 hunc
593 835 704 880 lupus
733 834 888 871 abstulit

410 891 562 938 Leoque
593 891 766 938 alterum,

464 958 645 994 praesens
675 947 715 983 id
747 948 942 994 prospicit,

409 1005 535 1042 Rebus
566 1010 603 1040 et
634 1004 790 1050 coniuge

464 1061 635 1108 natisque
667 1060 826 1107 perditis

407 1118 592 1164 Magister
623 1118 781 1153 militum

462 1175 579 1211 servit
610 1174 811 1211 rusticolis.

963 213 1015 217 ——
1074 190 1154 230 208
1213 213 1264 218 —

1148 305 1186 341 5.
1217 291 1292 342 Job
1323 315 1389 341 sua
1416 304 1598 340 Dominus

1277 360 1391 405 duplo
1421 360 1587 396 restituit

1218 416 1269 452 Et
1301 416 1379 453 dies
1411 417 1572 462 amplius

1275 473 1457 509 iucundos
1488 472 1675 519 praebuit.

1220 528 1314 565 Sunt
1345 528 1431 565 huic
1462 529 1632 565 redditi.

1278 586 1438 622 coniunx
1464 589 1501 621 et
1531 585 1655 622 liberi.

1221 643 1372 679 Palmae
1402 642 1576 689 martyrii

1276 709 1322 734 ne
1355 699 1477 736 desint
1507 699 1612 737 socii.

1181 806 1190 815 .
1221 778 1251 815 O
1284 787 1370 814 vere
1400 777 1560 814 Domino

1278 838 1386 879 grata
1416 834 1589 881 societas,

1222 892 1251 928 O
1282 889 1483 927 ineffabilis

1279 947 1407 984 divina
1438 947 1580 993 pietas!

1225 1004 1314 1041 Cum
1348 1003 1426 1039 viro
1459 1004 1652 1050 coniugem

1281 1060 1389 1096 simul
1420 1071 1465 1096 ac
1495 1059 1634 1096 liberos

1221 1117 1337 1153 Fides
1369 1121 1404 1152 et
1435 1117 1561 1163 passio

1279 1173 1381 1209 misit
1411 1174 1459 1210 ad
1491 1183 1661 1220 superos,

745 1254 780 1290 7.
815 1252 913 1289 Laus
944 1252 1039 1298 iugis
1070 1252 1231 1289 Domino

872 1319 1083 1355 perpesque
1114 1309 1247 1356 gloria,

816 1366 929 1403 Cuius
960 1370 1047 1402 sunt
1076 1370 1261 1412 martyres

871 1423 1002 1459 invicti
1034 1422 1167 1470 gratia,

812 1480 874 1516 Ad
906 1490 1014 1526 quem
1048 1479 1134 1516 dum
1166 1479 1320 1525 cupiunt

871 1547 940 1583 per
970 1541 1127 1572 mortem
1158 1532 1367 1587 [tendereJ.

817 1593 907 1630 Post
937 1597 1094 1630 mortem
1127 1593 1305 1629 inocliant

869 1660 1036 1696 perenne
1067 1650 1206 1686 vivere.

426 1731 452 1761 (J
477 1729 534 1760 fol.
560 1725 666 1760 20021.
693 1746 733 1750 -
760 1726 790 1768 2,
817 1726 838 1759 2
863 1728 992 1759 lavare.
1016 1745 1058 1749 —
1085 1725 1115 1765 6,
1142 1725 1160 1758 7
1186 1731 1220 1759 et
1244 1726 1338 1759 fehlt.

725 1862 805 1898 220.
843 1862 946 1904 (110.)
980 1862 1025 1896 In
1051 1861 1169 1897 festis
1196 1861 1495 1896 Confessorum.

967 1927 1007 1958 In
1035 1924 1063 1957 1.
1089 1927 1277 1958 Noeturno.

339 2016 376 2053 1.
408 2015 596 2052 Iustorum
628 2013 859 2060 memoriam,

464 2070 613 2116 dignam
646 2069 833 2120 laudibus,

407 2127 580 2174 Psalmis,
611 2127 772 2173 hymnis,
806 2126 961 2164 canticis

464 2184 700 2230 spiritalibus

518 2241 644 2278 Mater
672 2250 788 2277 ovans

581 2297 747 2333 celebrat
779 2295 951 2343 eeclesia7

521 2355 682 2399 Quorum
715 2352 835 2389 fidens

578 2410 744 2456 postulat
774 2408 963 2455 suffragia.

408 2467 559 2505 Summe
590 2471 710 2514 pater,

407 2524 492 2560 Tibi
523 2530 649 2571 grates

463 2580 514 2617 Et
544 2581 731 2617 sollennes
764 2580 910 2617 hostiae

407 2637 464 2674 De
495 2637 642 2674 collatis

406 2694 510 2731 Tuae
543 2694 650 2731 donis

462 2750 720 2787 Exsolvuntur
752 2749 907 2797 gratiae,

525 2807 594 2843 Por
624 2818 730 2853 quem
764 2811 861 2854 sunt,

577 2863 663 2900 iusti
697 2863 907 2909 quicunque
938 2868 1035 2899 sunt.

524 2921 593 2956 l²er
623 2930 729 2966 quem
763 2925 859 2968 sunt,

578 2976 676 3013 beati
707 2977 844 3023 quique
875 2979 973 3013 sunt.

1154 2014 1190 2050 2.
1223 2012 1365 2048 Horum
1401 2012 1496 2048 bona
1529 2011 1625 2048 dona
1657 2016 1740 2049 sunt

1279 2073 1365 2104 tuae
1395 2068 1552 2114 gratiae,
1861 2114 1865 2116 Ἴ

1225 2126 1367 2162 Horum
1398 2125 1528 2161 laudes
1562 2125 1690 2172 hymni
1722 2130 1807 2163 sunt
1865 2140 1873 2144 ⁷

1278 2187 1363 2218 tuae
1393 2181 1548 2229 gloriae,

1336 2238 1496 2277 Laudat,
1529 2238 1686 2285 quisque

1392 2295 1519 2331 laudat
1553 2295 1618 2331 hos
1648 2295 1846 2340 veraciter,

1336 2351 1389 2387 Te
1419 2351 1456 2387 in
1487 2352 1592 2400 ipsis,

1392 2408 1493 2454 ipsos
1525 2408 1562 2444 in
1595 2413 1631 2443 te
1661 2408 1817 2454 pariter.
1861 2399 1865 2402 ’

1223 2465 1363 2501 Horum
1399 2463 1493 2501 festa

1222 2521 1450 2559 Celebrandi

1279 2578 1430 2614 Summa
1461 2589 1534 2614 non
1568 2583 1622 2613 est
1655 2577 1742 2621 alia,

1222 2634 1306 2671 Nisi
1337 2635 1519 2681 quaedam

1222 2691 1422 2728 Recitandi

1280 2748 1360 2784 'rua
1392 2747 1587 2793 beneficia,

1336 2805 1409 2841 Per
1439 2815 1547 2851 quem
1579 2809 1676 2848 sunt,

1392 2861 1477 2897 iusti
1509 2860 1718 2907 quicunque
1749 2864 1847 2906 sunt,

1338 2917 1409 2954 Per
1439 2928 1547 2963 quem
1579 2921 1676 2965 sunt,

1392 2974 1493 3011 beati
1522 2973 1660 3020 quique
1690 2976 1788 3010 sunt.
