2031 3289
938 211 1245 252 —356—

342 335 418 372 aa.
449 332 578 369 Timor
610 328 775 373 Domini,

457 386 588 424 iudicii
621 384 799 432 claviger,

459 444 612 481 Summo
642 441 760 477 iudici

459 511 527 536 nos
557 500 788 546 prosternat,

458 557 640 593 hactenus

457 611 608 649 inflatos
640 614 678 646 et
707 608 870 646 rebelles

457 668 597 706 reddat
627 665 819 712 supplices

456 735 502 762 ac
531 723 670 770 spiritu
700 731 898 768 pauperes,

343 806 367 844 4
385 816 420 843 a.
453 803 580 841 Clavis
610 801 732 848 pietas
764 799 906 837 Christi

456 858 664 897 scansionis

457 915 624 963 peccatis

458 972 598 1010 nostris
629 968 848 1007 adversanti

455 1029 532 1076 legi

462 1085 577 1122 donet
608 1086 892 1120 consentaneos,

351 1166 373 1203 5
392 1175 426 1202 a.
459 1163 534 1200 Det
564 1161 724 1198 scientia

462 1217 686 1265 resurgendi
717 1215 868 1254 conscia

464 1276 536 1313 His
568 1273 807 1323 paraclitum,

462 1332 524 1380 qui
555 1331 696 1378 lugent,
727 1333 770 1366 ut
798 1328 1010 1365 liberentur

460 1387 592 1425 mortis
622 1396 793 1433 corpore,

462 1445 562 1492 quod
593 1446 780 1491 repugnat
809 1441 968 1479 animae.

350 1527 373 1564 6
391 1535 427 1563 a.
458 1524 529 1569 Qui
560 1522 730 1559 esuriunt
759 1520 953 1569 iustitiam,

463 1581 530 1617 hos
563 1578 747 1616 fortitudo
777 1576 936 1619 reficiat,

464 1636 605 1676 Christi
637 1634 819 1671 tumulum
852 1632 1066 1676 recludens,

465 1703 562 1741 quae
591 1690 864 1736 scandalizant,

464 1749 633 1786 membra
663 1747 836 1797 proiciat,

467 1816 603 1854 panem
634 1805 786 1851 rogitet.

353 1882 373 1919 7
393 1892 426 1920 a.
458 1879 692 1927 Intellectus,

464 1935 703 1983 baptismatis

467 1992 708 2039 dissignator,

353 2070 431 2107 8a.
464 2066 575 2104 Unde
610 2064 726 2101 Deum
768 2065 902 2110 rogent

467 2121 754 2169 mundicordes,

355 2199 378 2236 9
397 2209 431 2235 a.
463 2194 679 2234 Similitudo

468 2252 589 2300 patris
621 2249 789 2297 pacificis

471 2309 595 2346 Detur
621 2308 770 2355 spiritu,

471 2365 534 2412 qui
567 2365 634 2401 dat
665 2373 811 2410 sapere,

471 2422 534 2470 qui
566 2421 717 2458 Domini
748 2419 872 2466 aperit
900 2418 1040 2466 natale,

330 2499 381 2535 10
399 2508 434 2535 a.
465 2495 536 2533 His
567 2493 783 2530 muneribus

470 2551 676 2588 cumulavit

470 2612 599 2656 patres
630 2606 701 2644 Dei
739 2606 901 2653 digitus:

471 2665 595 2702 Adam
628 2662 779 2700 nomina

471 2720 665 2767 primitiva

472 2777 584 2814 rebus
616 2777 760 2813 eunctis

471 2833 663 2879 imposuit,

474 2890 682 2935 inspiratus

476 2946 573 2982 dono
603 2945 834 2993 sapientiae;

1157 326 1180 363 3
1199 323 1235 363 b.
1268 323 1381 371 Legis
1411 323 1557 369 apicem

1269 384 1307 416 et
1336 380 1416 417 iota
1446 389 1518 416 non
1550 379 1710 426 solvere,

1271 436 1401 474 Fratri
1431 439 1573 471 temere

1270 503 1343 529 non
1375 491 1488 528 irasci

1270 549 1330 585 vel
1360 548 1463 585 laeso

1272 615 1359 641 mox
1390 603 1640 648 reconciliari,

1269 667 1440 697 sanctum
1471 659 1554 696 fieri

1273 728 1384 754 orans
1415 727 1549 753 nomen
1581 714 1744 753 Domini.

1160 795 1238 835 4b.
1267 795 1506 842 Adaperiens
1537 806 1673 832 novum

1272 857 1536 888 testamentum

1274 909 1433 945 heredes

1273 965 1394 1011 patris
1424 963 1562 1001 formet
1592 964 1714 1010 mites,

1275 1026 1393 1070 petat,

1276 1078 1347 1114 Dei
1385 1088 1538 1124 regnum
1571 1077 1710 1115 veniat.

1168 1156 1246 1195 5b.
1279 1157 1403 1194 Pellat
1438 1156 1550 1192 etiam

1277 1224 1299 1250 a
1331 1213 1444 1249 corde
1474 1212 1673 1260 luxuriam,

1277 1269 1356 1306 Nos
1387 1269 1564 1306 erudiens

1276 1324 1461 1373 flagitare,
1493 1331 1533 1362 ut
1564 1325 1738 1361 voluntas

1277 1381 1343 1419 fiat
1374 1382 1526 1419 Domini

1277 1443 1354 1476 tam
1385 1449 1499 1476 carne
1528 1449 1639 1485 quam
1670 1436 1820 1488 spiritu.

1165 1517 1244 1557 6b.
1276 1518 1385 1555 Dono
1412 1518 1524 1564 parili
1556 1517 1753 1554 consilium

1279 1575 1544 1612 misericordes
1576 1577 1802 1621 remuneret,

1281 1632 1439 1669 Crucem
1472 1641 1643 1668 reserans
1674 1633 1804 1667 exoret

1279 1698 1350 1734 pro
1381 1688 1555 1735 inimicis,

1282 1743 1422 1781 dimitti
1455 1744 1583 1781 debita

1281 1805 1394 1847 pacto
1430 1801 1607 1847 postulet.

1171 1874 1192 1912 7
1211 1873 1248 1912 b.
1280 1874 1443 1911 Mundet
1474 1874 1600 1920 corda,

1281 1935 1322 1967 ut
1357 1931 1501 1968 nesciat

1283 1988 1453 2024 dextram
1487 1988 1608 2025 laeva.

1170 2063 1192 2100 8
1213 2061 1250 2101 b.
1280 2062 1324 2098 In
1355 2061 1641 2108 temptationem

1281 2128 1329 2154 ne
1360 2118 1529 2156 inducat.

1170 2190 1248 2231 9b.
1280 2191 1404 2228 Ducat
1434 2193 1483 2229 ad
1517 2192 1632 2229 vitam
1694 2197 1696 2199 '

1283 2247 1379 2285 viam
1413 2259 1481 2294 per
1513 2249 1671 2286 arduam

1284 2306 1357 2342 Per
1388 2305 1540 2351 ieiunia,

1282 2361 1548 2409 elemosynam,

1285 2428 1438 2455 oramen
1469 2430 1488 2454 a
1520 2418 1618 2455 malo
1648 2417 1840 2455 liberatos.

1282 2491 1364 2528 Noe
1395 2491 1523 2528 habuit

1281 2547 1530 2591 intellectum,

1281 2604 1476 2642 Abrabam
1505 2605 1714 2650 consilium,

1281 2660 1408 2698 Fortis
1439 2662 1547 2698 Isaac

1281 2718 1541 2765 permanebat,

1287 2775 1404 2810 scitus
1436 2774 1548 2812 Iacob

1145 2492 1196 2532 10
1213 2490 1250 2529 b.

1290 2835 1325 2867 et
1356 2830 1509 2877 Moyses

1287 2887 1484 2935 legislator

1287 2943 1384 2990 pius,
1417 2943 1542 2980 David
1573 2941 1733 2979 humilis.
