1914 3223
739 202 784 206 --
845 178 926 217 495¹
986 201 1041 205 —

324 297 390 333 26.
423 294 546 332 Causa
577 299 795 330 cunctorum
828 291 981 330 fontalis
1012 291 1208 337 bonorum,

423 350 593 389 Trinitas
623 352 767 397 sancta,
799 348 1052 396 praemiorum
1083 359 1238 395 summa,

422 407 479 444 Tu
510 406 742 453 superdigna
772 405 886 443 laude
917 415 1026 452 quam
1058 403 1253 441 immensa

477 462 637 510 Semper
667 467 705 499 et
734 462 848 500 ultra.

323 566 389 605 27.
422 565 494 610 Da,
527 564 628 612 quod
659 563 760 601 beati
788 563 929 601 sanctis
960 562 1117 600 adunati

420 621 499 659 Nos
530 625 567 658 et
598 619 792 658 ferventer
821 620 961 667 iugiter
991 630 1036 657 ac
1066 630 1217 666 semper

420 678 474 715 Te
504 678 719 726 adoremus,
749 681 786 713 te
816 675 1068 724 glorificemus

478 735 605 781 Teque
636 734 845 771 laudemus.

191 835 439 868 Carolsruhan.
465 833 532 867 368
558 836 620 866 mit
644 834 724 865 Mel.
753 851 792 855 —
823 831 872 871 lO,
899 832 919 865 3
946 834 1185 875 Geminisque.
1213 851 1253 855 ——
1281 832 1334 867 21,
1365 831 1385 864 3
1409 836 1485 871 Quo
1513 839 1603 863 sunt.

250 980 332 1015 479.
369 979 450 1023 (22.)
484 980 542 1015 De
567 979 773 1015 beneficiis
799 979 874 1014 Dei
899 978 1156 1022 generalibus
1182 979 1224 1013 et
1250 978 1507 1022 specialibus.

151 1076 188 1114 1.
221 1075 452 1122 Angelorum
485 1074 516 1111 si
547 1073 725 1111 haberem

275 1131 441 1178 Linguas
463 1141 531 1168 nec
554 1142 626 1168 non
649 1130 852 1170 hominum,

221 1188 275 1226 Te
306 1188 464 1225 laudare
495 1198 568 1224 non
599 1188 778 1232 valerem,

278 1244 429 1282 Summe
460 1249 569 1291 pater
600 1244 796 1292 luminum,

218 1301 404 1348 Quantum
437 1301 572 1338 merito
605 1301 795 1338 deberem.

275 1361 309 1396 A
341 1369 414 1405 quo
447 1358 574 1395 datum
607 1358 803 1404 optimum.

146 1463 186 1500 2.
218 1461 281 1499 Ad
313 1464 350 1497 te
381 1470 542 1507 namque
572 1470 631 1498 me
663 1460 802 1497 creasti

275 1518 458 1555 Potenter
489 1517 536 1553 de
566 1516 697 1562 nihilo,

220 1573 432 1612 Secundum
465 1578 503 1610 te
533 1584 592 1610 me
626 1572 798 1611 formasti

277 1629 473 1668 Profundo
506 1630 663 1667 consilio

217 1687 442 1735 Angeloque
474 1688 689 1734 coaequasti

275 1743 417 1782 Mentis
449 1744 662 1791 privilegio.

152 1848 190 1886 3.
221 1849 280 1885 Ac
310 1845 453 1883 viribus
484 1846 671 1883 animatus

278 1902 472 1950 Supremis
503 1907 540 1939 et
571 1902 709 1939 intimis

222 1960 351 1997 Brutis
382 1969 484 1997 eram
516 1964 605 1996 tunc
635 1959 830 2006 praelatus

277 2016 331 2055 Ut
362 2016 477 2054 decor
505 2016 692 2063 imaginis,

222 2072 395 2118 Sanctus,
413 2073 593 2122 prudens,
608 2077 854 2121 temperatus,

275 2131 414 2174 Iustus,
446 2129 706 2175 impassibilis.

154 2233 191 2269 4.
224 2232 299 2270 Sed
331 2243 461 2278 parum
489 2232 581 2268 mihi
614 2232 793 2269 donasses

279 2289 496 2326 Formando
527 2293 604 2325 tam
635 2288 820 2334 inclitum,

223 2345 557 2392 Transgressorem
580 2345 613 2381 si
637 2346 855 2382 damnasses

279 2402 472 2449 Ingratum
506 2407 544 2438 et
573 2402 759 2439 tumidum

224 2457 506 2505 Deceptumque
537 2459 576 2496 ni
607 2459 793 2497 salvasses

278 2514 460 2551 Miserum
492 2525 536 2552 ac
567 2515 771 2562 perditum.

158 2617 195 2653 5.
226 2615 298 2661 En,
330 2620 371 2653 tu
400 2617 491 2653 mihi
523 2617 768 2664 supplantato

282 2672 466 2719 Nequiter
496 2685 517 2710 a
549 2674 730 2711 daemone

226 2729 292 2766 Pie
322 2740 424 2777 spem
456 2730 521 2766 illo
554 2731 730 2767 damnato

281 2785 464 2823 Tribuisti
496 2787 640 2836 veniae,

226 2840 410 2888 Tempore
442 2844 586 2890 gratiae
616 2849 705 2880 nato

284 2898 422 2936 Locum
457 2900 582 2936 (lando
615 2911 789 2946 pascuae.

969 1075 1006 1111 6.

946 2618 1010 2656 10.

1040 1073 1104 1110 Me
1135 1076 1353 1119 peccantem
1387 1073 1558 1109 tolerasti

1096 1129 1197 1167 Satis
1228 1129 1504 1178 longanimiter,

1042 1187 1267 1224 Deviantem
1299 1186 1487 1223 revocasti

1097 1243 1361 1290 Compungens
1392 1242 1611 1280 salubriter.

1042 1300 1179 1346 Meque
1211 1300 1426 1346 culpantem
1459 1300 1613 1346 quitasti

1095 1356 1153 1393 De
1183 1357 1295 1403 culpa
1325 1356 1505 1393 totaliter.

1000 1490 1008 1498 .
1042 1459 1099 1496 Tu
1129 1469 1188 1495 me.
1221 1459 1332 1496 valde
1362 1459 1601 1496 vulneratum

1098 1516 1261 1560 Lamus,
1294 1527 1432 1553 sanans
1462 1516 1641 1562 undique,

1039 1572 1175 1609 Lotum
1206 1572 1316 1619 ungis
1347 1577 1383 1609 et
1415 1576 1586 1609 sanatum

1096 1629 1188 1667 Oleo
1218 1629 1400 1677 laetitiae,

1041 1685 1117 1733 Spe
1156 1691 1241 1732 post
1272 1686 1407 1723 vulnus
1435 1686 1672 1724 sublevatum

1097 1743 1198 1780 Miro
1229 1743 1369 1780 lustras
1400 1743 1552 1781 lumine.

999 1875 1008 1883 .
1043 1845 1152 1882 Nunc
1181 1845 1219 1881 in
1252 1845 1350 1882 bono
1380 1855 1439 1881 me
1470 1844 1655 1882 firmando

1100 1902 1284 1956 periculis
1315 1901 1520 1948 subtrahis,

1041 1958 1152 1995 Nunc
1183 1958 1272 1995 mihi
1306 1960 1545 2005 cooperando

1099 2015 1206 2053 Nova
1239 2016 1338 2052 dona
1368 2015 1518 2064 tribuis,

1042 2071 1148 2109 Haec
1179 2072 1350 2109 tollendo
1381 2083 1447 2109 seu
1479 2072 1656 2110 donando

1099 2129 1263 2166 Lucrum
1294 2139 1417 2166 meum
1447 2130 1611 2176 appetis,

1000 2262 1007 2270 .
1041 2231 1097 2268 Tu
1129 2231 1221 2267 mihi
1254 2231 1321 2268 das
1352 2229 1554 2268 affluenter

1098 2288 1323 2334 Opportuna
1353 2287 1470 2324 victui

1041 2345 1172 2391 Tuque
1203 2344 1355 2391 largiris
1387 2345 1594 2381 clementer

1099 2402 1272 2447 Congrua
1303 2401 1468 2449 vestitui,

1042 2458 1120 2495 Mei
1155 2469 1283 2494 curam
1314 2468 1447 2504 gerens
1478 2468 1627 2505 semper

1099 2514 1149 2552 Ut
1182 2514 1281 2550 oculi
1311 2515 1470 2562 proprii.

1044 2616 1112 2653 Est
1146 2621 1180 2652 et
1213 2617 1351 2652 iustum
1383 2616 1550 2663 gloriari,

1101 2673 1206 2717 Quod
1239 2673 1373 2719 dignus
1405 2673 1474 2708 sim
1504 2673 1657 2711 habitus

1043 2729 1116 2766 Hic
1145 2733 1303 2775 propter
1333 2733 1369 2765 te
1401 2729 1576 2767 tribulari

1102 2786 1207 2822 Intus
1239 2790 1275 2821 et
1308 2786 1496 2834 exterius3

1044 2842 1140 2878 Nam
1172 2843 1209 2878 in
1241 2843 1310 2879 hoc
1342 2843 1438 2879 solet
1470 2843 1623 2888 probari

1103 2899 1361 2936 Praedilectus
1393 2898 1504 2937 tilius,
