1914 3223
749 174 1058 215 —427—

631 317 713 353 3516.
750 318 808 361 (8.)
844 318 960 354 Aliud
985 319 1174 355 Alleluia.

593 422 623 461 Ο
653 423 793 470 Maria⁷
825 428 946 461 mater
975 423 1129 473 Chr'isti,
1197 433 1199 435 ’

595 479 698 525 Quae
730 484 908 517 montana
937 480 1081 527 adiisti,

592 535 712 573 Nobis
742 536 837 573 assis
868 536 908 573 in
938 547 1059 584 agone

592 592 673 630 Tua
704 592 988 633 intercessione.

205 693 278 725 Fol.
308 690 411 724 142a.
438 710 481 716 —
506 693 574 725 Zur
600 696 758 735 Sequenz
783 695 922 726 Decet
954 693 1086 726 huius
1121 696 1298 726 cunctis
1332 695 1469 727 horis.

386 849 468 885 395.
506 849 564 891 (9.)
600 849 680 884 Per
705 848 898 886 octavam
925 849 1185 886 visitationis
1211 852 1258 887 B.
1288 852 1340 887 M.
1370 853 1414 888 V.

747 919 805 951 Ad
836 919 1046 952 Alleluia.

589 1023 619 1062 Ο
650 1023 787 1066 Maria,
821 1027 943 1060 mater
973 1023 1130 1071 Christi,

590 1081 774 1118 Montana
805 1090 901 1127 quae
931 1080 1063 1117 adiisti

589 1137 641 1174 Et
672 1141 868 1183 cognatam
901 1137 1089 1184 salutasti,

589 1193 748 1232 Consilii
779 1197 901 1231 mater
933 1194 1040 1243 casti,

589 1250 693 1287 Audi
724 1261 804 1296 nos,
838 1250 959 1287 dulcis
991 1254 1028 1287 et
1058 1250 1134 1297 pia,

588 1307 728 1344 Natum
760 1306 868 1344 nobis
900 1307 1074 1345 concilia.

205 1407 279 1439 Fol.
308 1405 415 1440 1421).
439 1425 483 1430 -—-
507 1408 576 1440 Zur
601 1407 759 1449 Sequenz
787 1408 977 1440 Illibata
1006 1412 1153 1440 mente
1188 1418 1300 1440 sana.

512 1565 594 1601 398.
630 1563 711 1607 (10.)
745 1564 791 1599 In
816 1565 936 1600 Festo
964 1564 1118 1600 Mariae
1144 1564 1269 1600 Nivis.

738 1635 767 1667 A
778 1635 799 1666 d
832 1635 903 1666 All
915 1634 954 1667 el
965 1636 1046 1666 uia.

587 1738 617 1776 Ο
649 1737 827 1783 formosa,
859 1738 1039 1785 virtuosa,

644 1795 820 1834 Candens
847 1805 963 1844 super
992 1795 1126 1843 lilium,

589 1851 770 1898 Speciosa
800 1852 886 1899 plus
916 1863 1028 1899 quam
1059 1863 1159 1900 rosa,

644 1909 721 1947 Ora
751 1913 855 1945 tuum
885 1907 1017 1955 filium,

588 1965 641 2004 Ut
671 1966 854 2003 damnosa
882 1965 1020 2004 vitiosa

644 2022 787 2060 Nostra
816 2026 953 2071 purget
984 2022 1193 2059 criminum.

205 2120 281 2153 Fol.
310 2119 414 2153 151a.
438 2139 482 2146 —
507 2122 576 2154 Zur
600 2122 758 2165 Sequenz
785 2123 1009 2161 Eburnea‚
1040 2123 1192 2160 nivea,
1226 2122 1387 2155 lactea.

802 2300 982 2345 Officia.

421 2402 503 2439 399.
538 2403 619 2446 (11.)
654 2403 700 2438 111
725 2404 845 2439 Festo
875 2403 1135 2440 visitationis
1162 2403 1210 2439 Β.
1238 2404 1291 2439 Μ.
1318 2404 1365 2440 v.

227 2507 299 2545 Ad
339 2507 754 2555 completorium.
1075 2510 1130 2546 In
1173 2509 1209 2548 1.
1251 2509 1527 2549 Nocturno.

279 2584 390 2627 Super
414 2586 515 2618 Nunc
540 2587 700 2619 dimittis.
1188 2588 1274 2619 Anti
1279 2586 1426 2629 phonae.

115 2664 162 2702 A.
199 2663 346 2714 Gaude,
377 2666 516 2714 Maria,
548 2672 671 2705 mater
701 2667 857 2718 Christi,
946 2667 982 2707 1.
1015 2667 1133 2713 Quam
1164 2668 1366 2715 gloriosam

199 2721 301 2767 Quae
331 2723 513 2770 singulari
1071 2729 1108 2761 et
1138 2724 1403 2762 admirabilem

255 2779 454 2827 privilegio
482 2780 652 2817 meruisti
1014 2781 1059 2818 In
1089 2781 1267 2818 universa
1296 2785 1400 2818 terra

199 2833 357 2872 Portare
388 2835 578 2874 Christum
607 2837 822 2883 Dominum,
1015 2837 1125 2875 Fecit
1156 2838 1259 2875 Deus

199 2889 343 2929 Lumen
351 2892 400 2930 ad
411 2893 680 2931 revelationem
689 2893 866 2940 gentium.
1070 2894 1247 2932 ancillam
1278 2893 1456 2931 humilem
1471 2892 1479 2931 !
