2031 3289
1005 187 1284 226 —34—

461 301 592 340 Hymn.
626 310 688 331 ms.
713 300 913 331 Veronense
943 309 1032 331 saec.
1062 298 1112 330 11.
1161 300 1244 332 Cod.
1270 301 1383 342 Capit.
1409 302 1580 332 Veronen.
1610 298 1674 333 109
1695 298 1798 342 (102.)
1821 301 1862 332 Α.
1887 319 1931 324 -

366 347 501 386 Hymn.
538 349 571 377 et
597 345 758 386 Sequent.
793 355 854 375 ms.
881 345 1161 376 Fredeslariense
1194 356 1284 377 saec.
1312 344 1363 376 11.
1413 346 1496 378 Cod.
1522 345 1698 378 Casselan.
1723 346 1845 378 Theol.
1870 347 1930 378 IV.

367 389 424 422 25.
439 391 478 422 B.
499 409 542 413 ——
560 391 659 422 Brev.
676 399 739 421 ms.
753 389 965 421 Glunicense
980 400 1069 421 saec.
1086 387 1136 421 12.
1170 390 1253 423 Cod.
1270 391 1412 422 Lincen.
1426 392 1455 422 T
1473 402 1494 432 p
1515 389 1566 422 19.
1585 391 1621 423 C.
1641 408 1686 413 —
1698 392 1854 423 Process.
1868 402 1930 423 ms.

369 435 403 467 S.
432 436 575 477 Georgii
600 436 749 476 Pragen.
776 444 864 466 saec.
894 433 944 466 14.
970 436 1018 466 in.
1059 436 1142 467 Cod.
1167 437 1313 478 Pragen.
1338 437 1408 468 XII
1432 437 1462 467 E
1492 435 1532 468 15
1557 445 1587 467 a.
1614 437 1656 467 D.
1681 455 1726 457 —
1749 437 1851 468 Brev.
1867 447 1930 469 ms,

369 480 403 511 S.
437 481 579 523 Georgii
611 481 759 521 Pragen.
792 488 882 511 saeC.
917 478 967 511 14.
1001 481 1048 511 in.
1099 480 1179 512 Cod.
1212 482 1358 522 Pragen.
1391 482 1407 512 I
1442 481 1471 513 G
1506 479 1557 513 17.
1591 481 1633 512 Ε.
1666 498 1709 503 -
1742 483 1841 513 Brev.
1867 492 1930 513 ms.

367 526 539 565 Teplense
573 527 655 557 anni
689 522 786 557 1353.
843 525 928 557 Cod.
960 525 1107 565 Pragen.
1139 527 1207 558 VII
1238 527 1264 558 F
1298 523 1352 557 23.
1386 527 1423 557 F.
1456 544 1496 548 —
1530 527 1632 558 Brev.
1665 537 1727 563 ms.
1754 527 1931 568 Pragense

368 581 457 602 saec.
488 569 538 602 14.
580 571 663 602 Cod.
688 571 778 601 Mus.
804 569 946 601 Bohem.
980 571 1062 602 XIV
1088 571 1118 602 E
1147 570 1196 603 13.
1223 571 1263 603 G.
1289 588 1332 592 —
1350 573 1473 603 Diurn.
1491 582 1553 602 ms.
1570 571 1786 603 Benedictin.
1806 573 1930 603 Bavar.

368 626 457 647 saec.
486 614 537 648 14.
587 616 671 648 (jod.
696 615 905 647 Altovaden.
942 617 985 647 X.
1013 617 1058 647 H.
1092 633 1136 637 ——
1163 617 1271 647 Psalt.
1297 621 1331 648 et
1355 617 1471 658 hymn.
1497 627 1558 648 ms.
1586 617 1815 649 Olomucense
1841 626 1931 649 saec.

370 659 421 692 14.
471 661 556 693 Cod.
582 661 616 693 S.
643 661 769 692 Iakobi
794 661 944 692 Brunen.
970 659 1024 693 24.
1053 662 1080 692 Ι.
1106 680 1150 684 ——
1176 663 1276 693 Brev.
1302 672 1364 692 mS.
1389 662 1611 693 Trebonense
1637 671 1725 694 saec.
1755 660 1806 694 15.
1848 662 1931 694 Cod.

368 706 516 747 Pragen.
542 706 591 737 VI
617 707 644 737 F
672 704 712 737 12
737 707 770 738 b.
788 707 830 737 Κ.
854 723 900 727 -
918 707 1016 738 Brev.
1044 717 1105 737 ms.
1124 707 1291 738 Iohannis
1317 707 1458 748 plebani
1477 709 1513 738 in
1530 706 1698 738 Richnow
1716 707 1933 739 Bohemieali

369 754 453 782 anni
480 749 578 783 1485.
628 751 709 783 Cod.
736 751 943 783 Altovaden.
969 750 1023 783 98.
1049 753 1088 783 L.

462 795 490 833 1.
516 794 537 828 3
569 807 625 838 sq:
660 798 748 828 Nam
782 800 891 828 morte
924 801 1066 828 mortem
1103 797 1211 828 diruit
1235 798 1284 829 Ac
1309 800 1418 829 semet
1443 797 1612 838 impendit
1636 798 1704 830 sibi
1728 796 1932 839 (Peristeph.
1960 813 1962 815 >

369 842 414 879 II,
452 840 492 874 19
522 842 593 873 und
627 839 682 881 20)
705 842 744 873 A.
774 859 818 864 —
843 841 873 880 2,
910 842 923 873 1
953 843 1056 873 Forte
1081 842 1135 873 hic
1163 843 1324 874 sacerdos
1349 843 1390 874 G.
1415 861 1458 863 —
1484 842 1515 880 3,
1540 841 1562 873 4
1586 844 1671 875 Post
1694 843 1758 874 hae
1782 843 1828 882 G,
1855 846 1934 884 post

371 888 457 918 haec
481 887 553 919 AL.
587 905 631 908 —
663 885 702 925 4,
736 884 757 918 3
790 888 858 919 iam
890 887 963 918 dies
990 888 1029 919 G.
1054 904 1099 908 —-
1123 886 1154 924 5,
1183 887 1308 919 1Hine
1335 898 1471 929 quoque
1499 892 1617 920 sancte
1643 889 1684 921 G.
1709 905 1752 910 -
1778 887 1809 926 5,
1838 886 1854 919 1
1881 898 1932 931 sq.

371 933 571 974 passionem
597 936 691 964 tuam
715 933 757 964 E.
784 950 828 953 —-
857 931 894 970 5,
929 930 949 963 2
981 943 1044 963 nos
1070 933 1155 964 fehlt
1180 934 1226 969 (ἃς
1253 935 1448 975 passionem
1474 935 1673 975 quaerimus
1702 935 1738 971 B,
1767 933 1861 965 Edit.
1891 951 1932 955 —

370 977 403 1016 5,
427 975 448 1009 3
473 979 569 1018 Quae
595 979 743 1020 quisque
768 978 808 1010 G.
836 996 876 999 —-

732 1109 790 1146 34.
827 1110 907 1153 (13.)
942 1110 999 1145 De
1026 1110 1178 1145 sanctis
1205 1111 1328 1145 Petro
1356 1112 1396 1145 et
1422 1110 1566 1146 Paulo.

574 1180 780 1221 (Peristeph.
806 1181 885 1218 XII,
914 1178 1018 1220 1—63
1046 1178 1195 1220 11—203
1222 1178 1374 1219 23—283
1401 1178 1552 1220 55—563
1579 1179 1640 1221 593
1665 1179 1729 1221 60).

464 1272 501 1312 1.
562 1274 654 1313 Plus
685 1273 796 1310 solito
828 1277 961 1309 coeunt
991 1273 1040 1309 ad
1071 1273 1231 1320 gaudia3
1265 1273 1338 1317 dic,
1371 1273 1501 1320 amice,
1535 1273 1625 1319 quid
1655 1272 1732 1310 sit‘?

605 1330 762 1367 Romam
793 1340 863 1376 per
891 1340 1037 1366 omnem
1071 1329 1255 1366 cursitant
1285 1333 1484 1376 ovantque.

463 1432 501 1471 2.
561 1432 700 1470 Festus
729 1432 927 1478 apostolici
958 1431 1066 1468 nobis
1098 1431 1197 1468 redit
1229 1431 1291 1467 hic
1323 1431 1402 1474 dies
1433 1431 1626 1481 triumphi,

609 1489 716 1525 Pauli
748 1495 860 1535 atque
891 1488 995 1525 Petri
1027 1488 1164 1524 nobilis
1197 1498 1341 1525 cruore.

463 1592 501 1628 3.
561 1590 668 1628 Unus
698 1594 898 1636 utrumque
931 1590 1023 1638 dies,
1055 1589 1168 1635 pleno
1199 1593 1325 1625 tamen
1357 1589 1557 1627 innovatus
1589 1600 1700 1639 anno,

610 1646 716 1684 Vidit
748 1645 910 1693 superba
942 1651 1062 1682 morte
1093 1646 1316 1684 laureatum.

470 1751 509 1787 4.
569 1748 696 1786 Prima
730 1748 881 1784 Petrum
914 1748 1041 1793 rapuit
1071 1747 1258 1784 sententia
1287 1747 1433 1794 legibus
1459 1747 1634 1793 Neronis,

616 1805 789 1842 Pendere
816 1805 955 1841 iussum
987 1804 1246 1850 praeminente
1277 1804 1391 1850 ligno.

466 1910 504 1948 5.
565 1907 635 1945 Ille
665 1910 790 1943 tamen
822 1906 963 1942 veritus
995 1906 1117 1942 celsae
1149 1905 1263 1941 decus
1291 1905 1515 1942 aemulando
1543 1906 1676 1943 mortis

629 1962 787 2000 Ambire
818 1962 913 1999 tanti
945 1962 1102 2009 gloriam
1135 1961 1317 2008 magistri,

466 2069 502 2105 6.
563 2065 705 2112 Exigit,
739 2069 778 2101 ut
810 2064 970 2110 pedibus
1004 2074 1166 2100 mersum
1198 2068 1311 2110 caput
1342 2063 1560 2110 imprimant
1592 2064 1749 2114 supinis,

629 2123 709 2169 Quo
740 2126 884 2168 spectet
917 2122 1028 2157 imum
1061 2121 1228 2166 stipitem
1260 2120 1429 2158 cerebro.

468 2225 505 2262 7.
565 2223 714 2269 Figitur
744 2232 833 2269 ergo
864 2233 993 2259 manus
1027 2221 1169 2269 subter,
1201 2222 1280 2258 sola
1312 2231 1441 2258 versus
1471 2221 1510 2258 in
1542 2232 1730 2266 cacumen,

630 2279 713 2316 Hoc
743 2283 867 2315 mente
898 2280 1026 2329 maior,
1060 2289 1132 2325 quo
1163 2278 1284 2315 minor
1315 2277 1446 2326 figura.

468 2384 506 2421 8.
568 2381 735 2418 Noverat
767 2391 812 2417 ex
845 2380 976 2417 humili
1009 2380 1151 2416 caelum
1185 2380 1279 2416 citus
1311 2380 1433 2416 solere
1464 2380 1574 2425 adiri,

633 2437 781 2476 Deiecit
813 2448 879 2474 ora
911 2437 1084 2483 spiritum
1119 2436 1289 2474 daturus,

469 2543 508 2581 9.
571 2540 722 2577 Evomit
754 2540 792 2576 in
823 2539 988 2585 iugulum
1023 2539 1127 2576 Pauli
1162 2539 1264 2575 Nero
1294 2537 1482 2575 fervidum
1516 2536 1693 2583 furorem,

633 2596 744 2634 Iubet
774 2594 880 2632 feriri
911 2595 1074 2642 gentium
1107 2596 1336 2642 magistrum.

446 2694 511 2732 10.
574 2695 660 2740 Ipse
691 2693 795 2740 prius
827 2692 975 2729 sibimet
1006 2691 1116 2728 tinem
1150 2692 1224 2729 cito
1257 2692 1405 2728 dixerat
1439 2690 1627 2728 futurum:

635 2750 698 2787 Ad
729 2749 919 2787 Christum
953 2749 1114 2785 eundum
1149 2753 1216 2789 est,
1249 2748 1322 2784 iam
1354 2747 1535 2793 resolvor,
1567 2747 1699 2794 inquit.

446 2848 511 2886 11.
573 2847 654 2883 Nec
685 2858 801 2894 mora,
834 2845 1082 2893 protrahitur,
1116 2855 1259 2892 poenae
1291 2845 1414 2893 datur,
1448 2843 1665 2880 immolatur
1697 2851 1804 2890 ense;

635 2903 719 2940 Non
752 2904 843 2941 hora
877 2907 1011 2946 vatem,
1044 2913 1116 2939 non
1151 2902 1231 2939 dies
1264 2899 1414 2939 fefellit.
