1914 3223
733 154 783 159 ——
844 132 925 172 355

123 244 161 282 5.
193 242 334 293 Alpha,
368 254 536 289 gramma
566 244 755 290 triangula

190 299 241 336 Et
272 310 341 345 per
370 310 483 336 conos
514 300 714 348 trigonula,

248 356 302 392 Tc
333 357 473 393 trinum
506 357 571 392 dat
601 357 638 393 in
670 358 813 405 patulo,

191 412 369 449 Rotunda
401 414 430 450 O
463 417 499 449 et
529 413 746 461 sphaerula,

192 468 275 506 Una
308 475 480 515 protecta
512 468 686 511 formula,

249 525 370 562 Unum
405 526 567 573 simplici
599 527 772 574 niodulo;

189 581 376 618 Personas
410 583 472 618 dio
503 583 613 619 titulo

190 637 266 674 Dat
296 639 470 685 aequales
503 649 583 675 cum
616 640 726 676 simul
756 650 778 677 o

246 694 484 741 Aequilatria
515 696 689 745 primula,

189 750 303 788 Cuius
334 757 490 798 stupens
521 753 739 799 spectaculo

186 807 277 844 Plus
308 809 484 855 speculor
514 809 551 845 in
583 811 736 855 speculo

240 864 362 911 Specu
372 866 566 912 scriptam,
577 878 685 912 quam
694 867 861 915 specula.

112 1023 150 1061 6.
185 1021 350 1059 Primum
383 1022 446 1059 dat
478 1023 709 1069 aequilatere

182 1078 298 1116 Latus
330 1084 366 1115 te
397 1084 542 1126 patrem
576 1081 728 1126 gignere

231 1136 371 1174 Filium
405 1137 650 1183 unigenitum,

179 1192 233 1229 Te
263 1197 382 1229 totum
413 1193 543 1229 orbem
575 1204 717 1243 regere,

178 1249 212 1286 A
244 1253 281 1285 te
313 1249 410 1286 bona
441 1251 649 1296 procedere

235 1305 379 1343 Cuncta
410 1311 522 1354 teque
552 1307 782 1358 ingenitum,

177 1361 295 1400 Latus
326 1363 439 1399 imum
471 1368 508 1399 te
535 1364 714 1412 genitum,

177 1419 363 1456 Mundum
387 1420 604 1457 ‘salvantem
635 1421 827 1467 perditum

236 1476 391 1513 Incusso
425 1477 508 1514 diro
539 1477 707 1526 vulnere,

179 1532 297 1570 Latus
328 1543 488 1580 sequens
519 1538 556 1570 te
587 1534 775 1581 spiritum,

176 1589 388 1626 Habentem
420 1600 490 1636 per
518 1589 706 1627 infinitum

233 1646 294 1684 Ab
325 1652 484 1693 utroque
515 1648 736 1694 procedere.

106 1793 142 1831 7.
173 1793 249 1830 Vos
279 1798 356 1830 tres
385 1794 580 1831 Abraham
611 1795 724 1832 coluit

175 1849 315 1899 Unum,
349 1861 417 1888 nec
447 1852 542 1888 illud
576 1853 688 1889 latuit

231 1908 455 1945 Pincernam
489 1909 588 1956 regis
619 1909 777 1956 somnio,

173 1962 244 2000 Cui
274 1965 310 2001 in
342 1975 418 2002 una
449 1965 524 2002 vite
556 1964 628 2002 fuit

172 2019 440 2058 Demonstrata
472 2027 508 2058 et
539 2023 677 2059 claruit

229 2077 344 2114 Trina
374 2080 660 2129 propaginatio,

172 2131 384 2181 Digitorum
417 2135 611 2172 distinctio

170 2189 313 2238 Trium,
345 2203 419 2238 qua
449 2192 491 2228 fit
521 2193 704 2238 appensio

228 2247 343 2284 Molis
374 2253 510 2298 terrae,
545 2249 615 2286 hoc
642 2250 776 2297 innuit,

171 2301 289 2341 Simul
319 2309 357 2341 et
386 2305 594 2351 triplicatio

172 2358 256 2397 Non
289 2372 468 2407 rumpens
499 2363 558 2399 vel
590 2363 740 2401 triratio

227 2417 403 2455 Funiculi
434 2418 505 2456 hoc
535 2419 671 2466 arguit.

99 2561 136 2601 8.
168 2562 243 2600 Ter
272 2570 423 2602 sanctus
454 2565 491 2602 in
524 2567 637 2613 Isaia‚

169 2620 229 2656 Ah
261 2622 402 2667 triplex
434 2623 468 2658 in
502 2624 674 2673 Ieremia,

224 2675 405 2715 Dominus
436 2678 538 2716 Deus
568 2681 690 2728 unice,

168 2731 330 2780 Triaque
362 2733 534 2772 difficilia

170 2788 260 2826 Cum
291 2791 403 2827 trium
438 2792 582 2828 dierum
616 2793 676 2830 via

225 2846 297 2883 Per
329 2847 517 2884 desertum
550 2849 640 2886 dant
672 2850 811 2897 typice,

1036 247 1142 292 Quod
1175 252 1252 284 tres
1284 247 1374 284 estis
1406 248 1565 285 mirifice

1038 304 1175 349 Unum,
1208 308 1294 340 sunt
1326 309 1414 340 nota
1447 301 1646 355 [tri]plice‚

1092 360 1260 407 Tresque
1277 362 1341 405 ita,
1365 362 1464 407 quod
1486 373 1559 398 non
1578 363 1666 409 tria,

1037 416 1131 453 Tres
1163 417 1290 463 Alpina
1321 428 1410 454 suae
1443 416 1610 455 fabricae

1035 472 1109 509 Vos
1140 475 1309 520 applicat
1342 479 1379 510 et
1409 474 1608 520 spliaerice

1089 530 1213 576 lungit
1243 542 1316 567 una
1347 531 1522 570 essentia.

962 686 1000 724 9.
1034 685 1107 722 Vos
1139 691 1215 723 tres
1246 686 1359 723 urbes
1390 686 1527 733 refugii

927 1455 993 1495 10.

919 2228 984 2267 11.

1031 742 1119 779 Sine
1149 744 1272 789 spatio
1304 744 1418 781 medii

1088 800 1308 846 Aequaliter
1338 801 1513 843 situatae,

1028 856 1122 892 Tres
1155 867 1352 902 personae,
1386 869 1457 894 non
1491 864 1567 895 tres
1596 860 1661 909 dii,

1028 912 1116 949 Sine
1147 914 1324 959 scrupulo
1357 914 1461 950 dubii

1082 969 1183 1006 Deus
1215 981 1309 1006 unus
1340 971 1523 1016 trinitate,

1026 1025 1088 1062 Sic
1119 1026 1240 1063 trinus
1269 1026 1306 1063 in
1339 1027 1495 1070 unitate,

1024 1083 1130 1129 Quod
1163 1093 1295 1119 carens
1325 1084 1529 1128 alteritate,

1082 1139 1300 1186 Digressum
1335 1142 1456 1177 nescis
1488 1143 1596 1180 varii.

1024 1194 1087 1232 Sic
1117 1207 1270 1233 manens
1301 1198 1540 1248 aeternitate,

1024 1252 1130 1297 Quod
1173 1258 1308 1290 cuncta
1340 1260 1538 1292 moventur
1569 1268 1589 1293 a
1622 1261 1659 1294 te

1084 1309 1245 1356 Origene
1277 1310 1467 1357 principii.

1025 1456 1082 1493 Tu
1113 1457 1214 1493 omni
1246 1467 1379 1494 carens
1411 1458 1568 1506 duplici,

1024 1513 1184 1559 Triplici
1216 1514 1275 1550 vel
1307 1515 1508 1561 multiplici

1081 1569 1183 1606 Deus
1214 1580 1254 1606 es
1284 1571 1600 1618 simplicissimus,

1025 1626 1075 1664 Ut
1106 1626 1161 1662 sol
1193 1627 1295 1663 solus
1326 1628 1422 1664 solet.
1454 1629 1527 1665 dici

1022 1683 1074 1720 Et
1104 1683 1224 1720 trinus
1256 1689 1380 1730 potest
1414 1686 1593 1733 conspici,

1077 1739 1226 1776 Effectu
1258 1741 1524 1788 calidissimus,

1021 1796 1234 1843 Splendore
1265 1798 1537 1845 lucidissimus,

1020 1853 1215 1900 Cursuque
1246 1855 1516 1900 velocissimus,

1076 1910 1308 1959 Triplexque
1337 1913 1459 1948 nescit
1489 1911 1603 1960 effici,

1018 1966 1082 2003 Sic
1112 1972 1152 2003 tu
1184 1968 1285 2004 solus
1316 1969 1521 2005 altissimus

1016 2023 1068 2060 Et
1092 2024 1194 2060 solus
1225 2026 1508 2071 potentissimus

1074 2080 1127 2117 Es
1158 2081 1196 2117 in
1227 2080 1303 2118 fide
1334 2082 1522 2121 catholici.

1017 2228 1080 2265 Sic
1109 2229 1146 2265 in
1179 2234 1228 2274 te,
1258 2234 1388 2266 sancta
1419 2230 1584 2279 trinitas,

1015 2285 1153 2323 Sancta
1184 2285 1358 2333 trinaque
1388 2287 1524 2332 unitas,

1072 2342 1196 2379 Credo
1229 2353 1376 2389 pauper
1407 2344 1645 2392 vermiculus,

1015 2399 1101 2436 Tibi
1132 2410 1205 2435 una
1236 2404 1294 2435 est
1324 2399 1485 2446 qualitas

1013 2456 1202 2502 Trinaque
1234 2456 1500 2502 personalitas,

1070 2512 1122 2550 Ut
1155 2512 1219 2548 dat
1249 2514 1284 2549 A
1316 2518 1353 2548 et
1385 2513 1413 2549 O
1447 2514 1601 2563 titulus,

1012 2570 1055 2607 In
1087 2568 1234 2615 trigono
1267 2573 1322 2605 est
1354 2569 1515 2606 circulus

1011 2627 1138 2672 Atque
1168 2628 1205 2661 in
1238 2626 1267 2662 Ο
1297 2625 1519 2671 triangulus,

1070 2682 1145 2719 Sed
1177 2687 1233 2718 est
1264 2682 1315 2718 ibi
1347 2682 1594 2731 simplicitas,

1014 2740 1138 2778 Unum
1170 2743 1207 2774 te
1239 2738 1331 2775 dicit
1361 2740 1521 2776 annulus

1011 2796 1166 2832 Trinum
1199 2796 1414 2842 triplexque
1443 2798 1614 2847 angulus,

1070 2852 1149 2889 Nec
1178 2856 1233 2888 est
1264 2852 1316 2888 ibi
1347 2852 1559 2898 triplicitas

1364 2916 1407 2949 22,
1419 2916 1434 2933 *
