2031 3289
346 672 410 708 10.

344 1045 407 1082 11.

348 1417 409 1455 12.

344 1792 406 1830 13.

344 2154 406 2192 14.

342 2517 406 2554 15.

955 211 1004 216 -—
1065 186 1146 226 286

401 329 409 337 .
443 299 516 336 Hic
546 304 603 337 est
634 299 778 337 fructus
810 300 951 337 ventris
982 300 1049 345 tui,

442 359 521 400 Quo
552 359 704 402 superni
736 358 901 403 gaudent
933 356 1018 406 frui,

498 412 687 459 Superans
718 418 897 462 aromata,

441 468 694 507 Cinamomum
728 475 765 505 et
798 469 950 506 odorem

446 524 668 562 Universum
701 531 739 562 et
771 526 975 571 dulcorem,

497 579 630 618 Omnia
662 581 891 627 balsamata3

442 672 575 709 Omnia
606 672 758 709 vincens
791 672 927 721 dulcia,

443 728 641 775 Caelestia,
675 729 885 778 terrestria,

496 785 630 821 Omnia
661 785 899 829 charismata,

441 841 551 878 Unde
583 841 783 878 dulcantur
813 842 950 889 omnia,

440 897 489 934 Et
520 902 703 934 ornantur
733 898 894 945 insignia

497 954 616 1001 Regni
648 954 874 992 diademata.

441 1045 513 1080 Hic
545 1050 601 1081 est
632 1044 777 1082 fructus
810 1045 1021 1093 dulcifluus,

440 1102 552 1139 Ortus
584 1112 628 1138 ex
661 1106 710 1148 te,
743 1113 830 1139 vere
862 1108 959 1149 tuus,

497 1158 598 1194 Tuus
629 1163 667 1194 et
697 1159 901 1206 ecclesiae3

439 1215 540 1251 Tuus
572 1213 729 1261 fructus,
762 1219 847 1252 tuus
878 1215 992 1264 Deus,

439 1271 525 1307 Tibi
555 1275 684 1318 gratus
701 1269 757 1321 ¹),
790 1283 858 1318 per
888 1277 925 1308 te
951 1282 1065 1322 meus,

495 1327 609 1371 Tuus,
641 1328 806 1375 inquam,
839 1329 1004 1375 proprie.

443 1418 562 1454 Tuum
594 1428 683 1465 ergo
719 1419 933 1466 Dominum,

441 1474 559 1510 'l'uum
591 1475 742 1512 omnino
771 1476 979 1525 proprium,

497 1531 616 1568 Tuum
648 1532 706 1568 lac
738 1530 916 1570 deifluum

441 1588 541 1634 Lege
573 1593 680 1634 potes
710 1589 802 1625 iuris
834 1590 919 1626 miri

439 1644 489 1680 Et
520 1643 692 1681 conferre
725 1651 762 1682 et
791 1646 935 1693 largiri,

496 1701 644 1738 Donum
676 1702 745 1738 hoc
776 1702 1000 1750 largifluum.

442 1791 536 1828 Nam
568 1796 606 1828 ut
639 1803 725 1829 rosa
756 1793 815 1829 vel
846 1793 965 1829 lilium

444 1849 509 1884 l'el
541 1849 662 1885 omnis
693 1849 788 1886 odor
820 1849 981 1886 dulcium

497 1905 625 1951 Spirat
655 1906 889 1954 suavissime,

439 1962 761 2008 Quemadmodum
793 1961 861 1999 flos
890 1963 1043 2000 odorem

440 2019 561 2055 Foras
579 2029 774 2065 -spargens
806 2026 843 2056 et
875 2020 1066 2056 dulcorem

496 2075 657 2112 Redolet
690 2075 917 2122 dulcissime,

440 2154 519 2190 Nec
548 2154 688 2190 amittit
717 2154 755 2190 in
786 2164 826 2190 se
856 2154 983 2200 fixum,

438 2209 513 2247 Sed
545 2221 589 2247 ex
621 2214 700 2248 toto
729 2216 855 2248 servat
885 2211 1005 2259 ipsum

495 2267 545 2304 Et
576 2266 701 2304 fundit
732 2267 963 2315 largissime,

443 2323 545 2361 Sicut
578 2322 722 2360 fructus
755 2324 876 2361 dulcis
906 2325 1010 2361 olens

438 2380 487 2417 Et
518 2391 632 2426 super
663 2386 795 2417 cuneta
827 2381 1000 2418 redolens

498 2435 681 2483 Fraglans
713 2437 943 2485 felicissime,

439 2518 497 2553 Ita
527 2516 608 2552 sine
639 2516 878 2563 detrimento,

438 2572 511 2609 Sed
545 2583 625 2609 cum
657 2574 757 2609 omni
786 2573 1016 2610 incremento

495 2628 673 2666 Fructum
706 2636 809 2666 tuum
840 2631 973 2666 merito

438 2685 592 2723 Illibata
622 2686 796 2733 genuisti,

439 2742 647 2779 Sublimata
678 2743 873 2790 peperisti,

496 2799 608 2846 Virgo
641 2800 759 2836 maior
789 2799 911 2838 solito.

417 2908 440 2949 ¹)
463 2914 579 2951 grates
608 2912 669 2942 lis.

1155 302 1216 339 16.
1250 301 1365 348 Virgo
1396 299 1500 348 felix,
1534 300 1644 338 tellus
1677 301 1809 339 dulcis.

1251 357 1420 395 Exarata
1452 357 1551 393 vitae
1581 357 1695 394 sulcis

1311 412 1531 460 septiformi
1563 424 1735 460 vomere3

1255 470 1384 518 Lacte,
1416 470 1526 506 melle
1558 474 1638 506 tota
1655 469 1797 518 fluens,
1840 500 1843 501 γ

1255 527 1363 564 Omni
1396 535 1544 572 semper
1575 525 1670 563 bono
1702 525 1830 563 fruens

1310 581 1535 619 Multiformi
1568 588 1757 630 muneret

1160 674 1223 711 17.
1256 673 1308 711 Ut
1339 683 1383 709 ex
1415 684 1488 709 uno
1521 672 1689 709 caritatis

1257 730 1315 766 Ex
1348 729 1467 765 altero
1500 730 1651 775 pietatis

1311 785 1467 832 Semper
1496 785 1589 822 fluas
1620 786 1750 831 latere,

1255 842 1394 889 Lacte,
1427 842 1536 878 melle
1566 841 1684 878 fluens
1716 841 1854 878 Christi

1254 899 1368 936 Cuius
1399 899 1514 935 nescit
1547 898 1649 936 unda
1678 898 1774 944 sisti,

1311 956 1361 992 Et
1393 955 1520 992 divino
1551 960 1730 1003 nectare;

1160 1047 1222 1085 18.
1253 1047 1459 1083 Humanati
1491 1045 1655 1094 deitatis,

1255 1103 1443 1140 lmmolati
1474 1103 1644 1139 caritatis

1310 1159 1542 1197 Redundans
1575 1158 1788 1207 dulcedine,

1255 1216 1432 1255 Caritatis
1463 1215 1574 1251 melle
1609 1215 1756 1261 pluens.

1255 1273 1414 1310 Pietatis
1445 1272 1543 1308 lacte
1575 1271 1695 1308 fluens

1310 1329 1533 1367 Meritorum
1565 1328 1710 1365 ordine.

1165 1421 1229 1459 19.
1262 1420 1339 1456 Mel
1370 1425 1409 1456 et
1439 1419 1498 1456 lac
1529 1423 1585 1455 est
1616 1418 1828 1456 humanitas

1255 1477 1326 1514 Tui
1358 1475 1503 1512 fructus
1536 1480 1572 1512 et
1604 1476 1737 1523 deitas,

1312 1533 1426 1570 Cuius
1457 1543 1586 1569 manas
1617 1530 1781 1580 flumine,

1255 1590 1348 1627 Veri
1380 1589 1451 1626 Dei
1483 1593 1519 1626 et
1549 1589 1722 1639 hominis,

1255 1646 1327 1683 Sed
1360 1651 1393 1682 et
1427 1645 1547 1693 patris
1578 1650 1615 1682 et.
1645 1643 1806 1683 flaminis

1311 1703 1407 1738 Vere
1437 1701 1557 1738 fluens
1588 1703 1759 1747 numine,

1156 1795 1220 1831 20.
1254 1793 1343 1829 Veri
1375 1792 1496 1829 mellis
1527 1797 1564 1828 et
1594 1791 1731 1841 butyri,

1253 1849 1358 1895 Quod
1391 1854 1446 1885 est
1477 1849 1554 1886 vita
1584 1848 1672 1884 iusti
1702 1848 1785 1893 viri,

1309 1906 1466 1942 Deliciis
1497 1904 1669 1942 affluens.

1250 1963 1329 1999 Mel
1361 1967 1417 1998 est
1449 1962 1550 1999 Deus
1583 1961 1816 2006 humanatus,

1251 2019 1390 2056 Faetus
1423 2020 1460 2055 in
1492 2024 1529 2055 te
1559 2018 1770 2067 butyratus,

1307 2076 1438 2113 Dulcis
1470 2086 1515 2112 ex
1546 2080 1584 2112 te
1613 2073 1801 2122 diffluens,
1849 2079 1852 2081 ’

1152 2156 1218 2193 21.
1252 2156 1372 2191 Verus
1405 2154 1507 2191 Deus
1538 2152 1661 2190 factus
1692 2153 1801 2189 homo

1251 2213 1293 2249 In
1326 2216 1474 2248 sacrata
1504 2211 1558 2247 tui
1591 2209 1700 2247 domo

1308 2268 1458 2304 Ventris
1490 2272 1526 2304 et
1555 2267 1743 2314 virginea,

1250 2325 1321 2362 Dei
1354 2325 1458 2361 cuius
1489 2323 1694 2367 humanati,

1250 2381 1308 2418 Ex
1340 2386 1377 2417 te
1408 2386 1512 2418 easta
1544 2390 1631 2417 vere
1662 2379 1753 2428 nati,

1307 2438 1433 2475 Mater
1464 2448 1503 2474 es
1533 2437 1680 2474 idonea.

1155 2519 1220 2555 22.
1251 2518 1352 2564 Ergo
1385 2516 1494 2553 valde
1526 2515 1755 2558 veneranda,

1253 2573 1374 2611 Valde
1405 2583 1554 2619 semper
1585 2583 1623 2609 es
1651 2571 1824 2616 amanda,

1310 2631 1426 2668 Plena
1458 2639 1545 2667 vere
1576 2629 1710 2678 gratia.

1252 2688 1294 2724 In
1327 2698 1399 2733 qua
1429 2686 1601 2734 gaudete,
1635 2685 1810 2731 virgines,

1251 2744 1387 2781 Omnes
1418 2743 1557 2790 gradus
1589 2746 1622 2779 et
1659 2741 1822 2787 ordines,

1309 2800 1431 2846 Digna
1463 2809 1551 2836 vere
1581 2797 1712 2847 gloria.

1859 873 1868 889 Ί
