1914 3223
726 191 1034 231 —393—

118 306 184 344 47.
217 305 324 352 Quae·
351 314 466 350 super
492 304 597 342 bases
627 305 816 351 fundatae

216 360 317 398 Sunt
347 371 499 404 aureas,
531 360 623 398 fiunt
656 365 787 408 gratae

272 417 513 454 Tolerantiae
543 418 719 462 omnium,

213 475 316 521 Quae
346 484 417 510 non
450 477 536 511 sunt
566 474 603 511 in
636 474 795 512 caritate

213 529 417 576 Tamquam
450 531 487 567 in
519 541 610 568 auro
631 530 813 576 firmatae,

270 587 468 624 Miuantur
498 587 774 637 praecipitium,

214 642 458 691 Franguntur
485 654 596 680 crura
626 644 756 681 talium

212 698 293 736 Nec
324 704 588 746 promerentur
620 701 839 747 praemium,

269 757 363 802 Quia
396 756 442 792 de
472 757 696 794 necessitate

210 812 273 849 Ad
304 813 549 850 obtinendum
581 813 750 851 bravium

185 869 369 916 ,Oportet
401 873 487 916 post
516 870 745 918 principium

267 926 455 973 Peragere
487 931 753 965 consummate.

110 1027 176 1066 48.
213 1027 263 1065 Ut.
292 1027 438 1064 Libam'
469 1030 520 1065 est
550 1028 689 1074 speeies

205 1084 306 1122 Eius
337 1088 450 1131 atque
479 1083 637 1131 effigies,

265 1141 357 1178 Cum
387 1141 493 1188 origo
524 1142 573 1178 sit
604 1142 795 1189 candoris,

208 1197 419 1243 Imaginata
449 1198 592 1244 pluries

206 1253 371 1300 Fulgida
402 1254 481 1290 eius
513 1253 642 1301 facies,

261 1310 457 1349 Radicalis
489 1309 573 1348 fons
606 1311 768 1358 decoris,

206 1367 249 1404 In
280 1367 380 1403 omni
411 1367 494 1404 loeo
524 1367 692 1404 horroris

204 1423 257 1460 Et
286 1424 390 1460 omni'
417 1424 510 1461 hora
539 1424 685 1461 timoris

261 1478 440 1517 Efficitur
469 1481 659 1526 meridies,

206 1535 506 1584 Gravamineque
537 1537 676 1574 laboris

205 1593 280 1631 Pro
311 1593 533 1641 Sarcinaque
564 1594 710 1640 soporis

262 1649 430 1687 Libanus
460 1655 518 1688 est
545 1654 583 1687 et
614 1651 775 1698 requies,

928 307 994 346 49.
1030 306 1079 344 Ut
1110 306 1177 342 alti
1208 306 1310 344 cedri
1341 306 1474 344 electus

1026 362 1167 399 Faetus
1198 366 1255 399 est
1285 374 1389 400 meus
1421 363 1594 414 dilectus,

1085 421 1137 458 Ut
1168 419 1220 456 ibi
1251 423 1365 466 queat
1394 430 1556 466 pausare

1028 476 1156 512 Omnis
1189 487 1334 522 pauper
1364 481 1401 512 et
1432 476 1615 525 abiectus,

1027 533 1095 578 Qui
1126 533 1319 569 tundendo
1350 544 1455 569 suum
1483 537 1616 580 pectus

1083 588 1131 625 Se
1165 588 1333 635 disponit
1364 590 1588 637 emendare;

1024 644 1224 691 Nunquam
1255 645 1370 682 habet
1401 646 1593 683 declinare

1024 700 1170 738 Umbra
1202 701 1280 738 eius
1312 703 1371 738 vel
1403 713 1564 748 cessare,

1082 757 1172 795 Cum
1215 758 1354 794 nullius
1391 759 1439 795 sit
1473 757 1659 809 defectus,

1026 813 1084 850 Ne
1115 825 1155 850 se
1187 816 1307 860 possit
1339 825 1532 862 excusare,

1025 871 1094 916 Qui
1125 871 1217 908 alibi
1249 873 1378 917 nequit
1409 876 1511 908 stare

1082 927 1142 964 Ab
1175 927 1386 965 hominibus
1418 928 1572 968 eiectus,

927 1031 993 1069 50,
1026 1029 1309 1067 Suarissimum
1343 1029 1448 1067 illius

1023 1087 1095 1123 Est
1123 1088 1254 1133 quitur
1285 1091 1322 1123 et
1351 1087 1503 1124 suavius

1080 1143 1199 1188 Quam
1240 1154 1299 1180 res
1330 1144 1413 1189 ipsa
1443 1143 1659 1190 gustabilis,

1023 1199 1119 1237 Nam
1152 1210 1303 1246 semper
1333 1204 1457 1247 gustat
1489 1200 1638 1237 dulcius

1022 1257 1115 1294 Rem
1147 1257 1346 1294 humanam
1378 1261 1415 1293 et
1445 1256 1592 1304 melius,

1078 1314 1193 1358 Quam
1226 1313 1275 1349 sit
1305 1313 1389 1359 ipsa
1421 1313 1608 1362 valibilis3

1019 1370 1141 1406 Totus
1173 1369 1439 1407 desiderabilis

1020 1425 1090 1463 Est
1123 1430 1235 1472 atque
1267 1426 1482 1463 affectibilis

1077 1482 1253 1520 Gustanti
1286 1493 1369 1519 eum
1402 1483 1564 1529 saepius,

1020 1538 1186 1576 Gustans
1218 1543 1274 1575 est
1307 1538 1541 1586 favorabilis,

1019 1594 1202 1632 Gustatus
1234 1596 1467 1642 appetibilis,

1075 1652 1241 1690 Gustans
1285 1656 1321 1689 et
1354 1656 1523 1700 gustatus
1557 1654 1654 1700 piuS.

513 1754 578 1791 51.
610 1753 720 1790 Tazis
751 1756 804 1791 est
831 1764 939 1792 meus
971 1754 1128 1792 dilectus

610 1810 663 1847 Et
692 1809 773 1856 ipse.
803 1813 856 1848 est
884 1821 992 1848 ‘meus
1023 1815 1147 1848 rectus

667 1865 842 1912 Amicus,
874 1878 896 1904 0
926 1878 993 1905 vos
1022 1867 1128 1914 fidiae

609 1923 838 1971 Ierusalem,
870 1924 934 1971 qui
966 1924 1136 1961 detectus

610 1979 679 2016 Est
711 1979 818 2017 vobis
849 1991 919 2027 per
948 1991 1007 2017 me
1037 1980 1242 2028 perfectus,

668 2037 722 2076 Ut
751 2037 912 2075 audistis
944 2038 1172 2085 summarie3

610 2092 669 2130 De
700 2104 767 2131 sua
798 2094 958 2140 pulchra
989 2095 1117 2141 specie

609 2149 660 2186 Et
693 2150 740 2187 de
771 2151 850 2187 eius
881 2151 1048 2188 manerie

666 2206 827 2254 Aliquos
857 2207 964 2244 vobis
993 2206 1186 2254 profectus

611 2262 715 2310 Dixi,
748 2268 788 2300 ut
818 2264 954 2301 mentis
985 2265 1067 2302 acie

612 2319 796 2357 Habeatis
828 2320 967 2358 cotidie

667 2376 730 2414 Ad
759 2387 843 2414 eum
874 2381 1020 2416 vestros
1051 2382 1241 2425 aspectus.

552 2523 795 2560 Pastores
835 2524 894 2561 ad
934 2525 1193 2572 virginem.

109 2622 173 2661 52.
203 2621 233 2661 O
262 2628 477 2661 sanctarum
509 2625 758 2671 sanctissima,

204 2679 416 2717 Mulierum
439 2680 716 2729 pulcherrima,

262 2735 346 2783 Dic,
375 2748 448 2783 quo
478 2737 572 2775 abiit
603 2737 760 2775 dilectus

203 2792 343 2830 Tuus?
373 2797 497 2830 utrum
529 2795 578 2831 ad
611 2793 739 2831 infima

205 2848 276 2886 Vel
307 2853 431 2886 utrum
463 2850 512 2887 ad
542 2850 726 2887 altissima

262 2903 336 2942 Seu
364 2910 508 2944 remota
538 2907 588 2944 sit
609 2906 834 2953 profectus?

1022 2626 1102 2674 Quo
1136 2625 1339 2664 declinavit
1369 2627 1510 2663 electus

1020 2681 1196 2720 Dilectus
1227 2686 1328 2728 tuus,
1361 2682 1587 2729 perfectus?

1074 2738 1127 2776 Et
1157 2750 1242 2775 eum
1273 2742 1351 2776 tota
1380 2740 1506 2776 anima

1018 2796 1252 2843 Quaeremus
1285 2798 1407 2833 tecum
1438 2795 1595 2834 affectus

1016 2853 1142 2898 Atque
1174 2852 1285 2888 etiam
1316 2852 1468 2890 effectus

1074 2908 1165 2946 Cum
1199 2908 1234 2945 vi
1266 2908 1418 2946 virtutis
1448 2910 1593 2950 intima.
