1914 3223
474 335 549 366 XV.

199 415 299 446 Assis
325 423 417 454 ergo⁷
444 413 534 445 boue
562 413 667 450 Ueiis,

200 459 251 491 Ne
277 459 466 501 desperem,
495 459 652 500 quamvis
678 465 768 494 reus,

204 506 294 536 Reus
321 505 442 535 mortis
469 514 537 538 nou
562 503 719 543 despero,

202 549 269 581 Sed
296 550 332 580 in
358 553 466 580 morte
491 550 597 579 vitam
623 557 764 589 quaero.

152 593 172 627 ὃ
199 596 276 634 Quo
301 598 335 626 te
360 594 505 636 placem,
532 593 581 624 nil
608 592 796 635 praetendo

857 154 936 194 417

588 335 745 365 Oratio
779 333 828 365 ad
867 337 1005 365 totam
1040 334 1303 365 trinitatem.

1018 411 1096 444 Nisi
1124 412 1235 450 tidem,
1262 422 1365 453 quam
1391 412 1554 450 defendm

1021 458 1103 489 Fide
1128 459 1248 489 vivens
1277 457 1339 489 hac
1368 458 1524 499 imploro,

1022 504 1115 534 Leva
1140 504 1279 539 fascem,
1305 514 1374 545 qua
1401 503 1533 534 laboro.

1020 549 1085 579 Per
1112 548 1175 578 hoc
1200 558 1335 579 sacrum
1362 547 1577 589 cataplasma

955 590 995 624 10
1021 594 1251 625 Convalescat
1278 603 1418 635 aegrum
1446 593 1590 634 plasma.

546 718 637 749 XVI.
664 718 822 749 Oratio
857 722 1015 748 contra
1049 727 1236 749 caruem.

198 798 308 830 Extra
332 802 466 840 portam
494 798 562 828 iani
588 797 740 828 delatum

198 844 271 875 Iam
297 844 481 875 foetentem
509 842 718 874 tumulatum

198 889 360 920 Vinclum
385 888 481 930 ligat,
513 888 602 928 lapis
630 892 748 927 urget3

197 934 234 965 Si
259 938 297 966 tu
322 934 433 971 iubes,
459 933 516 965 hic
541 938 707 974 resurget.

149 977 171 1011 5
200 979 296 1019 Iube,
322 978 412 1021 lapis
442 978 648 1015 revolvetur,

196 1025 291 1061 Iube,
318 1024 472 1055 vinclum
498 1023 717 1059 dissolvetur,

194 1070 261 1101 Per
285 1073 318 1102 te
342 1080 462 1102 verum
488 1069 705 1102 salvatorem

195 1115 321 1147 Foetor
345 1125 441 1147 meus
467 1116 502 1146 in
528 1114 678 1151 odorem,

192 1160 287 1192 Mors
312 1161 349 1192 in
372 1161 482 1192 vitam
507 1162 738 1196 convertetur,

128 1203 170 1238 10
195 1206 233 1238 Si
260 1215 280 1238 a
304 1210 336 1237 te
364 1207 618 1248 praecipietur,

194 1251 362 1283 Exiturus
387 1253 499 1283 nescit
523 1259 648 1287 moras,

192 1297 384 1338 Postquam
409 1297 558 1328 clamas:
585 1295 673 1326 Veni
698 1295 802 1326 foras.

194 1342 289 1384 Ergo
315 1342 428 1374 clama
453 1352 538 1373 voce
563 1340 654 1377 forti,

195 1387 380 1419 Violentus
406 1391 479 1419 esto
506 1387 608 1418 morti

133 1430 174 1464 15
200 1432 389 1474 Captivans
415 1433 666 1474 captivitatem,

196 1479 293 1510 Dans
319 1478 459 1520 captivo
486 1477 693 1509 libertatem.

195 1524 235 1555 In
260 1523 326 1555 hoc
351 1523 425 1555 salo
452 1533 527 1555 mea
552 1523 637 1554 ratis

194 1569 382 1600 Infestatur
407 1578 426 1600 a
452 1569 587 1610 piratis,

1017 797 1109 828 Hinc
1137 797 1302 828 assultus.
1329 797 1409 829 inde
1431 798 1564 837 fluctus,

1016 844 1108 874 Hinc
1133 846 1167 873 et
1192 842 1271 873 inde
1298 852 1389 873 rnors
1415 846 1449 874 et
1473 843 1598 875 luctus.

1015 887 1081 920 Sed
1107 891 1153 926 tu,
1181 887 1270 919 bone
1297 895 1414 925 nauta,
1440 890 1532 924 veni,

1014 934 1136 965 Preme
1160 936 1293 971 ventos,
1320 943 1414 964 mare
1439 933 1519 970 leni,

1017 979 1094 1019 Fac,
1119 976 1313 1010 abscedant
1341 978 1376 1009 hi
1408 980 1552 1019 piratae,

1017 1025 1091 1055 Duc
1117 1023 1160 1055 ad
1188 1026 1325 1065 portum
1351 1024 1449 1055 salva
1476 1027 1559 1056 rate.

967 1079 976 1096 ῑ
1014 1069 1202 1101 Infecunda
1228 1079 1304 1100 inea
1329 1069 1426 1107 ficus,

1012 1116 1119 1147 Cuius
1146 1124 1261 1146 ramus
1288 1125 1374 1156 pene
1401 1116 1522 1151 siccus,

1013 1159 1197 1195 Incidetur,
1224 1160 1436 1197 incendetur,

1013 1207 1048 1237 Si
1076 1205 1286 1246 promulgas,
1311 1206 1404 1247 quod
1430 1209 1592 1237 meretur.

1012 1250 1078 1282 Sed
1106 1249 1171 1282 hoc
1197 1261 1287 1282 anno
1313 1251 1519 1289 dimittatur,

1013 1299 1239 1333 Stercoretur,
1265 1296 1434 1335 fodiatur3

1013 1341 1145 1380 Quodsi
1171 1341 1317 1373 necdum
1344 1342 1578 1382 respondebit,

1014 1387 1116 1418 Flens
1143 1386 1206 1418 hoc
1231 1386 1319 1425 dieo,
1345 1390 1428 1418 tunc
1454 1387 1598 1419 ardebit.

1015 1432 1089 1463 Hoc
1114 1435 1244 1473 averte,
1269 1432 1418 1464 clemens
1446 1433 1550 1471 Deus,

1013 1478 1064 1509 Ne
1091 1477 1289 1516 succendar,
1316 1480 1477 1519 quamvis
1504 1489 1601 1518 reus3

944 1521 986 1555 35
1013 1523 1066 1554 Tu
1092 1524 1127 1553 in
1153 1524 1261 1554 risum
1288 1526 1385 1554 verte
1411 1523 1552 1561 luctum,

1011 1567 1199 1599 Infecundo
1228 1572 1409 1609 praestans
1435 1569 1594 1600 fructum.

945 840 988 873 20

943 1294 986 1328 30

532 1693 644 1725 XVII.
684 1694 841 1724 Oratio
874 1697 1037 1724 eontra
1070 1692 1251 1724 hostem.

197 1774 305 1804 Vetus
330 1772 441 1804 hostis
466 1773 503 1803 in
528 1783 582 1804 me
606 1773 701 1811 furit,

197 1819 307 1859 Aquis
331 1819 462 1855 mersit,
488 1818 636 1850 flammis
662 1819 741 1856 urit,

197 1863 281 1895 Inde
308 1863 476 1905 languens
503 1867 537 1895 et
561 1863 721 1895 adflictus

197 1908 278 1940 Tibi
305 1908 371 1940 soli
397 1919 472 1940 sum
499 1909 652 1940 relictus.

151 1950 172 1984 5
197 1954 246 1986 Ut
270 1954 327 1985 hic
351 1953 462 1985 hostis
489 1957 683 1992 evanescat,

198 2000 247 2032 Ut
271 1998 426 2030 infirmus
452 1999 684 2038 convalescat,

198 2045 252 2076 Tu
276 2046 441 2076 virtutem
469 2045 647 2077 ieiunandi

197 2090 268 2122 Des
294 2089 429 2121 infirmo
457 2094 492 2122 et
516 2090 650 2122 orandi.

199 2135 266 2167 Per
291 2135 376 2166 haec
399 2135 466 2167 duo
494 2135 632 2168 Christo
658 2139 745 2167 teste

131 2179 173 2213 10
197 2181 390 2212 Liberabor
414 2181 458 2213 ab
484 2180 549 2212 hac
576 2185 682 2223 peste.

1011 1773 1064 1804 Ab
1090 1772 1154 1803 hac
1181 1776 1276 1813 peste
1306 1773 1403 1804 solve
1429 1776 1588 1811 mentem,

1013 1818 1082 1849 Fac
1107 1817 1285 1849 devotum'
1300 1819 1546 1859 paenitentem,

1015 1864 1072 1894 Da
1096 1864 1269 1901 timorem,
1296 1874 1364 1905 quo
1392 1865 1544 1903 proiecto

1017 1909 1068 1940 De
1094 1908 1207 1939 salute
1234 1909 1286 1940 nil
1313 1910 1482 1941 coniecto.

949 1953 991 1987 15
1016 1954 1071 1985 Da
1097 1964 1203 1995 spem,
1229 1952 1342 1992 fidem,
1369 1956 1561 1993 caritatem,

1017 2000 1071 2031 Da
1097 1999 1282 2030 discretam
1310 2001 1486 2041 pietatem,

1018 2045 1073 2076 Da
1097 2047 1333 2086 contemptum
1358 2048 1584 2084 terrenorum,

1018 2090 1221 2132 Appetitum
1247 2101 1484 2131 supernorum,

1019 2136 1110 2167 seda
1135 2135 1226 2173 lites,
1251 2136 1305 2167 fac
1330 2146 1393 2167 nos
1419 2137 1531 2174 mites,

949 2178 993 2213 20
1018 2182 1113 2221 Quos
1138 2182 1175 2212 in
1201 2182 1295 2212 omni
1322 2181 1415 2213 bona
1439 2181 1539 2213 dites.

619 2306 714 2338 XIX.
752 2306 917 2337 Contra
952 2305 1165 2338 mundum.

202 2384 281 2416 Iesu
306 2384 454 2419 Christe.
480 2384 531 2416 fili
558 2385 635 2422 Dei,

199 2429 241 2461 In
269 2433 301 2461 te
326 2429 427 2462 fidem
455 2430 569 2461 cordis
595 2432 674 2469 mei,

202 2475 243 2506 In
268 2478 302 2506 te
329 2477 420 2507 iacto
448 2476 650 2517 cogitatum,

201 2520 282 2552 Tibi
308 2520 418 2552 subdo
447 2531 501 2552 me
527 2524 748 2562 prostratum.

154 2564 175 2598 5
200 2565 339 2604 Totum,
363 2566 470 2606 Deus,
496 2566 531 2597 in
557 2570 590 2597 te
616 2577 727 2607 spero,

201 2611 306 2649 Deus,
333 2621 374 2642 ex
398 2614 432 2643 te
457 2614 567 2642 totum
593 2620 734 2652 quaero,

199 2656 253 2687 Tu
277 2656 354 2688 laus
378 2666 467 2694 mea,
492 2666 605 2688 meum
632 2656 770 2694 bonum,

201 2701 334 2733 Cuncta
359 2711 436 2734 mea
461 2705 558 2733 tuum
584 2701 723 2733 donum.

200 2746 253 2777 Tu
279 2746 436 2779 solamen
461 2748 497 2778 iu
522 2746 653 2784 dolore,

137 2789 178 2824 10
202 2791 424 2824 Medicamen
451 2793 487 2823 in
516 2792 693 2834 languore,

201 2836 254 2868 Tu
279 2837 315 2868 in
343 2837 438 2869 luctu
463 2847 539 2869 mea
563 2837 650 2877 lyra,

204 2883 257 2914 Tu
282 2881 432 2914 lenimen
458 2893 494 2914 es
520 2883 557 2913 in
582 2883 645 2920 ira,

182 2941 207 2967 D
215 2949 230 2967 r
238 2949 253 2966 e
263 2949 282 2967 v
292 2950 308 2967 e
317 2949 347 2973 s,
373 2941 579 2968 Lateinische
600 2940 880 2975 Hymnendiehter

1018 2385 1071 2416 Tu
1096 2386 1132 2416 in
1156 2388 1232 2417 arto
1263 2386 1438 2424 liberator,

1019 2431 1072 2462 Tu
1098 2431 1133 2462 in
1158 2430 1260 2470 lapsu
1285 2431 1468 2469 relevator,

952 2474 992 2507 15
1018 2476 1149 2507 Metum
1174 2479 1332 2518 praestas
1358 2477 1393 2507 in
1420 2475 1585 2517 profectu,

1019 2521 1122 2562 Spem
1148 2531 1335 2553 conservas
1361 2521 1398 2552 in
1423 2521 1567 2552 defectu.

1019 2566 1055 2598 Si
1080 2567 1159 2608 quis
1184 2566 1303 2605 laedit,
1330 2570 1368 2597 tu
1393 2565 1564 2607 rependis,

1018 2612 1056 2644 Si
1082 2613 1242 2651 minatur,
1271 2616 1308 2643 tu
1333 2611 1500 2645 defendis,

1016 2656 1117 2697 Quod
1142 2660 1193 2689 est
1219 2667 1359 2699 anceps,
1385 2659 1422 2688 tu
1446 2655 1623 2696 dissolvis,

948 2699 992 2734 20
1017 2701 1116 2742 Quod
1142 2702 1338 2744 tegendum,
1365 2705 1402 2733 tu
1428 2701 1592 2734 involvis.

1016 2747 1070 2779 Tu
1095 2749 1230 2789 aspiras
1257 2747 1347 2779 velle
1373 2749 1514 2785 rectum,

1016 2792 1117 2824 Velle
1143 2793 1310 2824 transfers
1336 2793 1371 2823 in
1397 2791 1566 2830 effectum,

1019 2838 1067 2870 Ut
1093 2848 1162 2868 non
1183 2839 1218 2868 in
1243 2847 1279 2869 se
1306 2837 1487 2878 glorietur,

1018 2883 1186 2924 Quisquis
1211 2893 1329 2914 verum
1357 2883 1521 2914 intuetur.

917 2941 960 2967 11.
1428 2936 1471 2970 27
