2031 3289
887 146 1182 187 -248—

262 255 294 296 5,
320 255 342 288 2
365 257 578 300 Cunctisque
603 258 772 299 apostolis
796 259 841 290 D.
864 275 910 280 ——-
935 257 965 296 5,
991 256 1013 290 3
1038 269 1099 300 pro
1125 261 1259 292 eunctis
1283 261 1390 299 BEF'3
1421 260 1612 302 Implorate
1635 272 1697 303 pro
1721 263 1822 295 nobis

263 303 307 335 D.
333 320 377 324 —-
402 301 433 341 5,
457 301 479 334 4
502 303 702 335 Maiestatis
727 304 916 335 Dominum
941 304 984 335 D.
1010 321 1055 326 —
1078 305 1150 336 Vor
1175 303 1289 341 stnfi
1313 305 1450 338 schiebt
1473 305 1500 337 C
1524 307 1598 338 ein:

754 383 890 423 Martyr
914 381 1056 421 Christi,
1081 383 1259 416 Theodole

752 427 973 468 Patroneque
1000 427 1147 466 Albane,

752 472 899 511 Fune(‘?)
924 474 1052 504 vinctis
1078 475 1211 505 meritis

751 518 824 548 Nos
850 517 976 549 solvite
1000 519 1215 551 criminibus.

261 607 354 639 Statt
378 607 528 649 Strophe
553 605 573 638 6
597 606 713 639 haben

395 737 635 778 Protomartyr
660 737 836 779 Stephane
1146 745 1175 776 Ο
1200 739 1339 780 praesul
1364 744 1482 772 sancte
1507 740 1778 773 Emmerame

396 783 523 814 Omnes
549 786 654 824 atque
678 787 858 824 martyres,
1145 783 1193 815 Et
1217 794 1336 816 omnes
1362 791 1543 826 martyres,
1568 786 1690 818 devote

396 828 469 858 Vos
495 832 590 859 orate
616 838 678 869 pro
703 829 837 859 eunetis
1144 829 1267 860 Estote
1291 830 1329 860 in
1354 831 1485 862 auxilio

395 873 563 905 Plebibus
589 873 782 905 catholicis.
1145 875 1281 916 Populo
1307 875 1490 907 catholico.

260 964 333 995 Vor
357 963 424 995 Str.
451 961 470 994 7
496 963 632 995 schiebt
655 963 684 995 C
709 965 782 996 ein:

757 1037 816 1069 Ob
831 1048 850 1069 o
861 1038 881 1069 d
892 1048 912 1069 a
921 1049 937 1069 r
945 1038 966 1069 d
977 1048 995 1070 e
1027 1039 1203 1070 confessor

759 1083 979 1125 Martineque
1004 1085 1143 1124 pariter,

760 1129 833 1160 Nos
859 1139 935 1160 cum
961 1129 1218 1162 confessoribus

760 1173 933 1205 Adiuvate
958 1175 1130 1215 precibus.

263 1265 357 1295 Statt
382 1263 531 1306 Strophe
555 1262 574 1294 7
600 1264 731 1296 haben:

397 1393 524 1425 Sancte
549 1398 647 1436 pater
670 1394 883 1436 Philippe
1148 1396 1175 1427 O
1200 1396 1398 1433 Benedicte‚
1422 1400 1522 1438 pater
1548 1399 1614 1439 pie,

395 1439 693 1482 Pirminique,
726 1441 856 1481 pariter
1146 1440 1272 1473 Sancte
1296 1442 1408 1480 Galle,
1434 1443 1554 1474 doctor
1577 1444 1678 1482 bone,

397 1485 470 1516 Nos
497 1494 574 1516 cum
600 1485 857 1517 confessoribus
1146 1488 1218 1518 Nos
1244 1498 1323 1518 cum
1349 1487 1429 1519 aliis
1455 1488 1712 1520 confessoribus

395 1530 569 1561 Adiuvate
597 1531 770 1572 precibus.
1144 1532 1320 1564 Adiuvate
1345 1533 1517 1575 precibus.

261 1618 300 1659 S,
328 1619 345 1652 1
371 1621 419 1652 Et
448 1624 580 1661 martyr
604 1621 646 1652 D.
672 1638 718 1642 —-
748 1618 785 1657 8,
818 1619 838 1652 2
862 1622 909 1653 Et
933 1621 1119 1663 virginalis
1151 1623 1294 1654 castitas
1319 1623 1356 1654 F.
1382 1640 1428 1644 ——
1450 1621 1482 1662 8,
1512 1621 1533 1655 3
1559 1624 1739 1656 Postulate
1763 1635 1824 1667 pro

263 1667 392 1697 nostris
416 1666 452 1697 F.
479 1683 522 1687 —
547 1663 577 1703 8,
603 1664 625 1697 4
649 1667 765 1698 Iesum
791 1666 968 1699 Christum
993 1668 1146 1709 peccatis
1169 1667 1207 1698 F.
1231 1686 1276 1689 —
1301 1668 1369 1700 Str.
1394 1666 1415 1700 9
1440 1668 1551 1700 lautet
1575 1670 1611 1700 in

398 1803 525 1835 Omnes
552 1803 664 1834 saneti
689 1803 832 1835 Domini
1146 1804 1274 1836 Omnes
1300 1805 1411 1836 sancti
1437 1805 1515 1842 Dei,

396 1843 528 1890 Angeli
554 1852 587 1879 et
610 1847 780 1886 homines,
1146 1850 1218 1880 Nos
1244 1849 1407 1880 exaudire
1433 1849 1623 1889 dignemini

398 1893 645 1925 commendate
671 1894 819 1935 populos
1145 1894 1193 1925 Et
1217 1894 1261 1925 ad
1285 1904 1386 1926 aures
1411 1895 1550 1926 divinas

397 1939 548 1970 Domino
574 1939 777 1971 eatholicos.
1144 1940 1246 1971 Ferte
1272 1943 1409 1971 nostras
1434 1941 1605 1972 miserias.

266 2030 335 2062 Str.
363 2027 405 2061 10
429 2029 463 2061 ff.
488 2029 602 2061 fehlen
627 2030 664 2061 F.
690 2047 735 2050 —
762 2028 813 2068 10,
838 2027 859 2062 3
884 2031 1085 2072 temperiem
1112 2029 1147 2062 C.
1174 2049 1217 2053 —
1243 2030 1310 2062 Str.
1342 2029 1381 2062 11
1408 2031 1519 2063 lautet
1543 2032 1579 2062 in
1605 2031 1713 2064 BCD:

758 2110 807 2141 Ut
832 2110 928 2150 pacis
953 2109 1191 2151 tranquillitas

759 2154 1020 2196 Corporumque
1045 2156 1178 2186 sanitas

758 2200 789 2230 A
815 2199 952 2232 Christo
978 2199 1078 2232 detur
1101 2201 1214 2237 nobis,

751 2245 915 2277 Obtinete
940 2246 1083 2277 meritis.

258 2338 323 2369 Str.
353 2334 394 2367 12
427 2336 513 2367 fehlt
539 2336 640 2367 BCD.
675 2354 716 2358 ——
749 2336 814 2368 Str.
845 2334 884 2368 13
914 2335 1030 2368 hinter
1057 2334 1108 2368 15.
1135 2336 1237 2368 BCD.
1264 2353 1306 2357 —
1341 2335 1400 2376 14,
1439 2335 1453 2368 1
1482 2338 1529 2370 Ut
1554 2336 1748 2379 praesulem
1772 2338 1822 2375 D3

257 2382 305 2414 Ut
329 2383 360 2413 N
393 2381 589 2423 praesulem
616 2381 661 2421 C3
697 2382 786 2413 tueri
820 2380 905 2412 fehlt
930 2380 1000 2413 CD.
1028 2399 1071 2404 —
1106 2380 1162 2420 14,
1197 2380 1218 2412 2
1243 2382 1381 2414 Clerum
1414 2383 1487 2413 eius
1521 2386 1554 2413 et
1579 2393 1715 2414 omnem
1742 2382 1822 2421 BD;

256 2427 344 2458 Eius
380 2427 508 2459 clerum
542 2429 576 2458 et
606 2436 741 2458 omnem
775 2427 818 2458 D.
852 2444 886 2448 —
931 2425 988 2465 14,
1019 2425 1040 2459 3
1074 2428 1288 2459 Conservare
1321 2427 1475 2469 digneris
1508 2428 1609 2460 BCD.
1635 2445 1680 2449 —
1711 2425 1769 2466 14,
1800 2425 1822 2459 4

261 2472 420 2506 Oramus.
447 2471 592 2509 Christe,
621 2471 703 2503 audi
728 2482 802 2503 nos
820 2472 925 2504 BCD.
941 2489 984 2494 —
1005 2471 1056 2510 15,
1077 2471 1092 2503 1
1113 2473 1162 2505 Ut
1181 2483 1239 2503 rex
1256 2476 1374 2504 noster
1393 2473 1443 2513 D;
1471 2483 1530 2505 rex
1546 2477 1664 2505 noster
1679 2472 1761 2504 Otto
1779 2472 1822 2511 C3

258 2528 318 2549 rex
350 2522 468 2549 noster
500 2517 675 2548 Henricus
708 2517 749 2548 E.
788 2534 832 2538 —
869 2517 936 2549 Str.
971 2515 1026 2555 16,
1067 2516 1107 2549 17
1141 2518 1210 2549 und
1247 2515 1287 2549 18
1317 2517 1430 2550 fehlen
1468 2518 1569 2550 BCD.
1601 2536 1644 2540 —
1680 2518 1748 2550 Str.
1781 2514 1823 2550 19

257 2563 370 2595 lautet
393 2565 430 2594 in
455 2563 561 2595 BCD:

754 2608 902 2647 Christe,
928 2607 1075 2647 Christe,
1102 2608 1183 2640 audi
1210 2618 1285 2647 nos,

752 2655 871 2694 Kyrie,
898 2653 1042 2692 eleison,
1068 2655 1238 2692 canimus,

752 2699 900 2737 Christe,
926 2698 1069 2737 eleison,
1096 2700 1253 2731 canimus
1277 2699 1472 2741 (psallimus
1499 2700 1546 2736 C),

752 2746 831 2776 Iesu
857 2746 924 2786 pie,
950 2744 1031 2776 audi
1058 2754 1132 2776 nos.

347 2829 387 2859 In
416 2829 476 2861 ‹ler
501 2832 658 2870 einziggen
678 2831 728 2862 St.
746 2830 864 2862 Galler
882 2830 958 2868 Hs„
986 2829 1042 2861 die
1066 2829 1170 2861 heute
1195 2829 1307 2861 dieses
1325 2829 1413 2861 Lied
1431 2828 1574 2867 enthiilt,
1600 2829 1645 2859 ist
1662 2828 1820 2860 dasselbe

256 2874 447 2905 namenlos.
505 2876 669 2917 Dagvgen
706 2875 943 2907 {ibersclireibt
979 2874 1041 2906 das
1078 2874 1262 2906 Mindener
1298 2875 1433 2916 Tropar
1467 2873 1569 2914 (saec.
1605 2872 1642 2905 11
1682 2872 1742 2913 in.)
1776 2883 1817 2904 zu
