2031 3289
964 161 1269 202 -146—

428 275 558 316 Hymn.
584 285 646 306 ms.
672 274 938 306 Severinianum
963 284 1051 305 saec.
1080 272 1131 306 10.
1157 284 1209 306 ex.
1250 274 1332 306 Cod.
1350 275 1510 306 vatican.
1531 272 1628 307 7172.
1647 274 1686 306 A.
1705 292 1749 295 —
1765 275 1895 316 Hymn.

338 330 400 351 ms.
427 319 691 352 Severinianum
717 329 806 351 saec.
835 317 887 351 10.
912 330 964 351 ex.
1006 319 1088 351 Cod.
1113 319 1264 351 Parisin.
1292 316 1389 351 1092.
1416 321 1454 351 Β.
1479 337 1522 342 -
1548 320 1690 362 Georgii
1708 319 1897 351 Cassandri

337 366 469 406 Hymni
496 364 726 396 ecclesiastici
752 364 872 396 Colon.
901 362 998 403 1556,
1024 375 1055 406 p.
1082 361 1148 396 230
1171 364 1205 395 ff.
1236 365 1273 396 C.

430 409 459 449 1,
488 409 503 440 1
530 410 693 451 Refulget
716 410 762 449 A3
797 409 900 440 Clara
925 409 1097 451 refulgent
1121 410 1157 441 C.
1184 426 1228 430 ——
1255 408 1283 447 1,
1308 407 1330 441 :3
1354 409 1543 441 rubescunt
1566 410 1702 452 fulgora
1727 411 1896 452 sanguine

336 456 385 495 A,
419 458 608 497 purpurato
643 457 677 486 Β.
710 471 754 475 -
788 453 817 492 l,
841 452 862 484 4
893 455 1053 486 Praeleta
1077 465 1153 486 rore
1180 457 1226 493 A?
1260 454 1422 486 Praelato
1448 465 1524 486 rore
1549 456 1594 495 B,
1626 455 1834 487 Perlitatore
1859 454 1895 486 C.

335 517 381 522 —
415 500 442 538 1,
476 499 496 531 5
525 500 663 541 fragant
696 499 742 533 A:
775 500 925 541 flagrant
948 499 1017 531 BC.
1042 517 1086 521 —
1110 497 1142 537 2,
1170 497 1186 530 1
1223 498 1302 530 Sint
1325 501 1393 530 ista
1418 510 1524 541 supra
1547 500 1703 539 domum,
1738 501 1896 539 Domine,

336 546 387 577 tui
412 546 490 583 AB,
519 546 662 576 Domini
689 545 726 577 C.
752 562 797 565 —
822 543 852 583 2,
879 543 899 576 2
924 545 1063 586 Apertis
1089 555 1233 586 semper,
1258 545 1482 586 deprecamur
1498 545 1577 585 AB;
1603 546 1694 577 oculi
1712 546 1758 584 A;
1785 546 1895 577 oculis

335 591 374 622 B.
406 608 449 612 -
482 588 513 628 3,
547 588 563 621 1
603 590 682 622 Sint
712 590 820 628 ABCg
852 591 933 623 alba
965 590 1158 632 frequentia
1193 591 1231 620 C.
1256 607 1301 611 —
1325 588 1357 627 3,
1384 587 1404 620 2
1428 589 1484 620 hic
1508 590 1579 621 AB.
1606 608 1650 611 —
1673 588 1704 629 4,
1733 589 1749 621 1
1778 591 1896 623 Nubes

337 645 506 677 sacraque
529 635 576 674 A3
602 644 789 677 sacrasque
815 637 857 673 B,
884 645 973 677 quae
998 634 1084 667 fehlt
1107 635 1186 673 AB;
1212 635 1399 675 pendentes
1425 635 1463 666 B.
1489 653 1534 656 —
1557 634 1588 673 4,
1614 633 1634 666 2
1659 636 1734 667 Deo
1755 637 1897 668 iuuente

334 681 405 713 AB.
431 698 472 702 —-
499 678 530 718 4,
554 678 575 711 3
600 680 729 711 Tecum
754 680 847 712 beati
872 681 912 711 A.
938 698 982 702 —
1006 679 1038 718 4,
1070 678 1092 711 4
1115 680 1219 711 huius
1247 680 1338 711 alme
1363 681 1475 711 menie
1500 681 1551 720 133
1581 681 1670 712 alme
1696 682 1831 713 meniae
1855 683 1896 713 A.

334 744 377 748 —
403 724 432 765 5,
458 724 480 757 4
504 726 582 757 Hac
607 727 715 756 missa
746 725 804 764 A?
823 726 871 757 Ac
901 727 1010 757 missa
1042 726 1086 764 133
1119 725 1232 764 Hanc,
1264 725 1412 764 Christe,
1445 726 1535 757 caeli
1567 727 1674 758 missa
1705 726 1748 758 de
1780 727 1817 759 C.
1856 744 1895 748 —
1930 727 1933 729 ’

335 770 366 810 5,
395 769 415 803 5
440 771 604 803 fecundes
628 771 664 802 C.
692 788 722 791 ψ
760 769 790 809 6,
816 769 837 801 2
862 771 1066 812 deprecatus
1092 770 1196 802 fuerit
1222 771 1257 802 C.
1287 788 1325 791 —
1353 768 1384 808 6,
1409 769 1430 802 3
1458 780 1555 802 sacro
1585 771 1762 803 domicilio
1787 771 1827 803 A.
1853 789 1896 793 —

335 815 367 855 7,
384 815 405 848 2
430 817 576 857 Tuoque
596 826 693 847 sacro
711 817 750 847 B.
769 833 812 836 —
830 814 860 853 7,
879 814 899 847 5
925 816 1068 857 perenni
1086 816 1132 849 A:
1157 815 1297 857 gaudiis
1315 816 1383 847 AB.
1402 835 1443 839 —
1462 813 1493 854 8,
1511 814 1532 847 2
1552 817 1697 848 salvasti
1723 827 1896 858 purpureo

335 863 406 893 AB.
434 880 476 883 —
509 860 540 900 9,
565 860 587 892 4
613 862 807 903 Honor-que
837 862 949 892 virtus
975 862 1010 893 C.
1036 879 1081 882 —
1105 862 1169 892 Am
1195 860 1330 893 Rande:
1371 862 1574 902 „Paulini
1606 860 1829 904 Aquileg.“
1859 862 1896 894 C.

494 1005 575 1041 106.
611 1005 669 1048 (8.)
708 1004 877 1041 Carmen
903 1005 944 1041 S.
970 1004 1133 1040 Paulini
1157 1005 1207 1040 ad
1232 1005 1410 1049 pluviam
1434 1005 1731 1049 postulandam.

571 1095 606 1134 1.
652 1094 793 1131 Rerum
825 1099 986 1143 creator,
1017 1098 1211 1140 protector
1240 1093 1490 1141 omnipotens,

653 1151 838 1188 Mundum
870 1150 933 1197 qui
966 1151 1093 1187 salvas
1125 1150 1292 1197 pretioso
1323 1151 1517 1197 sanguine,

650 1208 753 1244 Aera
785 1207 977 1253 complens
1009 1207 1091 1244 luce
1123 1206 1185 1253 qui
1217 1205 1406 1243 condiflua

652 1263 796 1301 Cuncta
826 1263 1012 1311 gubernas
1043 1263 1106 1309 pio
1137 1263 1408 1312 moderamine,

650 1320 720 1358 Est
751 1320 821 1357 tibi
853 1331 943 1357 cura
973 1320 1150 1366 quoniam
1181 1320 1228 1356 de
1259 1319 1447 1359 omnibus.

569 1407 606 1443 2.
654 1405 719 1442 Sol
750 1409 853 1441 tuum
884 1404 992 1441 iubes
1023 1404 1115 1441 oriri
1146 1402 1384 1451 splendiflue‚

651 1461 788 1498 Latum
819 1461 959 1498 vestire
989 1461 1146 1497 mandas
1178 1461 1306 1497 orbem
1337 1460 1446 1497 radio

651 1518 865 1564 Stellasque
894 1517 991 1554 roris
1022 1517 1179 1553 imbrem
1213 1515 1308 1554 facis
1338 1516 1468 1566 fluere,

650 1574 753 1611 Bibit
785 1585 894 1621 quem
927 1573 1052 1620 tellus,
1085 1572 1231 1610 fructus
1261 1573 1396 1610 offerre
1427 1573 1602 1620 optimOS,

651 1631 780 1668 Nutrit
813 1631 859 1667 de
890 1630 1024 1677 quibus
1056 1631 1232 1677 proprios
1264 1630 1461 1668 ruricolas.

567 1717 604 1755 3.
651 1716 732 1752 Tua
763 1719 848 1752 sunt
879 1719 1026 1759 cuncta,
1061 1715 1108 1751 de
1137 1720 1202 1752 tua
1231 1715 1465 1761 suscepimus

652 1772 786 1810 Omnia
817 1783 941 1817 manu,
973 1771 1146 1817 Domine,
1179 1771 1406 1818 largissima,

653 1828 762 1865 Licet
792 1828 932 1875 ingrati
964 1839 1118 1866 munere
1149 1828 1326 1876 gratuito,

651 1886 721 1931 Qui
753 1885 878 1931 reples
908 1896 1018 1922 omne
1048 1885 1188 1922 animal
1221 1884 1434 1930 dulcedine,

652 1942 730 1979 Das
763 1952 868 1978 escas
901 1942 1045 1978 cunctis
1076 1947 1117 1978 tu
1145 1941 1246 1978 solus
1279 1941 1506 1979 viventibus.

565 2029 603 2066 4.
651 2027 705 2064 Te
737 2028 986 2074 deprecamur
1013 2037 1093 2073 nos,
1125 2027 1295 2073 quamvis
1325 2026 1478 2063 inutiles

651 2083 798 2121 Servuli
829 2084 896 2130 tui,
929 2085 1030 2121 Deus
1062 2087 1182 2131 pater,
1215 2083 1384 2130 subveni,

652 2140 778 2177 Nullis
810 2139 941 2177 confisi
971 2140 1110 2177 nostris
1140 2140 1214 2177 iam
1247 2140 1294 2177 de
1324 2139 1482 2183 meritis,

654 2197 729 2234 Sed
762 2201 826 2233 tua
858 2196 950 2233 certi
981 2207 1124 2234 summa
1156 2197 1203 2233 de
1234 2196 1446 2243 clementia,

649 2255 791 2301 Magna
821 2254 885 2300 qui
916 2251 1010 2290 facis
1042 2254 1143 2290 solus
1176 2253 1378 2292 mirabilia.

566 2342 602 2378 5.
650 2340 722 2377 Illo
754 2339 922 2386 dignare,
954 2349 1191 2385 quaesumus,
1223 2338 1384 2384 imperio
2013 2374 2015 2381 ,

649 2395 837 2433 Mandare
868 2395 1003 2439 ventis,
1034 2395 1224 2441 imperare
1254 2395 1429 2440 nubibus,
1990 2395 1991 2440 ζ

649 2452 756 2499 Quod
788 2452 928 2489 dudum
960 2456 1075 2489 nauta
1107 2451 1274 2500 deperit,
1307 2462 1388 2488 cum
1422 2461 1597 2498 carperes

649 2509 693 2546 In
724 2509 811 2546 navi
841 2519 1025 2556 somnum,
1058 2508 1233 2555 dignatus
1265 2518 1304 2545 es
1335 2518 1490 2554 surgere

650 2565 756 2602 Tunc
787 2571 963 2602 exoratus
994 2565 1068 2602 tuis
1099 2576 1121 2601 a
1155 2564 1368 2611 discipulis.

565 2652 602 2690 6.
649 2650 789 2688 Dixisti
821 2650 934 2687 mari:
968 2650 1070 2686 tace!
1104 2660 1191 2687 mox
1224 2649 1429 2697 conticuit;

649 2707 792 2744 Ventos
822 2707 967 2743 iussisti
998 2716 1154 2753 prorsus
1185 2705 1458 2753 obmutescere,

651 2765 694 2801 In
726 2774 766 2800 se
797 2761 940 2800 refudit
969 2773 1073 2799 mare
1102 2760 1237 2799 fluctus
1270 2762 1447 2810 tumidos,

651 2820 824 2857 Procella
856 2819 956 2856 venti
989 2819 1175 2866 dissipata
1204 2819 1322 2866 siluit,

650 2877 719 2913 Est
752 2875 853 2913 facta
884 2887 1018 2923 magna
1049 2879 1281 2922 quapropter
1314 2873 1582 2921 tranquillitas.
