2031 3289
930 223 1235 263 ἡ320-

587 338 649 375 Sic
679 337 866 383 quondam
898 336 994 372 lenis
1024 336 1287 383 propitiusque
1317 337 1440 387 nimis,

431 394 480 430 25
528 398 579 434 At
610 401 699 430 tunc
732 393 926 429 districtus
958 393 1082 429 veniet
1113 393 1342 440 nimiumque
1375 394 1572 434 verendus,

586 451 691 487 Tunc
721 459 866 495 quoque
897 449 1120 486 monstrabit
1152 449 1320 498 vulnera,
1353 461 1448 496 quae
1478 450 1605 489 subiit.

530 508 646 553 Quem
677 504 960 548 transfixerunt,
991 510 1031 542 ut
1064 503 1139 541 fert
1169 506 1372 552 scriptura,
1405 506 1588 543 videbunt

588 563 807 600 Reddentes
839 563 1043 609 planctum,
1075 561 1169 607 proh
1204 562 1323 606 dolor,
1355 562 1393 598 in
1426 574 1595 601 vacuum.

532 621 625 659 Cum
656 617 839 655 transfixa
870 618 966 654 cutis
997 618 1044 654 sit
1076 628 1163 664 spes
1194 623 1230 654 et
1262 629 1374 655 causa
1406 619 1551 668 salutis,

435 677 485 713 30
590 676 629 712 Si
661 685 752 721 quos
784 684 890 711 error
920 679 1033 722 amat,
1065 675 1178 711 hosce
1209 675 1309 711 salus
1342 675 1538 721 reprobat.

530 734 651 771 Porro
683 731 764 768 dies
794 731 861 767 ille
892 730 1096 777 complebit
1126 734 1211 768 vata
1242 731 1411 778 Sibyllae

587 790 714 834 Atque
743 788 1013 834 prophetarum
1046 787 1264 833 comprobat
1295 788 1487 838 indicium,

532 845 667 884 Cordis
699 847 736 879 et
764 854 903 881 arcana
933 842 1024 880 fient
1055 844 1125 880 hoc
1155 839 1481 891 tempore'plana,

588 901 674 938 Illic
703 911 788 937 sero
819 904 952 947 gemet,
985 911 1093 946 quem
1125 900 1237 936 modo
1269 901 1365 937 risus
1398 900 1524 940 habet.

428 958 485 1006 ⁴35
534 959 603 995 Ille
635 958 716 994 dies
746 956 841 993 mire
871 957 1000 1004 pravis
1031 956 1229 993 advenerit
1259 957 1352 1004 irae,

588 1015 687 1060 Quos
719 1024 899 1060 reparare
929 1013 1040 1050 modo
1070 1013 1174 1050 nulla
1206 1014 1305 1052 valet
1337 1013 1445 1059 ratio,

533 1071 572 1108 Si
603 1070 710 1117 quasi
741 1070 865 1106 securi
895 1074 1083 1106 sectantes
1115 1070 1310 1106 commoda
1341 1070 1470 1106 mundi

588 1127 670 1164 Nec
702 1131 835 1163 curant
865 1126 1009 1163 animas
1040 1126 1243 1163 aedificare
1274 1137 1372 1164 suas,

532 1184 617 1222 Illic
649 1194 761 1220 causa
791 1183 929 1229 gravis,
962 1193 1072 1229 quam
1102 1193 1172 1219 nec
1200 1183 1418 1219 incredulus
1449 1183 1570 1232 audis,

435 1241 487 1277 40
591 1241 620 1278 Ο
653 1239 767 1276 miser
796 1239 1029 1286 imprudens,
1062 1240 1226 1286 pessima
1256 1249 1424 1286 quaeque
1455 1250 1600 1286 gerens.

532 1296 642 1334 Nolis
673 1296 753 1332 sive
784 1297 889 1333 velis.
922 1295 992 1332 hoe
1022 1296 1201 1332 iudicium
1234 1296 1404 1345 patieris,

589 1352 716 1390 Gestis
748 1357 785 1388 et
815 1353 897 1399 ipse
928 1352 997 1388 tibi
1031 1353 1291 1389 discutiendus
1321 1352 1387 1389 ibi.

531 1410 636 1447 Tunc
667 1409 783 1455 igitur
812 1409 959 1455 linques
990 1409 1129 1445 invitus
1161 1409 1284 1446 carnis
1315 1419 1474 1455 amores,

590 1466 655 1503 Nil
686 1465 872 1502 mercedis
903 1465 1057 1513 habens,
1091 1466 1148 1502 his
1180 1466 1267 1512 quia
1297 1476 1396 1502 nunc
1427 1463 1577 1512 frueris,

435 1523 486 1560 45
535 1522 610 1561 Sed
641 1523 760 1569 magis
791 1527 983 1559 aeternum
1015 1533 1084 1568 pro
1115 1523 1254 1558 talibus
1284 1521 1358 1558 ibis
1388 1522 1426 1558 in
1458 1522 1592 1570 ignem,

591 1579 670 1624 Quo
703 1579 823 1626 dolor,
855 1579 902 1615 ab
935 1582 971 1614 et
1003 1589 1072 1615 vae
1102 1589 1253 1626 semper
1283 1578 1355 1614 erit
1386 1578 1466 1614 sine
1497 1588 1575 1624 spe.

535 1636 565 1674 Ο
597 1635 751 1672 nimium
785 1635 922 1683 miseri7
955 1635 1092 1671 sentite
1123 1635 1245 1672 locum
1276 1634 1481 1671 miserendi

588 1692 640 1729 Et
669 1692 730 1727 vel
761 1692 885 1728 adhuc
918 1691 1023 1728 vobis
1055 1692 1199 1737 poscite
1229 1692 1335 1738 pacis
1366 1702 1488 1738 opem.

534 1748 695 1797 Currite,
731 1749 817 1785 dum
849 1748 963 1794 quitis
994 1752 1030 1783 et
1062 1748 1161 1785 vitae
1192 1749 1318 1784 lumen
1349 1747 1508 1792 habetis,

438 1807 488 1844 50
593 1805 690 1841 Dum
723 1811 872 1841 maneat
903 1810 1063 1850 tempus,
1095 1816 1167 1841 non
1200 1805 1421 1851 neglegatur
1450 1814 1557 1850 opus.

536 1862 590 1899 At
618 1861 820 1908 neglegens
851 1866 998 1907 teinpus
1030 1859 1144 1897 fuerit
1174 1861 1255 1898 sine
1285 1861 1358 1898 fine
1389 1861 1593 1907 neglectus,

591 1918 698 1963 Quod
730 1918 801 1954 sibi
833 1918 989 1964 quisque
1020 1918 1122 1965 legit,
1156 1917 1226 1954 boc
1256 1917 1452 1955 habiturus
1484 1916 1570 1956 erit.

535 1974 632 2011 Nam
663 1984 834 2011 sermone
865 1974 971 2011 brevi
1003 1974 1242 2011 concluditur
1272 1975 1334 2010 hic
1364 1974 1497 2010 modus
1530 1973 1580 2020 ei,

592 2032 736 2077 Perpes
768 2032 845 2068 vita
875 2031 994 2073 bonis,
1026 2042 1126 2067 mors
1157 2031 1237 2067 sine
1268 2030 1342 2067 fine
1374 2030 1494 2069 malis.

439 2091 489 2126 55
536 2087 641 2125 Haec
672 2094 839 2133 pensate,
874 2088 956 2136 viri,
991 2087 1107 2124 libeat
1137 2087 1276 2123 virtute
1308 2087 1436 2136 potiri,

592 2144 650 2181 Ne
681 2145 812 2180 mortis
843 2144 954 2181 turbo
983 2155 1047 2181 vos
1078 2145 1201 2190 capiat
1232 2143 1368 2182 subito.

401 2246 514 2287 Opera
539 2249 673 2284 autogr.
699 2245 841 2277 Othloni
868 2244 1119 2276 Emmerainen.
1146 2254 1234 2275 saec.
1263 2242 1313 2274 11.
1362 2243 1448 2276 01111.
1474 2243 1655 2274 Μοιῃὶυου.
1684 2239 1810 2274 14490.
