2031 3289
975 184 1168 224 -496
1231 207 1279 210 —

612 300 677 337 17.
710 298 874 345 Fragilis
907 298 1029 342 homo,
1061 297 1115 335 sic
1145 298 1262 336 vivito
1294 298 1416 344 modo,

706 354 878 401 Iungaris
909 358 949 391 ut
981 354 1038 390 his
1069 355 1212 400 angelis
1244 354 1378 400 beatis,

706 411 788 447 Hoc
819 421 877 446 me
909 411 1085 459 donante,
1117 415 1153 447 te
1185 416 1411 457 cooperante

762 467 874 503 Vales
905 476 1074 513 sperare.

613 559 676 596 18.
710 556 849 603 Quidni
880 566 1112 604 praesumas,
1142 566 1225 592 cum
1256 555 1343 592 hinc
1373 556 1435 603 sit,
1466 561 1507 593 ut
1539 557 1656 601 vivas,
1712 573 1716 577 >

703 613 756 651 Ut
787 617 826 649 tu
858 612 909 649 sis
940 612 1032 648 mihi
1062 612 1196 649 similis
1228 615 1268 649 ut
1298 612 1394 658 ipsi;

702 669 803 706 Hinc
833 669 900 705 hos
932 669 1069 717 creavi,
1102 673 1139 705 te
1168 679 1314 715 quoque
1343 668 1540 715 plasmavi,

758 726 922 762 Multum
953 725 1089 766 amavi.

611 818 675 854 19.
708 817 872 862 Quorum
903 826 1003 852 nunc
1035 819 1155 852 status
1186 813 1304 852 fueris
1335 819 1514 860 sectatus,

703 872 847 909 Horum
880 876 1091 908 consortem
1123 871 1219 908 scias
1250 874 1288 907 te
1318 875 1403 918 post
1434 875 1605 919 mortem,

702 929 804 965 Hinc
833 928 943 965 labor
973 928 1108 974 qualis,
1142 937 1286 964 merces
1318 927 1390 964 erit
1420 927 1508 964 talis

761 985 867 1021 Tunc
896 985 1111 1022 aeternalis.

611 1076 678 1112 20.
710 1075 792 1112 Rex
823 1074 1054 1122 angelorum,
1087 1083 1226 1110 corona
1256 1076 1484 1119 sanctorum,

707 1131 773 1167 Pie
805 1131 962 1177 dignare
992 1141 1060 1167 nos
1091 1129 1149 1166 his
1179 1130 1325 1167 sociare

705 1188 768 1224 Ad
799 1192 836 1223 te
866 1186 1098 1223 laudandum
1131 1190 1168 1223 et
1197 1186 1484 1233 glorificandum

761 1245 805 1281 In
836 1243 1120 1290 sempiternum.

439 1333 522 1365 Cod.
560 1332 807 1364 Cal-olsruhan.
840 1329 906 1364 368
937 1333 999 1363 mit
1030 1332 1130 1373 Mel-3
1164 1341 1219 1363 am
1251 1331 1390 1364 Rande:
1423 1331 1529 1362 Vita
1563 1335 1833 1362 sanctorum.
1866 1346 1912 1352 ——

351 1376 383 1418 2,
408 1376 430 1410 3
455 1378 541 1410 fehlt
565 1379 642 1410 eine
671 1378 778 1410 Silbe.
803 1395 847 1398 —
874 1375 924 1415 18,
954 1375 969 1409 1
997 1377 1078 1409 hinc
1102 1379 1161 1409 sis.

446 1523 528 1559 478.
565 1523 646 1565 (21.)
680 1524 738 1557 De
763 1522 889 1557 variis
913 1521 1189 1558 mansionibus
1215 1521 1255 1556 et
1280 1521 1472 1566 praemiis
1497 1521 1719 1556 elect-orum
1746 1519 1819 1564 [in]

825 1579 991 1614 caelesti
1018 1579 1237 1614 Ierusalem
1261 1578 1444 1622 hymnus.

598 1686 634 1724 1.
667 1686 711 1723 In
743 1685 853 1721 domo
884 1684 1004 1731 patris
1035 1694 1202 1721 summae
1233 1682 1454 1728 maiestatis,

667 1742 781 1788 Ecce,
814 1747 901 1777 sunt
933 1740 1114 1787 pulchrae
1144 1740 1357 1777 mansiones
1391 1739 1543 1784 multae,

666 1799 768 1845 Quae
799 1802 885 1834 sunt
917 1802 1128 1834 certantum
1159 1807 1229 1844 pro
1261 1797 1401 1833 virtute
1431 1800 1576 1833 tantum

724 1856 781 1892 Ac
811 1853 1124 1900 triumphantum.

599 1947 636 1984 2.
670 1944 730 1982 Ibi
761 1944 898 1989 Maria,
931 1943 1118 1991 virginum
1148 1944 1291 1990 regina,

669 2002 699 2039 Ο
731 2012 842 2048 quam
873 2000 998 2048 beata,
1030 2010 1125 2047 quae
1156 2000 1300 2036 cunctis
1331 1999 1502 2046 praelata

668 2058 766 2095 Mihi
798 2057 1048 2104 propinquam
1079 2056 1207 2094 sedem
1238 2060 1341 2093 tenet
1370 2055 1544 2102 primam,

725 2114 883 2161 Angelis
915 2114 1043 2151 altam.

599 2207 635 2243 3.
669 2204 848 2242 Gaudens
877 2203 1052 2248 laetatur,
1085 2202 1173 2249 quia
1205 2202 1484 2248 contemplatur

665 2261 743 2307 Me,
775 2271 881 2296 suum
915 2263 1053 2307 natum,
1086 2259 1196 2295 unice
1227 2259 1438 2304 praelatum

670 2318 711 2354 ln
745 2317 879 2353 dextra
910 2316 1029 2362 patris
1061 2315 1233 2352 omnibus
1266 2316 1402 2352 creatis

724 2375 848 2419 Atque
880 2372 1011 2412 beatis,

601 2467 636 2502 4.
668 2464 729 2511 Ei,
761 2463 886 2501 Adam
919 2468 1036 2511 vetus,
1070 2473 1179 2508 quam
1213 2461 1317 2509 felix,
1350 2472 1459 2509 quam
1490 2462 1614 2499 laetus

668 2521 762 2557 Mihi
798 2519 1011 2566 adplaudit,
1045 2529 1126 2555 cum
1162 2518 1267 2556 videt
1297 2523 1334 2554 et
1364 2519 1470 2555 audit

669 2577 795 2614 Genus
828 2576 1042 2617 humanum,
1076 2585 1145 2621 per
1175 2576 1297 2621 ipsum
1331 2575 1561 2621 damnatum,

727 2634 800 2671 Per
831 2643 889 2669 me
919 2632 1118 2669 salvatum.

599 2727 634 2763 5.
669 2724 743 2761 Sed
775 2722 1016 2769 patriarchae
1047 2722 1259 2768 tripudiant
1291 2722 1415 2769 laude,

671 2780 749 2818 Sibi
781 2780 1004 2826 promissum
1037 2783 1233 2815 cernentes
1265 2779 1472 2824 impletum,

669 2838 744 2874 Per
775 2848 832 2872 ine
865 2836 1062 2872 credentes
1094 2835 1315 2872 benedictae
1347 2839 1477 2881 gentes

725 2894 818 2930 Sunt
850 2897 887 2929 et
918 2892 1099 2929 viventes,
