2031 3289
375 314 441 351 22.

371 583 438 621 23.

374 853 442 890 24.

377 1124 443 1161 25.

376 1396 443 1434 26.

379 1666 446 1704 27.

378 1938 445 1976 28.

377 2209 444 2246 29.

379 2475 444 2512 30.

382 2739 448 2777 31.

883 196 1185 236 -382-

485 311 642 358 AngeIe,
674 311 737 357 qui
768 313 930 347 maestos
962 314 999 346 et
1028 310 1154 346 tristia
1185 310 1300 346 corda
1330 320 1495 355 serenas,

483 366 617 413 Aufer,
650 377 742 413 quas
774 367 898 416 timeo,
933 367 1086 402 meritas
1118 376 1187 412 pro
1219 366 1375 402 crimine
1405 376 1567 415 poenas3

480 424 630 461 Crimen
663 433 824 468 namque
854 433 974 459 meum
1007 422 1132 470 pelagi
1163 423 1357 468 superavit
1388 432 1536 470 arenas,

480 480 537 516 Tu
566 479 680 526 mala,
711 490 806 525 quae
837 480 967 520 merui,
1000 489 1150 515 remove
1181 483 1380 527 tormenta,
1412 483 1578 519 catenas.

485 581 643 627 Angele,
675 580 855 617 mundani
887 584 1116 626 consurgunt
1147 580 1312 626 undique
1341 579 1490 628 fluctus,

484 637 663 683 Undique
695 635 869 686 formido,
903 636 1095 683 lacrimae,
1125 636 1300 683 suspiria,
1332 637 1467 684 luctus,

485 693 734 739 Iustitiaeque
764 693 851 729 boni
884 693 944 729 vix
977 697 1064 729 sunt
1093 693 1164 729 hoc
1193 697 1363 739 tempore
1392 692 1557 739 fructus3

488 749 564 787 Sed
595 753 651 785 tot
683 749 730 786 ab
761 750 952 786 aerumnis
983 749 1051 785 sim
1088 753 1126 785 te
1158 754 1358 786 revocante
1389 750 1581 787 reduetus.

489 851 647 900 Angele‚
682 860 795 897 saepe
827 850 897 893 rui,
930 850 1015 887 volo
1044 860 1198 897 surgere
1228 861 1361 896 meque
1393 850 1521 899 fatigo,

489 907 737 954 Membraque
770 917 850 943 cum
884 907 985 942 vitiis
1016 905 1104 942 fidei
1136 907 1326 953 sartagine
1358 905 1455 953 frigo

483 964 535 1001 Et
566 974 647 1000 cum
682 963 927 1001 daemonibus
959 963 1034 1009 iugi
1067 962 1272 1000 certamine
1302 962 1401 1009 flig0‚

484 1021 622 1067 Meque
653 1021 741 1057 iuva
771 1030 840 1066 per
871 1030 966 1068 eum,
999 1019 1104 1055 cuius
1135 1019 1302 1056 nescitur
1333 1019 1452 1064 origo.

493 1122 650 1169 AngeIe,
683 1122 746 1168 qui
778 1132 880 1157 meus
911 1131 950 1157 es
981 1122 1223 1167 paedagogus
1254 1127 1291 1157 et
1320 1122 1465 1158 assecla
1497 1121 1617 1170 dives,

486 1179 556 1224 Qui
587 1178 778 1214 tribuente
810 1177 891 1214 Deo
922 1176 1014 1214 felix
1044 1188 1114 1224 per
1144 1178 1294 1214 saecula
1325 1178 1441 1223 vives,

486 1235 609 1272 Ducat
639 1235 688 1271 ad
720 1234 893 1270 aetheros
925 1238 989 1270 tua
1019 1244 1078 1270 me
1110 1233 1308 1270 clementia
1340 1234 1452 1279 cives,

488 1291 569 1328 Nec
600 1301 660 1328 me
690 1302 760 1338 pro
790 1290 935 1327 meritis
966 1295 1120 1327 aeterno
1151 1291 1291 1327 lumine
1322 1291 1461 1338 prives.

490 1393 648 1440 Angele‚
681 1393 786 1429 cuius
816 1392 857 1429 id
889 1395 945 1429 est
978 1392 1130 1429 deitatis
1159 1402 1269 1429 nosse
1299 1391 1542 1440 profundum,

492 1450 563 1496 Qui
594 1453 702 1496 potes
732 1449 771 1485 in
803 1454 943 1495 puncto
974 1453 1091 1485 totum
1125 1459 1348 1494 percurrere
1377 1449 1572 1498 mundum,

493 1506 626 1553 Curre,
659 1505 756 1551 veni,
789 1503 848 1541 fer
878 1515 986 1551 opem
1018 1505 1128 1541 simul
1160 1510 1195 1542 et
1227 1506 1416 1542 munimen
1447 1506 1650 1552 abundum,

488 1562 646 1609 Semper
674 1562 807 1599 adesto
840 1561 930 1597 mihi
962 1572 1142 1609 praesens
1174 1572 1256 1599 mea
1288 1566 1374 1599 vota
1405 1563 1623 1600 secundum.

492 1664 653 1712 Angele,
686 1664 863 1711 peccavi3
896 1675 968 1700 non
1000 1667 1087 1699 sunt.
1115 1667 1171 1700 tot
1201 1663 1238 1700 in
1270 1674 1432 1710 aequore
1462 1665 1601 1712 stillae,

492 1721 577 1758 Non
608 1725 663 1757 tot
694 1721 733 1757 in
764 1720 855 1757 orbe
886 1725 1037 1757 manent
1069 1730 1138 1766 per
1168 1731 1283 1766 regna
1312 1721 1476 1757 iacentia
1507 1721 1632 1767 villae,

488 1778 586 1823 Quot
616 1777 716 1814 mala
747 1777 928 1821 commisi,
959 1787 1079 1822 neque
1110 1781 1198 1813 sunt
1228 1780 1282 1813 tot
1313 1778 1351 1813 in
1383 1778 1469 1823 igne
1500 1777 1675 1827 favillae3

492 1834 647 1871 Evacua
677 1838 803 1871 tamen
834 1834 939 1881 haec,
972 1833 1141 1879 quamvis
1171 1833 1247 1869 sint
1274 1833 1395 1870 millia
1425 1834 1540 1873 mille.

493 1936 653 1983 Angele⁷
687 1936 804 1972 multa
834 1935 905 1971 tibi
935 1945 1018 1972 mea
1049 1946 1130 1971 sum
1162 1940 1317 1981 peccata
1348 1934 1541 1982 professus

489 1992 540 2030 Et
571 2003 690 2038 prope
723 1990 845 2029 defeci
879 1992 1072 2038 culparum
1104 1994 1273 2037 pondere
1303 2002 1478 2040 pressus3

490 2049 547 2086 Tu
577 2058 728 2085 remove
761 2048 891 2094 culpas
923 2053 959 2084 et
990 2048 1126 2084 mentis
1160 2048 1281 2095 dirige
1312 2059 1473 2095 gressus,

490 2106 600 2142 Mens
631 2109 672 2141 ut
702 2105 799 2141 inire
829 2108 941 2151 queat
972 2108 1122 2141 sanctos
1152 2109 1279 2141 erecta
1310 2115 1492 2144 recessus

492 2207 651 2254 Augeae,
685 2207 832 2253 respice
863 2217 922 2242 me
952 2207 1128 2243 miserum
1161 2211 1319 2253 peccata
1350 2205 1542 2256 fatentem,

492 2263 617 2301 Effice
648 2274 818 2299 securum
852 2263 1027 2309 precibus
1059 2267 1246 2299 tormenta
1276 2267 1474 2309 paventem

492 2320 732 2366 Auxiliisque
763 2319 837 2355 tuis
869 2319 918 2356 ad
950 2319 1094 2356 caelum
1126 2319 1246 2366 dirige
1278 2324 1451 2366 mentem,

490 2376 658 2413 Mentem
692 2386 874 2422 corporea
904 2375 972 2412 sub
1005 2375 1221 2412 conditione
1252 2381 1473 2422 gementem.

491 2473 650 2519 Augeae,
682 2483 754 2519 quo
787 2471 957 2518 fugiam?
988 2477 1041 2509 tot
1074 2476 1159 2508 sunt
1191 2474 1379 2509 contraria
1409 2473 1530 2522 laetis,

492 2530 547 2568 Ut
577 2529 639 2566 vix
671 2527 861 2565 sufficiant
893 2529 980 2565 ullis
1012 2529 1208 2565 recitanda
1239 2529 1372 2575 poetis,

491 2586 565 2623 Vix
596 2589 631 2622 et
663 2596 730 2631 ego
761 2585 906 2622 valeam
939 2589 1086 2631 portum
1119 2595 1274 2631 sperare
1305 2586 1461 2632 quietis3

495 2642 571 2679 Sed
598 2646 638 2679 tu
669 2653 750 2678 cum
782 2642 893 2678 sociis
924 2641 1088 2688 requiem
1120 2647 1343 2688 portumque
1374 2642 1525 2689 rogetis.

496 2738 653 2785 Angele,
688 2736 836 2785 festina,
870 2742 952 2783 tege
984 2748 1042 2773 me
1071 2737 1274 2773 munimine
1305 2743 1412 2784 grato

498 2795 742 2840 Invidiacque
774 2794 909 2830 malum
943 2793 1161 2840 fraudisque
1193 2804 1334 2830 venena
1366 2793 1505 2841 fugato,

498 2852 604 2888 Intus
636 2856 673 2886 et
704 2851 868 2886 exterius
900 2861 957 2886 me
988 2861 1137 2896 semper
1168 2850 1378 2896 purificato,

499 2908 547 2945 Ut
581 2917 648 2953 per
679 2911 715 2942 te
747 2917 893 2942 merear
924 2918 1037 2953 regno
1068 2907 1232 2953 gaudere
1265 2906 1386 2944 beato.
