1914 3223
202 293 265 331 10.

201 592 265 630 15.

200 887 265 926 20.

198 1187 264 1224 25.

193 1482 259 1520 30.

194 1766 260 1804 35.

191 2051 261 2088 40.

195 2335 261 2373 45.

194 2616 260 2654 50.

881 143 932 165 ..ad

303 232 511 274 Obtinuere
543 237 645 274 cliori
678 244 825 285 patrum
860 240 1067 287 primordia
1099 241 1200 288 celsi,

385 293 590 330 Anteriora
622 293 708 331 boni
741 295 937 333 obtinuere
969 298 1083 337 chori.
1282 340 1285 341 ⁷

300 350 420 393 Recta
453 365 589 392 canens
621 356 730 401 hagio
764 358 860 394 venit
897 359 982 395 ltine
1015 365 1138 396 vatum
1172 360 1306 397 chorus
1340 370 1449 407 agno,

385 410 556 448 Flumine
588 412 658 449 fert
692 414 832 459 populo
865 420 968 452 recta
1000 427 1136 453 canens
1169 417 1289 463 hagio,

299 469 408 520 Agie.
441 477 584 518 sancte,
617 485 734 516 sacer,
769 476 828 522 qui
861 484 1033 522 promunt
1067 490 1132 515 ore
1163 484 1348 526 potenter.

383 529 470 566 Rite
502 529 612 567 boant
645 531 800 577 iugiter:
837 533 969 583 Hagie‚
1003 542 1142 575 sam-te,
1175 546 1293 572 sacer.

298 588 450 630 Primus
480 593 711 638 apostolicus
743 595 936 631 trabeatus
969 603 1003 632 ct
1036 597 1247 634 indusiatus

384 649 561 685 Considet
594 655 629 686 et
662 660 799 687 cuneus
831 652 974 697 primus
1005 654 1244 699 apostolicus

300 706 498 757 Rontphea
530 711 625 748 colla
657 723 809 749 vomens
843 714 1065 751 rubicundat
1100 722 1285 763 martyres
1315 716 1468 763 ardenS,

383 767 572 813 Sanguine
604 766 684 805 fusa
719 769 851 806 videns
883 772 1063 817 romphea
1095 773 1191 808 colla
1224 782 1388 809 vomens.

299 827 380 869 Iam
412 840 519 866 sacra
552 830 739 876 virgineas
771 833 922 868 excellit
955 839 1075 870 turma
1109 845 1266 871 coronas

383 886 550 925 Famine.
570 888 791 935 perspicuas
823 889 894 925 iam
927 901 1036 928 sacra
1069 891 1266 937 virgineas,

297 944 437 987 Sancta
468 959 622 986 sacrans
655 950 782 996 digitis
814 951 943 988 rutilat
975 963 1059 989 nam
1093 953 1216 989 contio
1247 953 1379 996 sacris,

381 1005 517 1043 Fercla
550 1005 635 1043 cibi.
669 1007 797 1044 calicis
828 1012 958 1045 sancta
989 1019 1142 1046 sacrans
1176 1009 1303 1058 digitis

297 1064 586 1108 commoriendo
618 1068 698 1105 Deo
729 1070 875 1116 gladios
907 1071 1120 1117 praetendit
1155 1071 1328 1118 Olympo,

382 1126 480 1162 Pace
511 1125 669 1171 quiescit
702 1126 813 1163 humo
845 1127 1125 1165 commoriendo
1158 1128 1248 1164 Deo.

296 1183 417 1225 Astra
447 1186 586 1223 rubens
620 1199 789 1234 superaS‚
822 1189 990 1235 Eparcbi
1022 1195 1185 1237 sanctuS,
1219 1190 1384 1227 adornas

380 1243 660 1291 Consociusque
691 1244 793 1291 bcaS‚
825 1251 928 1283 astra
960 1246 1098 1283 rubens
1130 1257 1301 1293 superas,

296 1302 461 1344 Divitias
491 1306 641 1344 Domini
673 1307 759 1354 quia
791 1309 926 1345 temnis
958 1319 1111 1345 munere
1144 1309 1297 1357 Christi,

382 1358 493 1401 N'unc
525 1363 630 1409 capis
661 1363 859 1401 altithroni
893 1365 1044 1402 divitias
1077 1365 1242 1403 Domini.

289 1420 343 1464 Es
374 1435 521 1471 quoque
552 1426 770 1472 pauperiem
802 1427 971 1474 locuples
1002 1432 1166 1464 sectatus
1198 1426 1245 1464 ob
1277 1438 1420 1475 arcem,

374 1481 515 1518 Vectus
547 1482 594 1518 ad
626 1483 839 1520 unanimem
868 1495 906 1520 es
938 1494 1084 1531 quoque
1115 1484 1349 1531 pauperiem.

291 1534 366 1576 Vir
394 1537 480 1584 pius
509 1549 554 1575 ac
585 1539 709 1575 rutilis
741 1539 920 1577 virtutum
954 1541 1040 1577 dote
1072 1540 1256 1589 manebis,

378 1594 572 1641 Omnibus,
605 1595 714 1645 alme,
747 1595 868 1633 bonis.
902 1597 960 1634 vir
990 1597 1076 1645 pius
1106 1608 1150 1634 ac
1184 1597 1321 1636 rutilis.

292 1647 404 1690 Stare
434 1652 556 1689 sciens
586 1652 690 1699 inopi
721 1653 933 1701 miserator,
967 1655 1067 1691 mitis
1098 1654 1280 1701 Eparcbi,

375 1708 429 1746 Es
461 1708 543 1745 vice
573 1709 762 1759 paracliti,
795 1715 897 1747 stare
928 1711 1051 1747 sciens
1082 1711 1199 1757 inopi.

294 1761 427 1803 Dulcis
458 1776 636 1812 amorque
667 1765 775 1803 bonis
807 1767 947 1804 renites
980 1767 1157 1804 dulcorus
1189 1767 1364 1816 alumnis,

372 1820 523 1859 Adfluis
555 1829 595 1859 ut
626 1823 763 1869 genitis
795 1824 916 1861 dulcis
948 1834 1125 1871 amorque
1159 1823 1278 1861 bonis.

290 1873 419 1925 Erigis
449 1878 497 1916 ob
529 1880 659 1917 titulos
690 1891 833 1917 morum
868 1881 1077 1927 procedere
1109 1885 1292 1929 comptos⁷

375 1936 525 1983 Perpie‚
558 1936 773 1974 sanctificos
807 1938 921 1985 erigis
953 1937 1000 1974 ob
1031 1937 1174 1975 titulos,

292 1987 479 2031 cerberus
510 1993 705 2030 intremuit
737 1994 887 2040 letoque
921 1994 1029 2031 datos
1061 1994 1130 2031 tibi
1163 1993 1302 2039 reddit,

377 2049 448 2095 Qui
478 2053 543 2087 tua
572 2050 673 2087 iussa
705 2049 810 2094 facit,
845 2051 1032 2088 Cerberus
1064 2050 1270 2088 intremuit.

292 2102 551 2145 Obtenebrata
583 2105 691 2154 fugas
722 2107 952 2154 palponibus
985 2118 1029 2145 ac
1060 2108 1119 2144 via
1151 2112 1314 2154 constas,

376 2162 541 2210 Fulgida
571 2163 666 2200 lucis
697 2175 814 2209 amas,
848 2163 1099 2201 obtenebrata
1133 2162 1254 2210 fugas,

292 2215 465 2266 Rectius,
497 2219 708 2264 artlietrici,
741 2221 920 2257 salientes
953 2221 1105 2258 curritis
1140 2221 1226 2267 ipsi,

375 2275 444 2312 Itis
474 2276 523 2314 ad
554 2287 663 2313 omne
695 2277 760 2314 citi
791 2278 942 2326 rectius,
976 2277 1187 2315 artlietrici.

293 2329 464 2372 Artubus
493 2333 666 2371 unicolor
698 2334 787 2371 data
818 2333 871 2377 fit,
906 2335 963 2370 cui
997 2334 1150 2371 morbus
1181 2333 1314 2378 oletor,

377 2388 492 2435 Grex,
526 2400 617 2427 cane
645 2390 756 2428 Laus
788 2394 820 2427 et
851 2390 985 2440 honor,
1019 2390 1175 2427 artubus
1206 2390 1387 2426 unicolor.

290 2441 424 2485 Nacta*
443 2457 559 2493 super
588 2457 782 2484 numerum
815 2447 1022 2495 meliusque
1055 2452 1207 2484 caterva
1240 2447 1404 2482 virorum

377 2504 540 2549 Agmina
570 2508 656 2540 sunt
690 2505 876 2541 medicum
908 2510 1020 2542 nacta
1053 2514 1166 2550 super
1197 2513 1404 2540 numerum.

296 2555 372 2604 Sic,
405 2559 610 2606 Egolisma,
643 2560 785 2607 places,
820 2566 925 2598 tanto
958 2572 1039 2598 cum
1074 2560 1223 2597 numine
1257 2558 1390 2607 fulges,

379 2615 542 2662 Propter
569 2627 651 2653 eum
685 2617 824 2653 totiens
857 2618 922 2658 sic,
956 2617 1161 2663 Egolisma‚
1193 2617 1332 2662 places.

293 2668 461 2719 Plusque
492 2673 594 2710 vales
625 2674 770 2710 meritis
801 2675 923 2711 sancti
954 2685 1064 2721 quam
1096 2673 1264 2710 turribus
1294 2673 1381 2710 altis

378 2728 561 2774 Eparchii
597 2730 804 2767 innumeris
835 2731 994 2778 plusque
1028 2730 1128 2766 vales
1161 2729 1316 2766 meritis.

294 2781 341 2824 In
372 2784 460 2822 fidei
493 2786 610 2823 radiis
642 2786 720 2824 adit
752 2787 841 2823 hinc
872 2787 1052 2824 tumulum
1087 2786 1157 2822 ¹sibi
1189 2786 1371 2834 quisquis,

375 2842 452 2888 Ops
485 2842 598 2879 datur
627 2843 851 2880 omnimodis
882 2845 921 2881 in
952 2843 1040 2880 fidei
1072 2842 1203 2881 radiis.
