2031 3289
317 294 411 333 115.

316 727 408 765 116.

309 1104 402 1143 117.

306 1483 400 1522 118.

310 1861 404 1901 119.

306 2234 403 2274 120.

942 181 1253 222 —640—

458 296 553 343 Ave,
591 299 713 332 mater
742 295 1046 344 praevignorum‚

456 352 553 398 Ave,
585 351 700 389 bibax
728 352 940 390 divinorum

513 406 762 445 Fluentorum
793 407 963 455 spongia,

457 463 515 500 Tu
546 474 585 500 es
616 463 732 503 rubus
763 464 901 501 ardens
933 463 1009 510 igni

455 520 680 566 IuventutiS,
712 521 780 557 sed
809 519 947 567 insigni

513 576 627 614 Salva
657 576 855 623 pudicitia.

456 727 581 764 Ardet
605 728 641 764 in
674 732 712 765 te
743 729 870 765 calens
900 732 1004 766 aetas

457 784 681 830 Iuventutis,
715 785 782 822 sed
813 789 853 821 tu
884 789 1003 822 metas

512 840 700 877 Iuveniles
731 841 931 890 praeteris,

454 895 551 933 Nam
581 897 731 934 nativus
759 898 797 934 in
828 903 865 934 te
896 897 1001 934 calor

451 952 620 999 Flagrat,
636 953 704 990 sed
717 958 754 990 te
766 954 892 991 nullus
902 954 1057 1000 squalor

509 1009 663 1047 Foedae
693 1008 821 1047 foedet
854 1010 1024 1048 Veneris.

448 1106 544 1152 Ave,
579 1105 683 1142 cuius
714 1106 823 1143 lanae
852 1105 1010 1144 floccum

448 1162 492 1198 In
524 1162 651 1209 regale
682 1163 797 1199 vertit
829 1173 994 1210 coccum,

504 1219 575 1265 Qui
604 1217 740 1256 floccat
771 1223 808 1255 et
838 1217 1036 1270 fulminatz,

446 1274 542 1322 Ave,
573 1285 644 1322 per
673 1286 784 1322 quam
815 1276 1002 1322 spoliatur

447 1330 586 1368 Mortis
618 1341 747 1369 carcer
777 1335 815 1368 et
844 1332 876 1369 is
908 1333 1031 1384 datur,

504 1387 576 1433 Qui
617 1392 776 1425 mortem
808 1389 1048 1430 exterminat.

448 1484 542 1529 Ave,
576 1484 694 1531 virgo,
728 1485 815 1531 quia
845 1495 915 1532 per
945 1489 982 1522 te

448 1541 587 1578 Portae
619 1541 714 1578 caeli
748 1546 836 1578 sunt
866 1545 1034 1590 apertae,

506 1597 579 1634 Per
608 1601 646 1633 te
678 1598 821 1634 caelum
852 1609 1009 1635 aeneum

450 1652 658 1690 Emollitur
687 1659 725 1691 et
752 1654 937 1691 mollitum

449 1709 588 1746 Rorem
620 1710 748 1748 fundit
779 1711 1018 1758 concupitum

507 1766 557 1803 Et
587 1767 781 1804 madorem
812 1767 1000 1808 melleum.

453 1862 550 1906 Ave,
584 1873 679 1909 quae
708 1874 776 1900 nos
807 1874 829 1900 a
861 1863 1037 1901 draconis

449 1918 678 1965 Imposturis
709 1923 746 1955 et
775 1919 895 1957 leonis

508 1975 655 2012 Eruisti
686 1975 810 2022 rabie3

447 2031 535 2068 Vivi
563 2031 671 2078 panis
701 2036 739 2069 te
770 2033 974 2070 canistrum

454 2086 684 2125 Confitemur
715 2092 751 2125 et
782 2089 983 2136 registrum

505 2144 637 2181 Totius
669 2145 863 2184 ecclesiae.

449 2234 545 2282 Ave,
577 2245 647 2281 per
676 2246 787 2281 quam
818 2235 860 2272 fit
889 2239 1038 2273 creator

448 2290 654 2328 Creaturae
685 2291 930 2339 ministrator,

506 2347 688 2384 Dominus
716 2349 957 2396 mancipium,

449 2403 519 2441 Rei
550 2403 664 2441 iudex
695 2405 750 2441 rei
780 2405 897 2453 Iesus,

452 2459 596 2497 Rhetor
627 2461 771 2507 primus
795 2471 891 2508 puer
913 2461 1051 2509 blesus,

509 2516 678 2554 Verbum
709 2517 967 2566 participium.

395 2636 403 2644 .
450 2608 544 2653 Ave,
580 2607 696 2654 virgo,
731 2608 862 2644 mortis
893 2606 1052 2658 frenum,

451 2663 622 2711 Plenum,
652 2664 765 2701 immo
786 2665 1054 2713 superplenum

509 2721 619 2758 Vitae
650 2721 962 2770 promptuarium,

451 2777 546 2825 Ave,
579 2782 712 2822 mater,
744 2788 813 2814 arx
846 2777 1003 2825 timenti,

453 2833 558 2878 Quae
590 2833 714 2870 vitalis
746 2844 785 2870 es
818 2832 996 2871 frumenti

508 2889 632 2926 Vitale
663 2890 891 2937 granarium.

1136 296 1230 335 122.
1276 297 1372 346 Ave,
1408 307 1478 344 per
1507 308 1618 345 quam
1647 308 1748 334 mors
1778 309 1876 336 mor·

1607 354 1728 401 detur,

1277 409 1322 447 In
1353 420 1427 456 qua
1456 413 1536 447 tota
1563 410 1777 448 continetur

1330 466 1492 503 Annona
1522 465 1703 511 fidelium,

1274 523 1325 570 Is,
1357 522 1421 569 qui
1453 522 1578 560 caelos
1609 521 1824 572 fabricavit,

1274 578 1395 615 Tuum
1425 578 1498 616 sibi
1530 579 1721 616 dedicavit

1330 635 1510 672 Ventrale
1539 635 1736 681 palatium,

1134 731 1226 769 123.
1272 731 1369 777 Ave,
1402 731 1519 778 virgo,
1552 742 1647 778 quae
1677 731 1831 778 paventi

1272 787 1353 825 Pax
1385 797 1424 824 es
1455 791 1493 824 et
1523 785 1607 824 fons
1638 788 1794 831 sitienti,

1328 844 1456 881 Flenti
1488 841 1738 891 facitergium,

1270 900 1328 937 Tu
1359 899 1509 937 virtutis
1541 910 1580 937 es
1608 901 1833 948 exemplum,

1267 955 1341 993 Dei
1371 966 1502 1002 penus,
1534 956 1606 993 Dei
1636 957 1818 1004 templum

1322 1011 1375 1049 Et
1404 1012 1728 1060 gazophylacium.

1125 1108 1217 1148 124.
1267 1108 1364 1154 Ave,
1395 1118 1466 1155 per
1495 1119 1606 1154 quam
1635 1108 1763 1146 insons
1785 1119 1872 1147 reus

1266 1165 1317 1202 Et
1338 1175 1408 1211 per
1428 1175 1537 1211 quam
1561 1164 1604 1202 fit
1621 1169 1750 1202 noster
1765 1165 1869 1203 Deus

1322 1221 1463 1258 Noster
1494 1223 1755 1268 convicaneus,

1263 1278 1338 1315 Per
1367 1281 1405 1314 te
1434 1288 1591 1325 magnus
1622 1277 1841 1323 minoratus,

1262 1334 1336 1371 Per
1366 1338 1403 1370 te
1433 1345 1534 1382 papa
1564 1333 1607 1371 fit
1635 1334 1793 1381 legatus,

1321 1391 1468 1429 Primas
1499 1389 1768 1438 suffraganeus.

1124 1487 1217 1526 125.
1263 1488 1338 1525 Per
1367 1490 1405 1523 te
1436 1485 1478 1523 fit
1508 1487 1564 1523 sol
1599 1486 1829 1534 hypogaeas,

1262 1543 1362 1581 Dum
1395 1543 1442 1580 de
1473 1543 1576 1580 caelo
1607 1543 1736 1589 lapsus
1755 1543 1864 1580 Deus

1321 1599 1456 1638 Carnis
1485 1607 1574 1646 toga
1604 1599 1763 1646 tegitur;

1268 1655 1331 1693 Sic
1356 1656 1550 1706 noctescit,
1584 1656 1651 1693 sed
1672 1656 1871 1702 psalmista

1265 1712 1379 1749 Teste
1410 1713 1507 1749 sicut
1538 1712 1618 1749 dies
1645 1712 1720 1748 ista

1324 1768 1410 1806 Nox
1439 1768 1726 1806 illuminabitur.

1130 1865 1222 1904 126.
1268 1864 1413 1911 Fulgor
1441 1864 1532 1901 solis
1562 1864 1764 1901 aeternalis

1268 1920 1415 1960 Umbra
1445 1920 1578 1967 glebae
1606 1920 1802 1968 virginalis

1325 1977 1520 2014 Involutus
1553 1977 1739 2021 conditur,

1266 2033 1382 2071 Nulla
1412 2037 1536 2070 tamen
1568 2033 1639 2071 hac
1669 2033 1813 2080 eclypsi

1265 2090 1513 2127 Pulchritudo
1544 2090 1603 2127 vel
1634 2089 1699 2127 lux
1729 2089 1804 2137 ipsi

1325 2146 1511 2194 Cynthiae
1543 2146 1767 2184 detrahitur.

1127 2236 1219 2276 127.
1267 2237 1341 2274 Per
1372 2241 1408 2272 te
1438 2237 1497 2274 leo
1527 2235 1570 2273 fit
1599 2237 1783 2284 agnellus,
1843 2250 1846 2252 ·

1264 2293 1489 2330 Dominator
1519 2293 1740 2330 domicellus

1321 2349 1373 2386 Et
1400 2349 1574 2396 antiquus
1606 2349 1738 2398 pusi03

1266 2405 1324 2443 Tu
1356 2406 1403 2443 de
1436 2406 1531 2442 colle
1562 2404 1655 2442 facis
1685 2405 1832 2453 callem,

1264 2461 1322 2499 De
1353 2466 1560 2509 praerupta
1580 2466 1705 2499 monte
1726 2461 1863 2500 vallem

1321 2519 1372 2556 Et
1402 2519 1501 2555 viam
1533 2529 1579 2556 ex
1609 2518 1724 2558 invio.

1127 2609 1222 2647 128.
1267 2608 1331 2646 Sol
1362 2608 1400 2645 in
1431 2618 1540 2645 sacco
1571 2608 1806 2645 clanculatur

1266 2665 1316 2702 Et
1347 2665 1509 2702 ventrali
1539 2665 1747 2702 trutinatur

1319 2720 1470 2758 Statera
1501 2721 1692 2768 divinitas,

1267 2777 1410 2814 Lumen
1438 2778 1527 2815 limo
1557 2781 1802 2826 temperatur,

1268 2834 1420 2871 Deitate
1450 2834 1652 2880 penulatur

1321 2891 1497 2928 Mortalis
1527 2889 1741 2928 infirmitas.
