2031 3289
899 203 956 208 —
1014 179 1096 220 350
1156 201 1209 207 —-

304 297 327 334 6
346 305 380 333 a.
412 295 497 332 Non
528 295 630 342 licet,
661 294 795 342 inquit,
828 298 866 331 te
1121 295 1145 332 6
1163 292 1200 332 b.
1232 293 1372 331 Vocem
1402 293 1631 332 incantantis

415 349 546 387 fratris
577 350 632 387 tui
1232 350 1426 396 sapienter

416 406 556 443 habere
586 406 780 453 coniugem
1234 406 1410 443 Herodes
1440 409 1482 443 ut
1511 407 1613 452 aspis

417 467 564 509 raptam
595 462 680 510 sibi,
1236 462 1352 499 surda
1382 462 1539 512 spernit,

418 518 597 566 peccasti,
1235 522 1278 555 ut
1306 519 1445 555 iustum

419 575 580 621 quiesce,
1237 580 1273 611 et
1304 579 1475 612 sanctum

418 631 699 678 paenitentibus
1237 631 1442 668 Iohannem
1472 631 1592 679 timet,

419 688 473 725 sic
504 687 692 734 praecipit
724 686 920 726 Dominus.
1235 698 1344 734 quem
1376 687 1495 724 vinxit
1525 688 1564 724 in
1596 698 1761 728 carcere.

307 791 383 828 721.
416 788 534 826 Sedet
564 790 602 825 in
634 788 801 825 tenebris
1130 789 1150 826 7
1172 788 1210 828 b.
1243 788 1379 826 Studet
1409 789 1556 826 deliciis

419 846 573 882 lucerna
601 845 707 894 lucis,
1235 845 1367 882 mundi
1397 845 1581 892 principis

423 903 562 939 amicus
594 901 882 949 omnipotentis,
1238 900 1338 938 filius
1369 901 1607 948 perditionis,

313 1005 335 1041 8
353 1015 387 1042 a.
418 1003 605 1041 Meretrix
636 1003 783 1050 suadet,
1126 1003 1149 1040 8
1167 1002 1202 1039 b.
1236 1002 1309 1040 Dat
1342 1013 1408 1039 rex
1439 1003 1592 1040 saltanti

422 1064 512 1096 nata
541 1064 731 1106 precatur,
1237 1062 1352 1105 caput
1382 1059 1573 1105 Iohannis,

424 1126 490 1152 rex
521 1115 638 1162 iubet,
670 1119 822 1152 sanctus
1240 1116 1302 1162 qui
1334 1120 1485 1153 sanctus
1516 1120 1604 1153 ante

423 1172 646 1210 decollatur.
1240 1171 1282 1208 fit
1313 1183 1423 1218 quam
1454 1177 1577 1211 natuS.

309 1278 332 1313 9
352 1286 386 1312 a.
414 1273 488 1317 En,
522 1274 708 1320 quomodo
1130 1273 1154 1310 9
1172 1271 1209 1311 b.
1242 1271 1333 1309 Cum
1365 1273 1414 1309 sit
1444 1273 1523 1310 eius

424 1330 524 1378 perit
555 1331 688 1376 iustus,

424 1387 531 1433 quasi
561 1397 635 1423 non
666 1387 716 1422 sit
746 1386 827 1423 Deo

424 1443 598 1490 dilectus,
739 1433 742 1436 ’

287 1547 337 1584 10
355 1558 389 1583 a.
421 1545 501 1583 Nos
533 1545 647 1582 corde
677 1545 922 1594 percipimus,

1102 1545 1153 1584 10
1172 1544 1207 1582 b.

427 1603 549 1648 qualis
580 1606 618 1638 et
638 1607 799 1649 quantus
822 1607 891 1649 est,
919 1612 1029 1648 quam

428 1659 643 1695 convicinus
675 1658 860 1705 dignitate

427 1715 578 1752 Christo
608 1715 656 1751 sit
688 1718 725 1751 et
754 1719 887 1754 morte.

1244 1329 1412 1375 pretiosa

1242 1396 1342 1422 mors
1373 1385 1466 1422 'naec
1495 1386 1533 1422 in
1567 1389 1770 1434 conspectu

1240 1441 1404 1481 Domini.

1240 1544 1337 1582 Nam
1369 1549 1489 1581 morte
1518 1544 1738 1591 turpissima

1245 1601 1444 1638 damnatur
1474 1612 1647 1649 sponsus,
1680 1601 1808 1647 sponsi

1244 1661 1281 1694 et-
1310 1657 1469 1695 amicum
1503 1657 1657 1695 damnat
1686 1661 1806 1695 morte

1243 1719 1345 1750 recte
1374 1714 1605 1761 turpissima,

289 1819 334 1855 11
357 1828 390 1857 a.
423 1817 585 1855 Carcere
617 1817 740 1853 carnis

430 1873 580 1910 ductum
610 1884 720 1920 quem
751 1872 877 1910 ferunt

429 1930 628 1976 psallendo

429 1987 544 2023 caelis
575 1987 699 2033 angeli
730 1986 917 2033 angelum.

1104 1817 1153 1854 11
1172 1816 1206 1853 b.
1239 1816 1288 1852 Et
1320 1826 1387 1852 nos
1418 1815 1456 1852 in
1487 1816 1603 1853 terris

1244 1872 1314 1909 tibi
1345 1872 1509 1918 psallere

1242 1927 1316 1974 fac,
1349 1929 1510 1976 Christe,

1243 1986 1280 2021 in
1310 1985 1527 2022 memoriam
1560 1984 1761 2032 baptistae,

722 2089 784 2126 12.
833 2087 996 2125 Herodis
1028 2091 1157 2134 spreta

829 2155 901 2191 quo
930 2154 1072 2190 mensa,

833 2201 953 2247 ipsum
986 2204 1024 2237 te
1055 2201 1142 2237 dum
1175 2200 1366 2247 sumimus,

831 2268 983 2303 semper
1013 2256 1084 2293 tibi
1116 2257 1334 2303 psallamus.

384 2358 487 2391 Grad.
513 2369 575 2390 ms.
603 2358 862 2395 SecovienseOE)
887 2368 975 2389 saec.
1005 2355 1054 2388 12.
1096 2357 1179 2389 (jod.
1206 2357 1445 2388 Vindobonen.
1474 2354 1598 2387 13314.
1617 2356 1656 2387 Α.
1674 2372 1717 2377 ——
1741 2355 1844 2389 Grad.

288 2415 350 2436 ms.
376 2404 630 2435 Ottoburanum
657 2414 748 2435 saec.
769 2402 819 2434 12.
839 2404 924 2435 Olm-
944 2404 1124 2434 Monacen.
1143 2400 1272 2433 27130.
1293 2403 1333 2433 B.
1351 2419 1393 2423 —
1410 2402 1587 2432 Missms.
1602 2402 1843 2443 Maguntinum

288 2451 463 2490 (Monast.)
487 2459 576 2480 sace.
607 2447 656 2480 13.
685 2450 730 2479 in.
779 2449 862 2481 Cod.
892 2449 1052 2480 Rossian.
1078 2449 1163 2479 VIII
1192 2446 1264 2479 1⁶20.
1284 2448 1320 2479 C.
1339 2465 1382 2468 -—
1401 2447 1504 2488 Trop.
1523 2458 1584 2478 ms,
1602 2447 1844 2488 wingartense

290 2495 332 2533 (5²)
356 2505 444 2526 saec.
481 2492 530 2525 13.
581 2494 665 2526 (jod.
692 2492 944 2534 stuttgardien.
980 2494 1054 2525 ΗΒ.
1084 2491 1098 2524 1
1125 2493 1194 2524 Asc
1229 2491 1281 2524 95.
1309 2493 1384 2524 add.
1411 2503 1500 2523 saec.
1530 2490 1579 2524 13.
1606 2493 1647 2523 D.
1672 2509 1716 2514 —
1740 2491 1843 2524 Grad.

290 2551 352 2571 ms,
378 2541 619 2579 August-anum
646 2550 735 2571 saec.
766 2535 816 2570 13.
842 2539 928 2571 clm.
949 2539 1131 2570 Monacen.
1156 2536 1255 2570 3914.
1274 2539 1315 2569 E.
1335 2556 1364 2559 —-
1393 2539 1572 2569 Miss.111s.
1593 2537 1842 2580 Bambergense

290 2596 378 2617 saec.
408 2584 457 2616 15.
505 2585 588 2616 (lod.
614 2586 774 2617 Rossian.
802 2585 885 2616 VIII
911 2582 988 2615 232.
1015 2585 1051 2615 κ’.

383 2629 412 2669 1,
442 2629 462 2662 3
487 2630 573 2661 fehlt
599 2631 669 2662 CI).
696 2649 724 2654 —
768 2629 794 2666 1,
821 2629 843 2661 4
868 2630 1053 2670 prudenter
1078 2629 1175 2661 BCF.
1201 2647 1243 2651 ——
1269 2627 1329 2664 351,
1357 2627 1377 2659 2
1402 2638 1600 2669 percussam
1618 2628 1660 2659 D.
1679 2644 1722 2648 —
1740 2625 1803 2664 31),
1825 2625 1839 2658 l

291 2677 429 2707 sonavit
463 2677 502 2707 Α.
535 2694 572 2697 —v-
612 2675 673 2711 421,
707 2674 729 2707 4
762 2676 826 2706 hoc
852 2675 937 2706 fehlt
961 2675 1005 2709 F:
1032 2678 1065 2705 ot
1090 2674 1174 2705 haec
1202 2676 1237 2705 13.
1263 2691 1307 2695 —
1332 2672 1392 2710 ssb,
1421 2673 1440 2704 (i
1466 2678 1502 2704 ut
1528 2676 1683 2704 sanctum
1712 2672 1776 2704 CF.
1801 2689 1843 2694 —

290 2720 353 2758 61»,
386 2720 404 2752 7
438 2723 563 2752 tium-ns
602 2723 640 2752 1›.
678 2740 718 2742 νὴ
747 2720 804 2759 Ta,
830 2720 850 2751 2
884 2721 1000 2752 lucens
1026 2721 1069 2752 D.
1096 2738 1135 2741 —--
1164 2718 1226 2757 Tb,
1251 2720 1271 2750 ζ’
1297 2721 1456 2761 princeps
1482 2718 1584 2749 huius
1609 2719 1647 2749 A.
1672 2735 1714 2739 —
1739 2717 1800 2754 82,
1824 2715 1844 2748 2

292 2767 410 2807 puella
444 2767 549 2798 saltat
584 2768 618 2801 κ’,
653 2784 698 2789 —-
730 2765 791 2804 81»,
822 2764 842 2797 3
867 2770 1051 2806 autequam
1078 2766 1124 2796 sit
1149 2769 1250 2796 natus
1276 2763 1313 2795 1⁸.
1341 2782 1372 2786 —
1407 2765 1467 2801 bb,
1492 2763 1512 2795 4
1537 2765 1583 2794 sit
1608 2773 1709 2804 quam
1735 2763 1778 2794 D.
1802 2781 1845 2786 —

290 2811 352 2848 91),
389 2810 403 2843 1
442 2814 531 2843 Dum
568 2814 613 2842 sit
647 2813 718 2843 CI).
751 2828 794 2832 ——
829 2810 890 2848 91),
924 2810 945 2842 3
977 2810 1034 2841 hie
1058 2811 1097 2842 A.
1123 2827 1166 2832 ——
1194 2808 1274 2847 loa,
1305 2808 1319 2840 1
1348 2811 1562 2851 percepimus
1589 2810 1625 2840 κ’.
1651 2825 1692 2829 -
1721 2806 1800 2846 103,
1825 2805 1846 2838 2

294 2857 374 2887 talis
408 2868 447 2888 :ic
474 2861 589 2888 tantus
615 2858 726 2890 ABD:
763 2860 815 2888 est
847 2856 932 2887 fehlt
955 2857 995 2888 Λ.
1020 2873 1064 2878 -
1092 2854 1171 2890 lOa.
1197 2854 1218 2887 3
1244 2856 1325 2896 quia
1353 2856 1500 2886 vicimus
1526 2855 1620 2885 lzt‘lv.
1646 2870 1687 2874 —
1717 2851 1757 2885 10
1769 2853 1801 2891 b,
1825 2851 1846 2884 3

292 2912 340 2942 sq.
367 2906 399 2932 ot
425 2904 574 2933 :unicum
605 2907 713 2933 morte
740 2903 832 2942 turpi
857 2902 998 2933 damnat
1026 2901 1217 2942 turpissimi
1243 2902 1282 2931 A.
1310 2917 1351 2922 --
1383 2898 1463 2934 101),
1489 2898 1511 2931 4
1536 2899 1736 2940 turpissima
1754 2897 1843 2929 korr.
