2031 3289
902 136 1211 178 —106—

333 257 369 293 5.
403 253 496 292 Cum
526 252 662 289 missus
691 251 769 287 alto
799 250 954 297 spiritus
1117 249 1181 288 11.
1214 250 1360 287 Maiore
1390 250 1454 297 qui
1483 251 1663 288 miraculo

401 309 569 349 Advenit
599 319 621 344 a
651 307 786 345 throno
817 306 937 353 patriS
1213 306 1376 352 Quorum
1408 307 1568 353 replevit
1598 310 1764 356 pectora,

405 366 569 412 Seseque
600 362 896 400 collaudantium
1212 363 1282 399 His
1313 363 1477 400 omnium
1507 375 1594 401 mox
1624 364 1783 401 contulit

400 423 542 469 Iplevit
571 420 691 457 almus
722 422 889 465 pectora.
1213 419 1308 456 Late
1338 419 1522 466 loquelam
1555 419 1735 468 gentium,

331 538 368 575 6.
399 533 515 572 Venit
546 543 636 569 sono
667 531 890 568 suavissima
1119 531 1182 570 12.
1214 530 1367 569 Cunctis
1383 541 1453 577 per
1468 531 1597 568 orbem
1612 532 1836 579 utgentibus

401 590 588 636 venitque
619 586 898 625 ferventissima
1214 587 1360 634 Lingua
1392 591 1567 624 canentes
1598 588 1766 636 propria,

400 648 444 684 In
478 646 620 683 visione
649 643 822 681 flammea
1214 645 1314 689 Iesu,
1346 648 1447 680 tuam
1478 645 1686 689 potentiam

402 703 548 740 Lucens
578 701 625 738 ab
655 701 732 738 alto
763 700 897 747 gratia.
1214 700 1438 746 Laudesque
1470 699 1640 738 dicerent
1670 706 1767 738 tuas.

332 812 368 849 7.
399 812 502 857 Quae
533 819 601 845 nos
633 808 729 844 solet
758 807 939 844 scientiae
1116 807 1181 846 13.
1213 807 1243 845 O
1275 806 1435 853 pulchra
1465 817 1590 844 rerum
1620 808 1753 857 gratia,

399 867 581 904 Lustrare
611 863 762 901 flamma
788 874 832 900 ac
852 863 1029 910 lampade
1212 863 1305 901 Cum
1338 863 1508 900 dissonas
1540 868 1577 900 et
1606 864 1771 901 moribus

398 921 622 960 Dilectionis
652 921 808 957 intimae
1210 920 1262 957 Et
1293 930 1384 956 voce
1414 920 1544 966 plebes
1575 924 1686 957 antea

399 979 526 1026 Ignire
557 982 686 1014 nostra
718 985 886 1023 pectora.
1213 975 1402 1013 Nectebat
1433 987 1528 1013 unus
1559 977 1736 1023 spiritus!

332 1089 369 1126 8.
402 1086 558 1132 Linguis
589 1086 628 1122 in
658 1085 757 1121 altus
788 1084 907 1130 igneis
1117 1084 1183 1122 14.
1215 1084 1244 1121 Ο
1276 1087 1408 1120 sancta
1438 1093 1527 1120 vere
1559 1083 1692 1120 civitas

401 1143 570 1189 Linguae
602 1145 750 1178 creator
780 1140 935 1187 spiritus
1212 1140 1264 1177 Et
1293 1150 1383 1177 vera
1413 1139 1518 1185 pacis
1550 1140 1657 1185 visio,

400 1198 592 1245 Apparuit
623 1197 865 1234 credentibus
1214 1196 1306 1234 Cum
1337 1196 1400 1232 lux
1431 1195 1521 1232 fidei
1551 1196 1734 1242 plurimos

399 1256 591 1302 Verbique
623 1255 760 1291 donum
793 1253 965 1291 eontulit.
1214 1254 1294 1290 Iam
1326 1263 1392 1289 cor
1422 1253 1460 1288 in
1491 1263 1604 1289 unum
1637 1253 1805 1300 cogeret!

331 1366 368 1402 9.
401 1363 588 1409 Linguam
621 1362 733 1398 simul
762 1361 981 1398 doctoribus
1118 1361 1182 1399 15.
1213 1360 1319 1397 Haec
1349 1359 1503 1396 Iudeam
1535 1358 1696 1396 beatitas

399 1419 611 1466 Laremque
643 1429 790 1455 sacrum
822 1417 1011 1464 praebuit,
1213 1416 1342 1453 Primo
1374 1416 1536 1462 replevit
1566 1426 1732 1463 munere,

401 1476 502 1521 Quos
533 1486 573 1512 se
603 1475 706 1521 loqui
738 1474 864 1512 verbis
897 1475 1007 1511 docet
1213 1473 1320 1510 Haec
1354 1482 1471 1518 usque
1502 1472 1632 1509 mundi
1661 1472 1839 1510 terminos

400 1532 563 1578 Seseque
601 1542 727 1569 amare
766 1531 804 1567 in
836 1530 1029 1570 cordibus,
1214 1529 1344 1566 Terris
1376 1527 1538 1576 refulget
1569 1528 1753 1574 omnibus,

305 1640 370 1679 10.
403 1639 570 1686 Linguas
590 1638 731 1676 habent
752 1638 815 1685 qui
835 1637 1026 1675 flammeas
1116 1637 1181 1675 16.
1213 1637 1411 1682 Unamque
1442 1635 1583 1674 Christi
1614 1635 1771 1682 gloriam

400 1696 490 1734 Cum
523 1696 693 1732 caritatis
725 1695 875 1741 spiritu,
1212 1693 1381 1739 Linguae
1412 1692 1512 1729 sonis
1545 1691 1772 1729 distantibus

399 1753 550 1790 Ardore
581 1756 744 1788 mentem
776 1751 937 1798 proximi
1213 1749 1291 1786 Par
1320 1749 1501 1785 mentium
1533 1748 1682 1786 devotio

399 1809 591 1847 Christum
623 1807 791 1845 sonando
813 1811 1029 1855 suggerunt.
1217 1805 1415 1843 Collaudat
1447 1815 1520 1842 uno
1551 1804 1589 1841 in
1620 1804 1768 1851 spiritu.

376 1920 571 1953 Cassander
595 1921 618 1951 1.
645 1931 672 1951 c.
699 1930 730 1961 p.
756 1917 819 1951 211
848 1930 921 1961 sqq.
948 1938 990 1942 -——
1016 1916 1048 1956 2,
1076 1916 1098 1950 4
1122 1917 1335 1950 charismati.
1353 1934 1394 1938 -—
1415 1914 1465 1955 12,
1483 1914 1505 1947 4
1523 1919 1601 1947 tuas
1619 1916 1779 1947 dicerent.
1798 1931 1839 1936 —·

286 1964 336 2004 14,
368 1964 388 1997 2
412 1976 526 1997 verae.
558 1983 596 1987 —
621 1967 671 1997 Zu
696 1964 726 2003 9,
753 1963 773 1996 2
796 1966 861 1996 Die
878 1964 1156 2006 Marginalnote:
1181 1964 1304 1995 Larem
1332 1973 1393 2004 pro
1419 1963 1497 2004 igne
1515 1962 1672 2003 posuisse
1689 1960 1836 1992 videtur.

283 2028 327 2033 -—
348 2013 411 2043 Bei
433 2009 483 2049 12,
509 2009 530 2042 4
548 2021 603 2042 am
623 2011 743 2043 Raude
763 2011 887 2052 „fortez
913 2010 1067 2041 dicerent
1086 2006 1196 2040 tuas.“
1215 2025 1258 2029 —
1276 2009 1324 2039 Zu
1353 2006 1402 2045 15,
1424 2007 1439 2038 1
1459 2007 1526 2048 vgl.
1545 2006 1601 2038 die
1617 2005 1841 2048 Bemerkung

283 2067 324 2087 zu
351 2058 480 2098 Hymn.
506 2054 552 2097 (2)
578 2054 628 2095 12,
658 2055 684 2087 1.

376 2102 444 2134 Str.
474 2101 488 2133 1
524 2102 613 2134 auch
646 2103 682 2132 in
708 2101 850 2134 Collect.
883 2111 946 2131 ms.
973 2101 1008 2131 S.
1032 2099 1221 2131 Michaelis
1247 2099 1473 2140 Bambergen.
1506 2107 1596 2129 saec.
1622 2093 1708 2128 ¹⁰l11.
1757 2095 1837 2127 Cod.

282 2148 511 2189 Bambergen.
538 2148 566 2179 B
590 2148 624 2178 II
653 2145 693 2178 10
716 2146 766 2186 (in
792 2146 941 2178 Alkuins
966 2145 1115 2177 Traktat
1141 2145 1214 2186 „De
1238 2144 1340 2175 laude
1364 2140 1475 2182 Dei“).
1502 2161 1543 2165 —
1579 2140 1607 2181 1,
1631 2139 1652 2174 3
1677 2142 1752 2181 Quo
1777 2150 1838 2173 nos

284 2193 408 2235 repleti
435 2203 586 2224 munere.

332 2410 366 2446 1.

728 2313 787 2349 84.
823 2314 880 2356 (6.)
914 2313 959 2348 In
985 2312 1122 2349 Natali
1150 2322 1182 2347 s.
1209 2311 1388 2355 Agnetis.

398 2408 531 2445 Illuxit
561 2408 659 2445 alma
690 2407 850 2445 saeculis

398 2464 490 2502 Dies
523 2463 656 2501 beatae
687 2464 858 2511 virginis,

397 2521 478 2566 Qua
508 2525 630 2558 morte
659 2521 760 2558 victa
791 2520 959 2568 perpetis

399 2577 510 2615 Vitae
542 2578 687 2624 recepit
717 2577 868 2624 gaudia.

360 2708 369 2717 .
401 2679 562 2716 Intravit
595 2681 723 2725 Agnes
752 2690 904 2716 auream

397 2736 480 2773 Poli
513 2735 750 2781 triumphans
783 2735 923 2781 regiam

396 2792 569 2838 Agnique
600 2792 727 2828 iuncta
759 2792 932 2829 dulcibus

399 2847 690 2894 Congratulatur
721 2848 875 2895 nuptiis.

1145 2408 1180 2444 3.

1214 2405 1398 2443 Admixta
1429 2405 1543 2442 castis
1574 2403 1758 2451 virginum

1214 2463 1256 2500 In
1289 2472 1375 2499 arce
1407 2461 1502 2498 caeli
1534 2459 1700 2497 coetibus

1215 2518 1374 2556 Carmen
1405 2528 1541 2555 novum
1573 2518 1653 2555 Deo
1683 2515 1781 2563 patri

1215 2575 1373 2622 Unaque
1403 2578 1490 2611 nato
1522 2577 1712 2620 personat.

1219 2678 1296 2715 Iam
1331 2676 1446 2723 digna
1475 2675 1542 2712 tali
1572 2673 1750 2721 praemio,

1213 2734 1315 2779 Quae
1346 2731 1447 2769 fluxa
1476 2731 1605 2768 mundi
1635 2739 1817 2776 prospera

1214 2791 1450 2836 Pompasque
1479 2787 1594 2825 saecli
1624 2785 1796 2823 sordidas

1215 2847 1354 2884 Amore
1386 2845 1528 2883 Christi
1559 2846 1765 2892 spreverat.

2026 2037 2027 2041 „
2020 1896 2027 1974 ss-„ss-
2018 1799 2026 1884 *aa-.-
2011 1784 2019 1788 ¹
