2031 3289
909 196 1218 237 —178—

310 314 348 353 9.
380 312 510 350 Turba
539 312 639 359 quod
670 312 779 349 simul
811 311 971 358 piorum,
1125 310 1189 347 10.
1221 308 1390 347 Gloriam
1424 308 1576 356 dignam
1606 307 1770 346 triformi

434 369 498 416 qui
526 368 608 406 Deo
639 372 725 405 sunt
755 367 932 413 proximi,
1277 366 1476 413 pangimus
1505 366 1712 415 potentiae,

376 425 524 462 Actitet
554 434 670 471 penes
702 433 920 470 supernam,
1219 423 1322 468 Quae
1360 426 1398 458 te
1428 432 1560 458 sanum
1589 422 1692 458 vexit
1722 422 1848 459 isthuc

435 481 638 528 poscimus,
671 479 920 516 clementiam.
1276 477 1510 515 Francorum
1540 488 1610 525 per
1639 477 1820 526 regmina.

385 613 470 646 Cod.
493 614 654 645 Vatican.
680 614 763 654 Reg.
787 610 865 644 469.
890 611 948 651 (ol.
968 610 1181 654 Sangallen.)
1204 619 1295 642 saec.
1307 609 1338 643 9.
1357 621 1409 643 ex.
1426 611 1465 642 A.
1483 628 1528 632 —
1545 611 1628 643 Cod.
1647 611 1849 653 Sangallen.

290 656 367 692 899.
393 669 484 691 saec.
509 656 580 691 ⁹l10.
604 659 642 690 B.
667 675 712 679 —
736 656 767 696 9,
785 656 806 689 3
830 658 967 689 Aecitet.
990 658 1030 689 A.

515 847 595 883 131.
635 848 716 890 (11.)
754 848 929 891 Hymnus
954 847 1001 882 (le
1027 846 1180 882 sanctis
1209 846 1349 890 Sergio
1377 846 1418 881 et
1442 845 1620 882 Baccho.

963 926 1172 968 (Dubius.)

580 1044 617 1082 1.
650 1043 820 1091 Pangite,
855 1043 962 1088 caeli,
995 1042 1192 1079 reboemus
1222 1041 1329 1088 odas,

646 1100 760 1136 Alma
789 1110 1003 1146 promamus
1031 1099 1185 1136 Domini
1215 1102 1385 1146 tropaea,

647 1155 866 1194 Praecluem
897 1156 1038 1192 sanctis
1070 1155 1302 1192 celebremus
1330 1154 1509 1201 hymnum

767 1212 903 1250 Cordis
934 1213 981 1250 ab
1017 1212 1105 1249 imo.

578 1327 616 1364 2.
648 1325 840 1371 Martyres
872 1324 994 1361 sancti
1023 1324 1168 1361 meritis
1198 1323 1393 1369 micantes,

647 1381 811 1430 Sergius,
844 1381 1030 1428 Bacchus,
1062 1381 1155 1418 socii
1186 1388 1357 1422 eorona,‘

647 1438 780 1477 Carnis
811 1448 831 1474 e
862 1438 1028 1474 claustro
1059 1437 1205 1484 pariter
1233 1436 1430 1483 migrando
1481 1441 1486 1444 ”

766 1494 901 1531 Sidera
931 1505 1059 1540 supra,

577 1609 614 1647 3.
648 1607 832 1646 Athletae
862 1605 977 1643 fausti
1007 1606 1160 1643 Domini
1183 1606 1351 1653 superni,

646 1664 773 1701 Morte
804 1663 953 1700 devicta
982 1663 1191 1708 superastis
1221 1673 1326 1699 arma

646 1720 777 1757 Hostis
808 1720 952 1766 antiqui
983 1719 1101 1756 trucis
1132 1724 1243 1766 atque
1275 1718 1392 1755 cosmi

766 1776 899 1814 Carnis
929 1786 1060 1823 agone.

575 1892 612 1928 4.
646 1889 768 1935 Nunc,
802 1889 968 1926 coronati
1000 1887 1089 1925 fidei
1119 1886 1262 1935 favore,

646 1947 724 1983 Vos
756 1946 882 1990 decus,
915 1946 1035 1982 virtus
1066 1945 1308 1991 sequiturque
1338 1948 1508 1989 stemma,

645 2002 741 2040 Esse
773 2002 946 2039 caelestis
977 2002 1166 2038 meruistis
1197 2001 1285 2048 agni

766 2059 955 2106 Sanguine
984 2058 1064 2097 loti.

576 2173 615 2210 5.
648 2172 719 2218 Qui
748 2172 832 2218 pius
862 2171 993 2208 mundi
1027 2171 1126 2208 Deus
1157 2174 1193 2206 et
1224 2170 1461 2219 redemptor,

645 2228 797 2276 Martyr
827 2232 864 2265 et
894 2227 1002 2264 miles
1034 2227 1188 2264 radians
1218 2226 1363 2275 herilis,

646 2285 747 2322 Rore
777 2285 954 2323 robustus
984 2294 1091 2321 roseo
1123 2283 1256 2320 salutis

764 2341 963 2379 Schemate
993 2340 1107 2378 servi.

577 2456 613 2494 6.
645 2455 763 2500 Quem
795 2458 904 2491 vocat
934 2453 1030 2490 votis
1060 2453 1182 2499 polus,
1214 2452 1328 2497 unda,
1359 2451 1484 2497 tellus,

644 2511 836 2558 Quemque
866 2510 1059 2547 collaudat
1091 2509 1226 2546 chorus
1257 2507 1492 2555 angelorum,

644 2568 787 2614 'sagma
817 2566 990 2603 caelestis
1022 2565 1197 2613 Solymae
1228 2573 1414 2612 supernae

763 2623 936 2662 Consona
967 2627 1089 2660 cantu.

577 2739 614 2777 7.
645 2739 761 2785 Quem
793 2737 928 2773 timens
959 2739 1068 2772 atrox
1098 2734 1215 2772 Erebi
1245 2745 1396 2781 vorago,

645 2794 878 2831 Daemonum
910 2793 1088 2839 princeps
1118 2791 1252 2829 metuit
1281 2789 1447 2836 rebellis,

643 2850 808 2887 Zabulus
839 2853 970 2889 taeter,
1002 2848 1156 2885 sceleris
1188 2851 1372 2896 repertor,

764 2906 900 2943 Mortis
931 2905 1049 2951 orig0.
