1914 3223
115 220 154 256 5.
184 218 377 254 Accensus
409 213 499 250 illuc
530 214 686 259 spiritus

183 271 288 310 Totis
316 270 470 307 anhelat
502 269 657 314 nisibus,

126 373 129 376 Δ
181 330 258 366 Iam
291 326 413 363 cernit
444 326 481 362 in
511 326 722 372 aenigmate

181 385 325 422 Lumen
357 382 629 419 inaccessibile.

186 463 305 503 Migne
330 460 352 492 l.
381 470 408 491 e.
434 458 499 491 959
525 472 575 501 sq.

930 216 967 255 6.

1000 215 1057 252 Sit
1088 215 1187 262 patri
1219 215 1300 253 laus
1334 215 1512 266 ingenito,

999 272 1057 310 Sit
1091 272 1203 308 decus
1234 273 1438 319 unigenito,

999 328 1057 365 Sit
1088 329 1281 374 utriusque
1313 329 1425 375 parili

997 384 1179 421 Maiestas
1210 396 1353 422 summa
1384 384 1539 424 flamini.

546 581 601 617 53.
637 582 717 625 (33.)
752 582 802 618 De
828 584 956 618 sancto
982 583 1216 629 Apollinare.

753 642 1002 683 Sequentia.

599 733 633 773 1.
667 733 780 772 Clara
810 733 918 770 nobis
949 735 1154 781 praeconia

95 815 167 852 2a.
209 812 446 859 Apollinaris
479 813 619 850 caelica

207 869 385 916 martyris

207 926 317 964 laetis
347 931 522 972 promant

264 982 418 1019 vocibus
448 983 611 1030 agmina,

207 1061 386 1099 Exsultet
417 1062 552 1098 merito

263 1118 374 1155 nimis
407 1118 559 1155 alumna

206 1180 282 1212 tam
314 1175 455 1222 egregii

264 1231 357 1268 civis
388 1232 607 1279 Antiochia,

95 1063 119 1102 3
132 1052 165 1102 a.

88 1312 118 1349 4
130 1322 164 1349 a.
206 1311 235 1349 Ο
267 1310 387 1347 virtus
419 1321 527 1360 nova,

262 1367 362 1404 vinci
392 1359 531 1414 nescia,

206 1435 227 1462 o
258 1423 373 1460 turris
404 1424 532 1462 David

263 1480 524 1527 invictissima,

209 1542 345 1575 cuncta

209 1605 278 1641 pro
309 1593 428 1631 nihilo
461 1597 641 1640 reputans

209 1655 481 1688 tormentorum
513 1660 664 1700 genera,

92 1733 166 1768 5a.

208 1787 319 1834 longa
349 1785 476 1823 ferens
508 1786 654 1834 exsilia,

208 1842 318 1880 famis
350 1854 497 1890 quoque

264 1900 421 1947 pertulit
455 1900 633 1948 inopiam,

206 1957 384 1995 sustinuit

265 2014 384 2050 eculei
415 2013 634 2061 suspendia.

91 2094 164 2132 6a.
204 2093 433 2130 Evisceraus

206 2150 375 2186 claustra
406 2154 576 2187 tartarea

206 2207 417 2243 exanimem

207 2263 362 2300 Patricii

264 2320 463 2358 suscitavit
495 2320 623 2360 filiam.

208 2399 387 2444 Petimus,

207 2455 389 2493 ecclesiae
417 2457 575 2494 'radians

206 2512 311 2549 sidus
344 2517 380 2548 et
411 2513 566 2550 lucerna

207 2568 428 2615 pontificum
460 2570 582 2607 nitida

205 2630 492 2673 martyrumque
522 2638 680 2674 gemma,

912 813 986 851 2b.

915 1061 988 1101 3b.

908 1311 983 1352 4b.

210 1730 430 1768 Carcerales
462 1729 550 1767 hinc
580 1729 772 1780 tenebras,
912 1730 986 1770 5b.

915 2094 990 2133 6b.

915 2400 987 2439 7b.

1029 814 1159 851 Omnis
1191 819 1227 851 et
1257 816 1359 853 orbis
1390 817 1561 864 quadrua

1026 870 1238 908 dramatum

1025 927 1135 963 dulce
1164 928 1281 966 melos

1082 989 1257 1021 resonent
1289 985 1454 1027 climata.

1031 1063 1195 1101 Plaudat
1225 1064 1431 1111 praecipue

1084 1119 1176 1156 felix
1208 1120 1398 1169 Ravenna,

1026 1187 1134 1213 sacro
1166 1175 1244 1215 eius

1085 1244 1218 1270 cruore
1248 1239 1471 1280 purpurata.

1025 1312 1117 1349 Alta
1150 1312 1334 1350 viscerum

1081 1368 1210 1405 ridens
1243 1370 1410 1413 vulnera,

1025 1426 1119 1463 dura
1152 1426 1352 1463 verberum

1082 1492 1265 1529 spernens
1297 1483 1494 1530 stigmata!

1026 1540 1137 1585 Aqua

1026 1594 1231 1641 refrigerat
1262 1594 1414 1633 fervida

1023 1652 1194 1689 membra
1223 1650 1383 1690 flammis
1414 1654 1574 1693 torrida.

1029 1732 1257 1770 Catenarum
1289 1743 1375 1769 mox
1407 1733 1556 1771 vincula

1025 1799 1134 1825 sacra
1165 1788 1334 1825 vinciunt
1367 1789 1543 1837 brachia3

1026 1845 1259 1882 contundere

1083 1913 1157 1938 non
1188 1902 1296 1939 timet
1327 1913 1367 1939 os
1398 1902 1534 1941 rabida

1027 1969 1110 1995 cum
1141 1958 1272 2005 lapide

1084 2014 1273 2052 carnificis
1303 2015 1463 2055 insania.

1031 2094 1120 2140 Quis
1152 2093 1307 2144 referat,

1028 2155 1120 2197 quot
1150 2161 1347 2188 caecorum
1380 2152 1535 2199 lumina,

1027 2212 1119 2254 quot
1146 2208 1325 2255 languida.

1027 2264 1208 2302 divinitus

1081 2321 1276 2367 reparavit
1308 2321 1499 2368 corpora?

1029 2400 1192 2437 Pectora

1026 2462 1157 2494 nostra
1187 2468 1301 2504 prece
1332 2458 1464 2495 sedula

1026 2513 1128 2550 vitiis
1161 2515 1332 2558 emenda,

1025 2570 1232 2609 virtutibus
1264 2571 1416 2618 robora,

1026 2637 1092 2664 cor
1123 2628 1161 2663 in
1194 2631 1297 2665 astra
1328 2628 1424 2678 leva,

596 2707 632 2744 8.
665 2705 717 2742 Et
748 2704 937 2742 Christum
970 2716 1038 2742 nos
1073 2716 1229 2742 cernere

182 2825 302 2867 Migne
327 2827 350 2858 l.
376 2838 404 2858 c.
430 2825 497 2859 952
522 2838 571 2869 sq.

723 2760 784 2799 fac
813 2762 852 2798 in
883 2763 1034 2800 saecula
1043 2794 1051 2802 .

1407 2885 1456 2918 4*
