1914 3223
692 161 746 169 —
806 140 881 179 445

83 258 120 295 9.
150 255 407 293 Arithmetica
437 254 520 301 pari

150 312 249 358 Quid
284 315 407 348 certas
439 311 497 347 vel
529 309 696 357 impari?

208 368 276 415 Qui
303 368 351 405 ab
380 371 535 404 aeterno
567 371 675 404 natus
707 371 776 415 est,

98 432 100 435 '
150 424 235 462 Non
264 428 390 472 potest
420 424 624 462 numerari.

156 615 228 646 Fol.
265 612 328 646 155
346 624 376 645 a.

871 254 934 292 10.

967 253 1055 291 Sola
1083 255 1272 300 theologia

1023 312 1264 349 Demonstrat
1297 311 1390 348 haec
1421 321 1521 354 vera,

964 367 1077 405 Cuius
1108 367 1220 404 fidem
1253 367 1489 414 simpliciter,

964 423 1046 460 Non
1077 425 1112 460 vi
1143 432 1220 473 sua,
1256 424 1439 461 veraciter

1021 481 1149 517 Mento
1180 481 1294 517 crede
1324 481 1484 520 sincera.

427 616 500 655 „Dc
526 612 741 646 nativitate.“
770 632 811 636 -
837 616 904 644 Str.
936 612 976 645 10
1001 614 1092 645 steht
1116 615 1167 646 als
1195 616 1367 656 Repetitio
1391 615 1480 651 (hier
1505 611 1624 646 Rund-

65 659 162 700 reim)
193 660 307 691 liiuter
338 659 405 691 Str.
439 658 469 691 2.
496 676 538 681 -·
565 659 630 691 Str.
668 658 683 690 1
715 659 784 690 und
819 656 840 690 2
872 658 983 691 haben
1019 661 1053 690 iu
1087 659 1147 691 der
1177 661 1238 691 ils,
1272 661 1327 691 cin
1361 658 1623 692 abweichendes

65 707 224 738 Metrum.
262 706 328 736 Die
348 705 568 746 Umstcllung
592 705 652 736 der
677 705 799 736 beiden
824 704 951 736 lctztcn
970 705 1076 736 Vei-sc
1105 705 1199 736 stcllt
1224 705 1279 736 dic
1296 705 1625 747 (ilcichmassigkcit

60 751 135 784 her.
164 769 205 774 —-
234 748 269 788 1,
296 748 316 782 3
341 750 471 782 Probat
496 751 594 782 rabbi
619 750 739 781 doctor
763 751 888 791 incipe.

66 798 160 830 eines
193 797 247 827 fiir
271 797 359 829 sinn
385 796 454 827 und
484 796 569 827 vers
597 797 735 838 geuiigt.
761 813 805 817 —
834 793 891 834 10,
925 794 945 825 5
970 796 1085 827 Mente
1114 796 1214 827 credo
1239 796 1294 828 vel
1322 799 1398 827 tene
1425 794 1506 833 HS.;
1533 795 1621 827 wohl

65 842 108 875 ad
132 843 282 874 libitum.
309 858 352 862 —
377 842 440 873 Am
468 840 606 873 Schluss
632 844 695 873 etc.
722 841 786 872 Hs.

938 750 1041 781 Wohl
1068 761 1127 782 zur
1153 751 1347 791 beliebigen
1372 750 1551 788 Auswahl,
1581 750 1625 782 da

558 1099 641 1135 419.
676 1099 756 1142 (31.)
793 1100 850 1134 De
875 1098 1116 1135 Schismate.

84 1243 118 1280 1.
154 1241 266 1277 Vei-to
295 1240 437 1277 luctum
468 1240 506 1276 in
538 1239 722 1276 citharam

148 1298 198 1335 Et
227 1308 407 1344 organum
437 1297 476 1333 in
505 1294 646 1342 fletum,

150 1354 323 1392 Ecclesia
352 1365 437 1390 nam
467 1353 635 1401 viperam

150 1412 192 1448 In
223 1411 307 1448 sinu
339 1408 413 1447 fert
444 1414 480 1447 et
510 1410 639 1448 letum.

80 1537 117 1574 2.
149 1536 178 1574 O
210 1535 311 1573 Deus
341 1534 452 1577 alme,
485 1533 637 1579 adiuva,

150 1590 340 1640 Reforma,
374 1601 470 1639 quae
497 1590 708 1637 plasmasti,

151 1648 407 1687 orthodoxam
439 1647 599 1684 eoncilia

150 1705 296 1749 Fidem,
329 1716 440 1752 quam
471 1704 659 1741 adunasti.

81 1845 117 1881 3.
150 1843 276 1880 Vanus
306 1851 402 1878 vane
431 1840 593 1877 mundus
624 1840 738 1887 plane

147 1898 296 1936 Malitia
326 1897 500 1944 senescit,

149 1955 279 1992 Dicam
311 1965 412 2001 sane,
444 1965 530 1991 nam
565 1952 725 2000 profane

149 2011 360 2050 Virtutibus
390 2010 563 2049 tabescit.

81 2149 118 2186 4.
149 2147 247 2184 Hinc
276 2146 436 2193 amplius
466 2145 703 2193 progrediar,

149 2204 230 2241 Hoc
260 2203 424 2240 schisma
452 2208 528 2240 tam
556 2201 761 2239 infaustum

148 2261 368 2298 Animarum
398 2260 592 2296 interitum

149 2317 357 2364 Mortisque
386 2320 497 2363 parat
527 2316 712 2353 haustum.

893 1240 929 1277 6.

895 1841 931 1878 8.

962 1238 1045 1280 Dei,
1078 1239 1186 1287 proli,
1219 1238 1261 1275 fit
1291 1238 1433 1276 oblivio

962 1295 1137 1342 Clerique
1167 1297 1394 1342 persecutio,

963 1352 1039 1389 Iam
1073 1352 1210 1389 viduae
1242 1350 1323 1388 c'um
1355 1351 1526 1398 orphano

960 1409 1132 1447 Cessavit
1161 1409 1368 1446 miseratio.

922 1564 930 1572 .
962 1533 1085 1577 Nunc,
1118 1542 1238 1581 reges,
1270 1533 1482 1582 intelligite,

961 1590 1032 1635 Qui
1062 1589 1242 1626 iudicatis
1273 1592 1426 1637 terram,

961 1646 1159 1683 Ecclesiae
1191 1646 1358 1682 dirimite

963 1703 1015 1740 Et
1045 1703 1263 1740 conculcate
1294 1713 1483 1750 guerram.

964 1839 1003 1876 Si
1036 1839 1091 1876 vis
1122 1838 1289 1876 urbanus
1321 1838 1416 1886 fieri,

964 1895 1160 1935 Urbanum
1191 1895 1385 1942 profitere,

963 1952 1066 1999 Fuge
1097 1949 1286 1989 tortosum'
1313 1951 1520 1999 colubrum,

962 2009 1206 2056 Antipapam,
1239 2009 1396 2047 sincere.

960 2145 1018 2182 Tu
1049 2155 1150 2193 ergo,
1183 2154 1205 2180 a
1235 2142 1379 2190 flagitio

959 2201 1029 2248 Qui
1060 2200 1186 2247 gliscis
1218 2199 1386 2247 liberari,

960 2258 1035 2296 Ora
1065 2261 1223 2294 matrem
1256 2267 1338 2293 cum
1367 2255 1458 2303 filio,

958 2315 1087 2351 Possis
1117 2318 1159 2351 ut
1189 2313 1377 2351 adiuvari.

83 2455 120 2491 5.
150 2452 269 2499 Reges
299 2453 572 2490 adulescentuli
862 2452 927 2490 10.
959 2451 989 2489 Ο
1022 2450 1185 2497 Christe,
1218 2459 1285 2486 rex
1316 2446 1486 2495 pacifice,

150 2508 492 2547 Gubernant·fines
522 2509 675 2557 saeculi,
962 2508 1065 2544 Pelle
1096 2507 1199 2543 litem
1233 2505 1458 2550 discordiae,

149 2565 200 2602 Et
230 2571 399 2603 recentes
431 2566 621 2604 vernaculi
961 2565 1098 2609 Maria,
1131 2567 1252 2599 mater
1281 2561 1437 2608 gratiae,

152 2623 423 2670 Insurguntque
454 2622 670 2662 latrunculi,
961 2621 1071 2658 Nunc
1101 2620 1212 2666 placa
1246 2628 1370 2665 regem
1401 2617 1556 2664 gloriae.

158 2779 228 2811 Pol.
267 2777 329 2811 155
349 2780 382 2812 b.
433 2781 505 2817 „De
536 2777 754 2812 schismate.“
783 2796 827 2800 —
861 2780 924 2810 Am
960 2777 1098 2809 Sehluss
1129 2780 1211 2814 etc.‚
1251 2774 1404 2807 obschon
1437 2774 1498 2805 das
1532 2774 1619 2806 Lied

69 2824 247 2856 inhaltlich
273 2824 549 2857 abzuschliessen
574 2825 717 2857 scheint.
735 2842 780 2846 —
797 2823 828 2862 9,
853 2822 874 2855 2
900 2824 968 2863 Qui
994 2823 1114 2865 gliscis
1140 2821 1298 2853 adiuvari

69 2872 107 2900 ut
129 2869 277 2901 liberari.

1334 2840 1367 2843 υ
1397 2820 1427 2857 9,
1454 2818 1475 2851 4
1500 2820 1619 2851 Possis
