1914 3223
731 194 780 200 —
842 171 922 211 507
988 194 1021 198 —

129 287 192 326 11.
225 286 255 324 Ο
294 291 473 333 quantuni
505 285 597 323 haec
631 285 860 323 iucundatur
946 287 1010 324 13.
1044 285 1254 333 En,audis,
1267 285 1367 332 quod
1380 296 1453 322 non
1467 284 1677 332 condignae

284 342 423 390 Sponsi
456 352 635 389 praesens
667 339 801 387 vultui,
1104 342 1302 380 Passiones
1333 341 1473 379 saeculi

227 401 330 446 Quae
360 399 524 436 intrasse
554 399 740 446 gloriatur
1033 397 1105 435 'Acl
1138 398 1362 444 promissum
1396 402 1470 434 tam
1502 397 1649 445 insigne

283 456 327 493 In
358 455 534 502 gaudium
567 455 731 504 Domini,
1103 454 1332 501 Sempiterni
1363 454 1535 502 praemii,

227 512 321 551 Cibo
352 522 499 559 quoque
530 511 724 558 saginatur
1044 513 1123 558 Quo
1156 511 1397 548 donabuntur
1429 510 1589 558 benigne

283 569 440 615 Eodem,
473 579 545 615 quo
574 568 712 615 angeli.
1104 568 1239 604 Cuncti
1272 567 1344 605 Dei
1377 566 1520 605 famuli.

132 683 196 722 12.
230 681 317 718 Noli
350 680 440 718 flere
471 691 540 718 nec
571 681 731 727 tristari,
952 683 1012 718 14.
1046 681 1191 717 Auctor
1221 680 1314 717 lucis
1346 685 1381 716 et
1413 690 1478 717 rex
1510 679 1628 728 pacis,

284 738 406 776 Homo
436 738 704 785 pusillanimis,
1102 736 1214 774 Dona
1244 736 1487 783 participium

227 794 266 832 Si
299 795 492 842 contingat
523 798 560 831 te
589 794 742 841 gravari
1045 793 1151 830 Tuae
1181 793 1288 830 nobis
1321 793 1507 830 claritatis

285 851 497 888 Laboribus
530 851 643 888 variis
1105 851 1178 888 Per
1208 850 1358 886 unicum
1389 849 1508 886 filium

228 908 301 946 Seu
332 909 501 955 graviter
530 907 744 956 impugnari
1046 907 1194 953 Perque
1226 904 1369 943 foncem
1401 906 1584 951 caritatis,

283 965 583 1011 Temptamentis
616 964 822 1001 daemonis.
1103 963 1252 1000 Almum
1286 968 1390 999 tuum
1421 963 1610 1009 spiritum.

202 1076 449 1110 Carolsruhan.
482 1074 559 1110 368.
593 1075 640 1108 A.
667 1093 710 1098 —
735 1076 899 1108 Zwollen.
931 1074 1008 1108 434.
1039 1077 1077 1108 B.
1104 1093 1148 1096 —
1174 1075 1415 1107 Vindobonen.
1451 1073 1548 1107 7970.
1575 1076 1612 1107 (J.
1638 1092 1683 1097 —

117 1122 151 1159 1,
181 1121 202 1155 5
227 1125 338 1163 Quam
365 1123 456 1155 bona
480 1123 520 1154 A.
549 1140 589 1143 ——
615 1120 654 1161 2,
681 1121 701 1154 6
726 1121 862 1163 sponse
888 1123 925 1153 B.
952 1139 995 1143 -—
1020 1119 1058 1159 3,
1085 1119 1106 1153 3
1131 1132 1171 1152 ac
1197 1121 1345 1163 singulis
1373 1123 1408 1153 B.
1435 1139 1477 1141 —
1502 1119 1539 1158 4,
1569 1119 1583 1152 1
1612 1122 1682 1162 pie-

113 1169 195 1200 tatis
221 1169 260 1200 A.
287 1185 330 1189 —
355 1166 385 1206 5,
414 1166 435 1199 5
460 1168 631 1200 Pietatem
657 1168 696 1200 A.
722 1184 766 1188 —
791 1165 821 1205 7,
847 1164 868 1199 3
893 1177 959 1209 que
984 1167 1071 1198 fehlt
1098 1168 1134 1198 Β.
1160 1184 1203 1187 -—
1229 1165 1260 1204 7,
1284 1165 1306 1198 4
1332 1166 1432 1198 Clare
1458 1170 1539 1197 tunc
1566 1163 1610 1196 A.
1639 1183 1682 1187 —-

113 1213 150 1249 7,
184 1212 204 1245 5
234 1214 446 1255 amplectens
480 1214 517 1244 B.
543 1231 587 1234 —
619 1211 658 1252 8,
693 1211 714 1245 6
746 1213 1025 1245 ratiociouabilis
1057 1214 1094 1244 Β.
1122 1229 1165 1233 -
1196 1210 1253 1250 10,
1291 1210 1305 1243 l
1339 1213 1538 1244 Tonsecuta
1574 1212 1610 1243 Β.
1640 1229 1682 1233 —

116 1258 166 1296 11,
195 1257 210 1290 1
238 1259 296 1290 hic
322 1260 359 1291 Β.
383 1275 427 1281 -
456 1257 507 1298 ll,
533 1257 554 1290 2
578 1259 737 1301 Sponsus
761 1258 809 1298 A3
835 1258 1008 1290 Praesens
1034 1259 1153 1299 sponsi
1181 1258 1218 1289 B.
1236 1274 1279 1279 —
1308 1256 1358 1295 ll,
1382 1255 1404 1289 4
1428 1258 1571 1289 Domini
1597 1257 1687 1288 fehlt

115 1306 151 1337 B.
177 1323 219 1327 ——
248 1301 305 1343 12,
339 1302 361 1336 3
393 1308 426 1336 te
460 1306 580 1336 vexari
605 1305 644 1336 B.
669 1322 714 1325 —
740 1301 801 1342 13,
832 1301 853 1335 3
877 1303 931 1336 Ad
963 1303 1049 1335 fehlt
1074 1303 1121 1343 At,
1156 1304 1371 1335 Promissum
1406 1303 1449 1334 ad
1482 1306 1551 1334 tam
1579 1302 1613 1334 C.
1641 1319 1684 1324 -

116 1348 167 1387 13,
195 1348 216 1381 5
240 1349 454 1382 dotabuntur
479 1351 517 1382 B.
548 1367 590 1371 —-
619 1347 670 1389 14,
697 1348 718 1381 5
743 1349 790 1380 Et
838 1360 874 1381 er
899 1349 1027 1381 fontem
1056 1350 1093 1379 B.
1119 1367 1162 1370 -—
1188 1349 1254 1380 Mit
1278 1349 1358 1381 Mel.
1386 1349 1461 1390 BQ
1490 1347 1579 1380 ohne
1599 1345 1683 1380 Mel,

114 1396 163 1432 A;
188 1395 244 1427 die
271 1396 462 1437 Singweise
488 1396 535 1427 ist
562 1392 654 1428 Urbs
681 1393 780 1427 beata
850 1392 1046 1427 ierusalem.
1573 1415 1578 1420 .

194 1608 275 1645 486.
308 1609 389 1649 (29.)
426 1609 623 1644 Devotum
649 1617 810 1643 carmen
836 1607 1078 1643 cantandum
1104 1607 1144 1641 in
1170 1607 1288 1642 laude
1313 1607 1403 1643 Iesu
1430 1607 1598 1643 Christi.

121 1726 190 1764 la.
223 1725 348 1763 Vitam
380 1727 466 1763 lesu
499 1725 639 1763 Christi
938 1724 1009 1762 1b.
1047 1724 1173 1773 (jaste,
1205 1724 1316 1769 iuste,
1348 1724 1411 1770 pie

288 1783 399 1820 stude
428 1782 584 1830 imitari,
1108 1781 1212 1818 disce
1248 1781 1478 1819 conversari.

121 1885 191 1923 2a.
234 1883 291 1921 De
323 1888 410 1922 nato
441 1885 527 1921 Iesu
938 1883 1010 1922 2b.
1050 1883 1109 1920 De
1140 1894 1252 1929 passo
1284 1883 1370 1920 Iesu

289 1951 381 1978 caue
418 1941 593 1987 dulciter,
1109 1940 1195 1977 dole
1225 1940 1406 1987 graviter.

124 2043 192 2080 321.
233 2042 352 2080 Laeta
381 2043 497 2081 misce
528 2043 702 2081 tristibus
941 2042 1014 2082 3b.
1051 2042 1158 2080 Mala
1188 2046 1294 2091 terge
1324 2041 1487 2090 fletibus,

291 2099 382 2137 Tuis
414 2099 620 2148 exercitiis,
1112 2099 1214 2138 Cave
1243 2111 1266 2136 a
1298 2099 1457 2137 deliciis.

128 2202 197 2238 4a.
239 2201 362 2238 Iesum
393 2211 532 2248 quaere
940 2200 1018 2240 4b.
1056 2200 1198 2250 Clama,
1231 2200 1342 2247 pulsa

294 2257 507 2307 diligenter,
1112 2257 1366 2296 vehementer.

127 2360 194 2396 5a.
232 2359 274 2396 In
307 2359 453 2397 devotis
941 2359 1014 2400 5b.
1051 2359 1171 2396 Dulce
1202 2362 1258 2395 est
1291 2359 1338 2396 de

294 2415 441 2462 hymnis
474 2416 686 2466 delectare3
1110 2417 1197 2454 Iesu
1232 2415 1412 2463 cogitare,

129 2517 198 2554 6a.
229 2516 386 2555 Dulcius·
417 2528 499 2555 cum
943 2518 1016 2557 6b.
1050 2517 1316 2555 Dulcissimum

295 2574 382 2611 Iesu
411 2574 586 2624 iubilare,
1113 2574 1236 2611 caelos
1269 2578 1482 2620 penetrare.

131 2674 200 2712 7³.
231 2675 316 2712 Iesu
346 2675 393 2713 ob
424 2686 591 2713 amorem
943 2676 1014 2716 7b.
1047 2675 1198 2714 Sustine
1229 2675 1304 2712 vim
1335 2675 1498 2722 patiens,

237 2731 391 2770 Omnem
424 2731 483 2770 fer
511 2733 692 2783 laborem,
1053 2732 1164 2775 Tace,
1197 2736 1238 2769 ut
1268 2732 1319 2768 sis
1351 2731 1516 2778 sapiens.

132 2831 201 2870 Sa.
232 2833 360 2871 Mores
390 2844 490 2882 rege,
522 2845 632 2872 aures
662 2839 759 2882 tege,
942 2834 1014 2874 8b.
1052 2835 1240 2872 Assuesce
1270 2834 1393 2870 Iesum
1424 2833 1614 2883 invocare,

240 2888 360 2936 Saepe
389 2901 467 2936 ora,
499 2901 613 2938 saepe
643 2892 738 2939 lege.
1055 2890 1218 2929 Mariam
1249 2900 1362 2936 saepe
1393 2890 1572 2936 salutare,
