2031 3289
304 285 339 321 3.
372 283 556 320 Hostilem
590 284 726 329 religat

314 2495 349 2533 1.

430 340 658 386 praedonem
691 341 840 385 caritas,

376 396 456 433 Nec
487 397 557 432 erit
588 396 736 433 animae

432 464 513 489 cum
545 453 615 489 hoc
647 452 859 500 captivitas,

374 509 449 547 Ubi
482 507 657 554 defuerit,

431 566 531 602 salus
560 566 756 613 amittitur,

373 623 423 659 Et
454 623 572 659 nostri
604 621 768 667 pectoris

429 678 519 715 urbs
550 679 649 715 hosti
680 678 856 714 traditur.

923 193 975 198 —
1039 170 1117 209 1le
1179 192 1234 197 ——

1116 285 1153 323 4.
1188 283 1348 320 Perenni
1378 283 1539 321 Domino

1242 350 1378 386 perpes
1409 340 1459 376 sit
1489 340 1621 387 gloria,

1187 396 1244 432 Ex
1274 407 1347 442 quo
1378 400 1484 441 sunt,
1516 406 1585 443 per
1615 406 1724 442 quem
1755 399 1853 445 sunt,

1242 452 1281 489 in
1312 463 1385 500 quo
1415 456 1502 489 sunt
1532 453 1677 490 omnia:

1187 508 1246 545 Ex
1277 520 1349 556 quo
1380 513 1478 557 sunt,
1510 512 1719 558 pater-est,

1243 576 1312 611 per
1342 576 1450 612 quem
1483 569 1579 615 sunt,
1613 564 1725 612 filius,

1188 622 1230 657 In
1262 633 1334 668 quo
1364 627 1462 670 sunt,
1496 622 1616 668 patris
1647 625 1684 658 et

1244 677 1311 714 filii
1343 678 1512 724 spirituS.

396 791 423 821 B
449 790 506 822 fol.
533 788 617 822 863..
643 808 687 812 ——
714 789 743 830 1,
768 790 788 821 6
814 792 860 822 sit
884 791 923 822 B.
950 807 991 812 -—
1017 789 1048 830 2,
1075 788 1096 821 2
1120 790 1273 832 perfecti.

828 979 901 1015 134.
936 980 1016 1021 (24.)
1052 978 1163 1015 Feria
1187 977 1334 1022 Quinta.

335 1205 343 1213 .
376 1177 483 1223 Quod
515 1182 619 1215 aetas
649 1177 791 1214 saeculi

435 1235 565 1281 quinta
596 1234 819 1280 perducitur

379 1291 442 1329 Ad
475 1291 615 1327 Christi
647 1295 829 1337 tempora,

434 1362 457 1384 a
487 1348 614 1384 multis
649 1348 826 1393 traditur,

377 1405 419 1441 In
451 1405 581 1441 mundi
612 1405 716 1441 senio
871 1407 876 1410 '

435 1472 552 1499 novus
583 1461 632 1498 ad
664 1465 840 1510 veterem,

376 1518 429 1555 Ut
462 1528 544 1555 eum
576 1522 743 1565 renovet,

435 1575 569 1611 missus
600 1579 656 1610 est
686 1574 884 1612 hominem.

340 1731 348 1739 .
381 1700 581 1738 Defectum
612 1700 747 1737 virium

438 1761 611 1794 senectus
642 1758 798 1804 patitur,

378 1815 428 1852 Et
459 1813 588 1850 mundi
619 1814 763 1850 senium

435 1871 506 1908 hoc
536 1874 639 1907 recte
671 1870 821 1916 dicitur,

379 1928 438 1965 Ex
469 1938 541 1974 quo
573 1927 768 1964 consulere

438 1985 556 2021 virtus
588 1984 762 2020 altissimi

380 2042 569 2078 Bonorum
601 2041 765 2077 omnium

436 2098 539 2134 venit
571 2097 748 2136 defectui.

403 2212 427 2241 Γ»
452 2210 509 2241 sol.
535 2207 577 2240 86
589 2220 617 2240 a.

842 2296 897 2332 135

381 2494 439 2531 Ex
472 2494 578 2540 aquis
611 2493 722 2531 hodic

438 2551 607 2589 viventes
637 2551 780 2587 animas

384 2608 545 2646 Produci
580 2607 706 2644 docuit

439 2665 651 2710 scripturae
683 2664 835 2710 verium,

384 2721 479 2766 Quia
511 2720 749 2769 baptismatis

440 2777 595 2814 absente
626 2778 778 2813 lavacro

383 2835 531 2871 Moruni
564 2846 635 2871 non
669 2832 810 2871 suflicit

441 2891 698 2928 catocliizalio.

971 1062 1023 1093 Ad
1048 1061 1197 1094 Laudes.

1123 1179 1161 1216 3.
1193 1179 1272 1214 lam
1305 1177 1554 1225 praeterierat.

1248 1238 1398 1280 patrum
1428 1234 1575 1281 religio,

1192 1290 1406 1337 Prophetae
1438 1291 1608 1336 deerant,

1249 1346 1389 1384 defecit
1419 1347 1558 1394 unctio,

1193 1403 1283 1441 Cum
1315 1405 1414 1441 hunc
1443 1403 1637 1440 inunxerit

1252 1461 1378 1498 divina
1408 1460 1541 1508 gratia,

1193 1517 1262 1563 Qui
1294 1517 1517 1564 spiritaliter

1250 1578 1439 1611 restaurat
1468 1574 1603 1613 omnia.

1136 1701 1162 1739 ¹.
1195 1699 1358 1735 Perenni
1389 1698 1550 1736 Domino

1251 1766 1388 1802 perpes
1420 1756 1469 1792 sit
1499 1756 1632 1805 gloria,

1194 1812 1253 1850 Ex
1286 1823 1358 1859 quo
1389 1816 1492 1861 sunt,
1526 1822 1595 1859 per
1625 1821 1734 1858 quem
1766 1815 1865 1859 sunt,

1251 1869 1288 1905 in
1320 1880 1392 1916 quo
1423 1873 1509 1905 sunt
1539 1868 1684 1906 omnia:

1196 1926 1256 1962 Ex
1289 1937 1361 1973 quo
1392 1929 1492 1973 sunt,
1525 1929 1635 1972 pater
1665 1928 1733 1968 est,

1250 1993 1319 2029 per
1349 1993 1457 2028 quem
1489 1986 1588 2026 sunt,
1620 1980 1730 2027 filius,

1197 2040 1238 2075 In
1271 2050 1342 2085 quo
1373 2043 1472 2085 sunt,
1505 2039 1626 2085 patris
1659 2042 1692 2074 et

1250 2095 1319 2132 filii
1348 2096 1517 2142 spiritus.

903 2324 910 2331 .
948 2297 1027 2339 (25.)
1062 2293 1171 2331 Feria
1185 2293 1341 2337 Quinta.

963 2379 1015 2410 Ad
1039 2379 1222 2419 Vesperas.

1127 2495 1164 2531 2.
1198 2492 1270 2529 Hic
1300 2495 1423 2528 mater
1452 2490 1574 2537 gratia

1253 2548 1386 2594 sepelit
1421 2551 1596 2594 veterem,

1200 2605 1296 2643 Hinc
1327 2615 1462 2641 novum
1494 2604 1556 2650 pia
1587 2603 1695 2650 plebs

1252 2661 1410 2709 suscipit
1441 2661 1640 2704 hominem,

1195 2719 1265 2765 Qui
1296 2722 1569 2755 sacramentum
1602 2717 1671 2753 hoc

1253 2775 1397 2821 primus
1429 2774 1613 2816 exhibuit,

1197 2832 1414 2869 Adventum
1447 2830 1598 2868 Domini

1255 2888 1421 2934 baptista
1454 2886 1662 2933 praevenit.

1993 0 2031 412 ·*-*⁴*····--⁴-³=
