1914 3223
91 1411 144 1447 10.

88 1637 141 1673 11.

89 1865 141 1899 12.

95 2090 148 2126 13.

91 2318 142 2353 14.

93 2538 145 2573 15.

93 2758 146 2794 16.

732 191 782 196 ——
843 169 922 210 481

179 281 293 314 Mater
317 282 420 320 bona,
446 282 515 323 pia,
541 281 643 319 dona,

224 326 325 366 Quod
349 337 446 359 mens
470 336 581 368 prona
605 328 789 370 supplicat,

179 371 394 414 Suspirando
420 375 454 403 et
478 372 609 404 orando

224 417 291 449 Ore
316 417 444 449 blando
470 417 657 459 praedicat.

179 507 325 549 Propter
351 510 487 548 partum
513 507 577 539 tibi
602 507 732 543 datum,

223 552 299 584 Tuo
324 552 434 584 altum
462 556 572 589 utero,

179 598 346 630 Miserere
371 601 405 629 et
430 597 567 630 medere

225 642 331 674 Modo
357 642 438 674 huic
463 644 600 675 misero.

182 733 250 765 Fili
275 733 398 771 dulcis,
423 734 483 775 qui
509 743 572 765 nos
598 733 711 772 fulcis,

225 779 303 810 Lux
328 782 361 810 et
385 779 474 810 lucis
503 779 672 817 conditor,

180 823 249 856 Fili
275 825 406 863 matris,
431 825 577 856 verbum
602 826 723 866 patris,

226 868 376 902 Pietatis
400 871 550 911 genitor,

182 959 333 1002 Propter
358 959 468 998 illam,
494 969 584 1002 quae
609 959 802 991 mamillam

226 1004 331 1037 Suam
357 1005 422 1036 tibi
447 1005 619 1047 praebuit,

181 1051 238 1083 Da
263 1051 397 1082 sincere
421 1053 455 1082 te
480 1050 610 1088 videre,

225 1095 335 1135 Quem
361 1095 448 1128 haec
471 1095 560 1127 ferre
586 1097 721 1128 meruit.

179 1187 209 1219 Ο
235 1187 394 1225 amanda,
419 1189 530 1219 mater
554 1187 695 1226 blanda,

225 1232 467 1274 Amplexanda
493 1232 644 1269 domina,

183 1277 294 1310 Stella
320 1277 419 1316 lucis,
450 1287 539 1319 quae
564 1277 729 1309 conducis

227 1322 376 1355 Sanctae
401 1324 513 1354 crucis
538 1324 690 1365 agmina.

181 1414 330 1456 Propter
355 1413 544 1452 Christum,
571 1413 791 1446 benedictum

223 1460 292 1491 Tui
317 1459 465 1490 fructum
489 1460 588 1497 uteri,

179 1503 437 1546 Sempiternum
463 1508 497 1536 et
522 1514 709 1546 supernum

224 1550 337 1582 Nobis
360 1559 506 1592 regnum
531 1550 639 1591 aperi.

177 1641 274 1673 Bone
297 1639 358 1679 fili,
385 1639 427 1672 de
451 1639 574 1671 hostili

222 1685 432 1718 Dissimili
444 1685 576 1717 tudinis

177 1731 335 1773 Regione
359 1741 423 1762 nos
447 1741 592 1773 expone,

223 1776 294 1808 Fili
318 1777 432 1809 bonae
457 1777 618 1818 virginis.

178 1865 262 1899 Tibi
286 1867 397 1910 gratis
424 1870 458 1898 et
482 1867 594 1899 beatis

225 1912 323 1944 Tuae
348 1913 469 1944 matris
495 1912 656 1954 precibus

179 1956 366 1990 Efficacem
391 1961 426 1989 et
449 1967 610 1990 veracem

226 2004 329 2035 Dona
354 2013 475 2045 pacem
500 2003 672 2035 omnibus.

185 2094 300 2126 Mater
324 2095 394 2136 pia,
419 2094 503 2132 vim,
527 2093 653 2131 Maria,

223 2139 360 2182 Frange
384 2138 628 2177 diabolicam,

181 2185 319 2217 Flectas
345 2194 484 2227 agnum,
511 2194 627 2226 regem
651 2193 825 2226 magnum,

226 2227 323 2262 Pelle
348 2240 489 2262 manum
512 2229 694 2261 hosticam.

178 2320 328 2362 Propter
352 2320 462 2359 illum,
489 2330 558 2363 quo
583 2319 752 2352 vexillum

225 2367 342 2398 Dante
366 2366 516 2409 primum
541 2365 689 2403 obtines,

180 2410 237 2443 Sis
262 2410 464 2449 conductus,
490 2411 582 2453 pelle
605 2410 733 2449 luctus,

225 2456 328 2488 Pacis
353 2456 485 2488 fructus
511 2457 672 2488 semines.

180 2541 250 2573 Fili
274 2542 341 2583 pie,
367 2542 472 2583 stirps
497 2541 644 2580 Mariae,

228 2587 302 2619 Nos
327 2587 364 2617 in
389 2586 446 2618 die
470 2586 614 2618 Domini

182 2631 357 2664 Contuere
382 2635 416 2662 et
439 2631 585 2673 dignare

228 2677 337 2718 Opem
362 2676 451 2708 ferre
475 2675 620 2708 homini.

182 2761 290 2794 Prece
314 2761 430 2800 huius,
457 2761 546 2792 inter
571 2761 672 2791 cuius

228 2807 348 2839 Infans
374 2806 464 2838 flesti
490 2804 643 2845 brachia,

184 2853 278 2884 Fove
303 2855 446 2892 stantes,
473 2850 523 2883 fer
547 2850 718 2889 labantes,

228 2896 480 2930 Discordantes
505 2896 613 2928 socia.

909 266 966 314 17.-

914 505 964 539 18.

912 732 962 766 19.

911 957 964 992 20.

909 1185 964 1219 21.

910 1411 964 1445 22.

909 1637 963 1672 23.

910 1863 964 1897 24.

913 2090 967 2124 25.

909 2316 963 2350 26.

912 2537 966 2571 27.

163 2955 189 2983 D
196 2965 212 2983 r
220 2964 237 2983 e
244 2964 264 2982 v
273 2964 290 2983 e
298 2964 313 2982 s
322 2977 330 2990 ‚
355 2953 561 2983 Lateinische
582 2953 865 2988 Hymnendicbter
902 2953 946 2981 11.

997 282 1109 314 Mater
1133 281 1240 321 clara,
1267 282 1340 314 Deo
1365 291 1447 314 cara

1043 328 1160 359 Incom
1172 338 1191 369 p
1203 337 1223 358 a
1235 337 1279 359 ra
1292 328 1418 366 biliter,

998 373 1151 410 Cunctis,
1177 374 1237 414 qui
1263 376 1295 404 te
1321 372 1442 404 colunt
1468 373 1547 412 rite,

1042 419 1142 449 Bona
1166 419 1263 449 mitte
1291 419 1428 459 iugiter.

1001 509 1122 545 Mater,
1149 511 1269 547 mater,
1297 508 1387 539 bona
1412 512 1531 546 mater,

1047 554 1156 584 Immo
1182 557 1292 585 mater
1317 555 1460 595 optima,

1003 599 1185 631 Universis
1213 603 1245 630 te.
1271 599 1436 640 professis

1047 645 1160 675 Mater
1184 645 1274 675 assis
1300 645 1467 685 proxima.

1001 734 1068 765 Fili
1096 736 1216 766 matris
1242 735 1396 775 pietatis,

1045 780 1216 821 Splendor
1242 781 1348 821 pavris
1374 779 1555 818 luminum,

1001 825 1079 856 Dux
1104 825 1284 863 bonorum,
1312 825 1411 857 salva
1436 825 1579 857 chorum

1045 870 1214 901 Filiorum
1243 870 1431 902 hominum.

1002 960 1110 992 Prece
1136 961 1257 992 matris
1283 960 1379 992 solve
1405 961 1516 1002 gratis

1047 1005 1241 1037 Vetustatis
1266 1004 1356 1037 filios

1001 1051 1119 1093 Vagos
1146 1050 1261 1090 funda,
1289 1050 1405 1093 lapsos
1431 1050 1559 1082 munda

1047 1096 1095 1127 Et
1119 1096 1294 1128 circumda
1320 1097 1467 1127 sobrios.

1000 1187 1113 1219 Mater
1139 1188 1230 1219 bona
1255 1191 1289 1219 et
1313 1197 1473 1229 persona,

1047 1233 1190 1264 Cunctis
1215 1232 1307 1264 dona
1331 1232 1508 1275 gaudium,

1000 1278 1186 1320 Adoptatis
1212 1282 1245 1310 et
1271 1279 1400 1310 renatis

1046 1323 1163 1355 Pande
1188 1325 1309 1355 matris
1334 1324 1514 1366 gremium.

1000 1413 1115 1445 Mater
1139 1417 1269 1452 nostra,
1297 1417 1442 1445 matrem
1468 1415 1634 1452 monstra,

1048 1456 1121 1490 Nos
1145 1468 1165 1490 a
1190 1459 1303 1501 culpis
1329 1461 1442 1500 expia,

1002 1504 1049 1535 Et
1074 1507 1216 1545 peccato
1243 1505 1447 1546 propulsato

1048 1550 1157 1581 Natos
1187 1553 1270 1581 nato
1297 1551 1403 1582 socia.

1001 1641 1097 1672 Bone
1122 1639 1183 1678 fili,
1209 1641 1258 1671 sis
1287 1641 1373 1672 ovili

1047 1685 1311 1724 Reconciliatio,

1002 1731 1058 1762 Da
1082 1730 1216 1762 felicem
1241 1733 1451 1773 genetricem

1047 1776 1152 1817 Gregi
1177 1775 1298 1827 ducem
1325 1778 1477 1819 proprio.

1000 1866 1069 1897 Illa
1092 1870 1204 1898 mater
1229 1870 1290 1906 est,
1316 1870 1354 1899 tu
1379 1867 1495 1906 frater,

1047 1911 1197 1953 Magnus
1224 1922 1328 1953 super
1353 1913 1454 1951 alios,

1002 1956 1087 1988 Fide
1112 1956 1210 1988 firma
1235 1960 1273 1989 tu
1297 1956 1465 1990 confirma

1046 2003 1198 2041 Fratres,
1223 2002 1287 2034 illa
1310 2002 1414 2035 filios.

1002 2093 1103 2124 Bona
1128 2096 1238 2124 mater
1262 2097 1296 2125 et
1321 2097 1359 2124 tu
1384 2093 1501 2133 frater,

1050 2139 1145 2169 Bone
1170 2141 1289 2170 noster
1312 2139 1474 2178 Domine,

1003 2183 1058 2214 Tu
1082 2183 1206 2221 Maria,
1232 2187 1270 2215 tu
1294 2183 1438 2222 Messia,

1048 2229 1138 2260 Nate
1163 2229 1223 2270 pia
1246 2229 1394 2271 virgine,

1001 2318 1113 2350 Ambo
1141 2319 1252 2356 mites,
1280 2319 1382 2351 ambo
1408 2319 1496 2352 dites

1046 2364 1087 2395 In
1112 2364 1362 2403 misericordia,

1001 2409 1155 2441 Caritate
1181 2419 1244 2441 nos
1267 2409 1386 2451 ligate,

1046 2455 1157 2486 Nobis
1182 2454 1261 2486 date
1289 2455 1429 2497 gaudia.

1004 2539 1104 2578 Quod
1131 2539 1270 2577 iubetis,
1297 2539 1330 2571 id
1356 2540 1492 2572 donetis

1048 2584 1153 2616 Malis
1179 2585 1305 2626 spretis
1330 2595 1445 2626 agere,

1004 2629 1104 2669 Quod
1131 2631 1267 2668 amatis,
1294 2631 1456 2662 tribuatis

1054 2675 1154 2706 Vivis
1179 2675 1280 2706 factis
1309 2676 1432 2708 colere.

1003 2760 1099 2792 Bone
1127 2759 1243 2797 frater,
1270 2760 1362 2792 bona
1389 2764 1511 2800 mater,

1046 2805 1157 2837 Ambo
1183 2815 1318 2847 semper
1343 2805 1485 2847 placidi,

1001 2850 1169 2882 Amovete
1195 2854 1230 2882 et
1254 2854 1368 2883 arcete

1048 2895 1202 2928 Fraudes
1227 2895 1338 2928 hostis
1365 2895 1498 2938 perfidi.

1415 2949 1455 2984 31
