1914 3223
721 196 1014 237 —305—

172 310 213 341 Iu
240 309 267 338 B
284 308 354 340 und
372 309 398 340 C
424 308 509 340 wird
533 308 594 340 der
611 308 771 350 Hymnus
794 296 995 342 bezeichnet
1021 311 1073 342 als
1101 305 1291 351 „Leonis
1318 311 1501 353 papae“,
1529 314 1646 344 woinit

81 364 147 386 nur
171 354 243 386 Leo
272 355 333 386 IX.
357 355 510 395 gemeint
534 355 610 385 sein
635 353 741 392 kann,
768 365 810 386 zu
835 355 958 387 dessen
984 356 1113 388 Metrik
1138 357 1199 389 der
1222 358 1391 398 Hymnus,
1419 367 1456 388 so
1474 359 1539 390 wie
1557 359 1645 391 ABG

81 399 143 431 ihu
168 399 294 436 bieten,
321 400 461 430 stimmt.

510 399 593 430 Man
619 400 774 431 erinuert
797 400 871 431 sich
897 401 1097 442 angesichts
1123 402 1184 434 der
1209 402 1356 441 Quellen
1382 403 1643 434 unwillkiirlicli

81 455 124 477 an
150 444 214 477 den
240 444 512 485 unfreiwilligen
537 444 742 476 Aufeutlialt
765 445 878 477 dieses
897 446 1042 487 I'apstes
1068 448 1104 478 in
1125 449 1309 484 lienevent.
1337 458 1389 479 wo
1415 459 1452 480 er
1476 448 1564 480 auch
1581 449 1643 480 das

80 489 378 522 Weihnaehtsfest
406 487 490 521 1053
517 489 655 530 feierte,
689 489 751 521 das
777 490 958 522 vielleicht
981 502 1023 523 zu
1049 491 1177 524 diesem
1205 494 1366 533 Hymnus
1391 493 1513 524 Anlass
1539 494 1642 526 ward.

80 535 158 578 vgi.
189 535 287 567 Ana1.
315 535 447 572 xxm,
477 532 526 567 13.

450 667 532 704 238.
567 667 625 711 (3.)
658 667 844 705 Rithmus
868 678 998 714 papae
1026 670 1170 706 Leonis
1198 671 1270 706 lx.

95 765 130 803 1.
163 764 192 801 Ο
225 768 336 810 pater
367 762 470 799 Deus
501 766 668 810 aeterne,

223 822 270 858 de
301 819 428 868 caelis,
461 818 656 863 altissime,

161 877 323 924 Respice
353 876 538 912 iacentem
571 875 698 911 multis

219 932 453 980 perforatum
486 931 631 977 iaculis,

160 989 398 1038 Singultibus
428 990 467 1025 in
498 988 676 1025 extremis

216 1047 469 1094 suspirantem
500 1044 656 1082 ultimis.

89 1139 126 1178 2.
159 1139 298 1175 Invoco
328 1140 377 1186 te,
411 1136 498 1173 Iesu
529 1134 691 1181 Christe,

213 1193 267 1230 fili
301 1193 421 1240 patris
452 1192 575 1232 unice.

159 1251 228 1290 Cui
260 1249 608 1297 consubstantialis,

216 1307 358 1344 deitate
381 1306 536 1351 similis,

155 1365 303 1403 Pietate
334 1362 458 1400 factus
492 1364 599 1399 homo
640 1351 653 1363 ‘

212 1421 370 1467 virginis
402 1420 448 1456 ab
481 1425 599 1457 uter0.

85 1515 122 1552 3.
154 1512 392 1550 Advocatum
425 1515 462 1547 te
493 1510 663 1559 subnixe,

213 1568 376 1615 Spiritus
408 1567 604 1614 paraclite,

153 1626 430 1663 Procedentem
463 1624 509 1660 ab
541 1629 714 1670 utroque,

207 1681 350 1729 flagito,
383 1681 631 1725 sanctissime,

157 1741 232 1777 Per
262 1744 299 1775 te
330 1744 476 1784 patrem
508 1736 700 1783 filiumque

212 1796 362 1833 credam
395 1795 496 1832 omni
527 1799 712 1840 tempore.

84 1891 121 1927 4.
154 1889 262 1927 Unus
297 1897 335 1923 es
366 1887 404 1922 in
433 1885 617 1931 trinitate,

208 1945 330 1981 trinus
360 1953 456 1979 unus
487 1942 658 1990 Domine,

151 2002 378 2038 Fabricator
408 1999 637 2045 sempiterne

209 2057 344 2108 {trinae
374 2056 504 2092 mundi
535 2051 761 2105 machinae]‚

150 2115 314 2162 Lapsum
347 2114 458 2150 stude
488 2111 712 2160 reformare,

208 2176 439 2219 prostratum
472 2170 631 2215 erigere.

78 2264 114 2301 5.
147 2262 242 2311 Hesi,
273 2262 388 2298 miser
418 2272 487 2307 per
517 2263 714 2306 peccatum

203 2319 344 2356 attraxi
377 2318 585 2363 exordium,

148 2376 191 2412 ln
223 2376 501 2421 peccatissum
534 2377 737 2419 conceptus

202 2437 401 2479 parentum
435 2430 654 2476 sceleribus,

147 2489 247 2526 Huic
277 2493 387 2525 natus
418 2489 624 2535 luctuosae,

200 2546 295 2592 proli
329 2545 450 2590 dolor,
484 2543 672 2580 miseriae.

79 2636 114 2674 6.
146 2636 207 2674 Ex
235 2647 307 2683 quo
338 2640 448 2672 natus
479 2635 597 2671 visum
630 2634 726 2683 cepi,

202 2693 371 2730 auditum
404 2691 562 2737 obtinui,

146 2749 318 2796 Tactum,
352 2758 512 2797 gustum,
545 2747 743 2783 odoratum

201 2816 224 2843 a
253 2811 304 2854 te,
337 2805 460 2843 factor
488 2804 665 2849 omnium,

144 2861 300 2899 Talibus
333 2863 475 2899 ditatus
507 2860 625 2909 donis,

198 2919 325 2955 studui
357 2919 548 2956 lasciviae.

126 2986 149 3011 Ι)
158 2994 172 3011 r
181 2995 196 3013 e
205 2995 225 3012 v
234 2996 249 3013 e
258 2996 288 3019 s,
316 2986 520 3014 Lateinische
547 2986 838 3019 Hymnendichter.

941 763 977 801 7.
1010 762 1238 800 Beneficium
1272 766 1418 814 accepi,

1066 830 1139 857 non
1168 830 1338 869 servans,
1371 829 1409 858 ut
1444 822 1568 865 debui,

1006 876 1083 914 Sed
1113 887 1292 923 perverse
1326 878 1540 916 errabunda

1062 933 1252 970 destruxit
1283 932 1450 983 infamia,
1611 972 1614 975 Α

1003 990 1108 1037 Quod
1140 990 1189 1027 ad
1222 990 1356 1027 bonum
1391 993 1517 1028 datum
1551 991 1639 1039 fuit,

1059 1047 1097 1083 in
1128 1047 1266 1083 malum
1298 1058 1338 1084 se
1370 1050 1540 1089 contulit.

935 1137 972 1176 8.
1005 1136 1142 1183 Sicque
1173 1139 1378 1175 crescendo
1401 1139 1636 1191 decrescens,

1062 1194 1179 1230 multa
1210 1194 1309 1231 mala
1340 1206 1538 1242 peragens,

1003 1250 1107 1296 Quae
1137 1261 1196 1286 me
1227 1251 1330 1288 vexit
1357 1256 1433 1288 tum
1456 1264 1636 1299 perversa

1058 1307 1224 1354 gravitas
1255 1307 1429 1356 infantia,

1000 1364 1109 1402 Hanc
1142 1369 1227 1410 post
1258 1365 1330 1401 sibi
1363 1365 1567 1403 effraenata

1059 1422 1157 1467 capit
1191 1421 1367 1467 pueritia.

929 1511 966 1548 9.
997 1511 1236 1549 Adulescens
1268 1514 1488 1559 perpetravi

1055 1569 1167 1614 mala,
1199 1579 1368 1615 quaeque
1398 1570 1514 1620 potui,

1003 1624 1152 1667 Verbis,
1187 1624 1310 1674 factis,
1344 1631 1443 1663 totus
1475 1625 1608 1664 foedus

1060 1682 1365 1731 cogitationibus,

1001 1737 1104 1775 Vitia
1135 1739 1190 1775 sic
1221 1750 1302 1776 sum
1334 1740 1501 1776 lucratus

1057 1796 1172 1832 miser
1203 1796 1519 1842 pro-virtutibus,

900 1885 963 1925 10.
998 1886 1197 1923 Iuventute
1228 1887 1301 1923 iam
1334 1887 1561 1923 constrictus

1052 1944 1215 1988 patratis
1246 1943 1451 1980 sceleribus

997 1998 1200 2036 catenatus
1232 2011 1314 2036 sum
1345 2000 1522 2036 inductus

1053 2066 1183 2093 servus
1217 2064 1256 2092 ut
1288 2057 1482 2101 emptitius

996 2112 1148 2159 Volens,
1181 2114 1311 2149 nolens
1341 2123 1410 2159 per
1442 2113 1592 2150 diversa

1053 2176 1179 2206 reatus
1213 2169 1394 2206 facinora.

897 2260 960 2298 11.
993 2260 1106 2300 Unde
1137 2271 1272 2307 magna
1303 2271 1385 2296 cum
1410 2261 1562 2308 virtute,

1051 2317 1134 2366 heu,
1168 2318 1275 2364 coepi
1309 2317 1482 2364 deficere,

991 2375 1136 2411 Amans
1158 2375 1310 2418 malum,
1342 2374 1462 2410 vitans
1486 2373 1622 2411 bonum

1051 2431 1302 2476 deserensque
1333 2431 1528 2477 optimum,

991 2488 1176 2533 Mensque
1208 2487 1279 2523 fuit.
1310 2488 1455 2523 ruitura

1046 2554 1116 2590 per
1145 2554 1313 2590 quaeque
1343 2541 1498 2590 flagitia.

898 2636 963 2674 12.
994 2636 1075 2672 Iam
1106 2639 1196 2670 tunc
1227 2633 1530 2680 coepi-cogitare

1050 2691 1201 2727 saeculo
1232 2701 1291 2726 me
1323 2691 1475 2726 tradere

993 2748 1186 2785 Delectari
1219 2752 1331 2793 atque
1363 2748 1441 2783 eius

1048 2803 1361 2841 oblectationibus

991 2861 1167 2898 Adversa
1197 2870 1265 2896 nec
1295 2860 1375 2896 ulla
1404 2860 1551 2907 timens,

1047 2917 1205 2953 salutem
1238 2917 1463 2963 despiciens.

875 2986 919 3014 11.
1373 2980 1416 3014 20
