1914 3223
167 256 202 295 7.

129 1969 194 2009 11.

131 2572 193 2611 12.

749 162 797 167 -
860 138 940 179 387

234 255 400 299 Favum,
430 263 538 301 quem
571 251 662 290 fecit
691 252 855 291 humana

233 311 344 358 Apis,
374 314 495 348 mater
525 320 607 346 mea
637 320 742 358 sana,

290 367 351 405 Ad
382 378 476 413 opus
506 366 703 404 suavitatis

234 425 384 461 Intrans
416 435 482 460 sua
513 422 750 460 surburbana

232 481 282 518 Et
313 481 472 516 induens
504 488 561 515 me
592 478 810 516 membrana

291 539 519 584 Assumptae
551 535 791 573 humanitatis

238 591 336 630 Cum
367 605 448 629 mco
482 592 690 629 divinitatis

231 649 349 686 Melle
376 649 574 697 commodi,
608 659 688 685 cum
721 648 839 696 gratis

292 706 416 752 Ipsam
451 705 617 752 disparia
650 716 767 752 grana

236 760 346 798 Nexu
373 762 475 800 iunxi
506 762 662 799 unitatis

235 819 348 855 quta
378 823 523 864 gustum
557 819 759 856 voluntatis

292 874 541 912 Liberalitute
573 877 698 921 plana.

232 1022 375 1059 Vinum
408 1032 529 1058 »ceram
564 1021 638 1058 bebi
671 1021 780 1058 datus

230 1079 362 1125 Morti,
393 1090 467 1115 non
498 1078 569 1114 hoc
600 1078 684 1125 plus
707 1082 860 1124 potatus

286 1135 374 1172 Mea
405 1145 497 1172 cena
528 1138 799 1184 consummata,

227 1193 262 1229 A
294 1197 414 1228 matre
444 1196 534 1229 tunc
565 1198 763 1237 separatus

226 1249 343 1286 Recte
375 1248 428 1285 fui
461 1248 674 1285 ablactatus

283 1307 446 1352 Ipsaque
477 1303 549 1341 fuit
580 1304 708 1341 ablata

227 1362 324 1400 Cum
355 1362 450 1399 lacte
478 1372 583 1403 meo,
621 1361 722 1407 quod
753 1364 862 1407 grata

227 1418 390 1457 Solebat*
414 1419 505 1455 dare
535 1418 659 1455 locata

283 1478 407 1522 Atque
428 1478 532 1512 stans
552 1475 600 1512 ad
622 1484 743 1510 meum
759 1473 858 1511 latus

227 1532 297 1574 Ita,
329 1532 442 1578 quod,
475 1542 558 1568 eum
591 1531 744 1568 viduata

226 1588 315 1641 Fuit
345 1589 400 1625 sic
432 1593 469 1625 et
499 1592 746 1637 sequestrata,

282 1644 353 1682 Fui
384 1655 531 1692 quoque
562 1644 751 1683 viduatus,

981 253 1018 291 9.
1050 251 1181 290 Amici
1211 252 1298 296 mei,
1333 252 1467 301 venite,

946 1022 1011 1059 10.

1049 309 1195 355 Corpus
1227 319 1346 345 meum
1378 308 1573 356 romedite,

1104 365 1285 411 Quoniam
1326 376 1406 401 suni
1440 375 1527 401 vere
1559 364 1679 411 cibus,

1046 422 1271 468 Sanguinem
1303 432 1423 458 meum
1457 420 1581 469 bibite,

1047 477 1307 514 Inebriamim·
1337 478 1419 526 rite,

1106 534 1258 571 Cunctis
1290 535 1378 571 licet
1410 533 1607 582 titlelibus3

1049 590 1256 628 Car'z'ssimz'
1288 602 1379 637 prae
1410 590 1582 628 omnibus

1047 647 1152 684 Estis
1182 648 1273 684 mihi
1304 648 1529 693 hominibuS,

1105 703 1143 741 Si
1176 715 1234 740 me
1265 705 1421 741 sumatis
1453 705 1556 740 licite

1047 760 1262 798 Purificatis
1295 761 1481 797 mentibus

1048 817 1097 854 Et
1129 817 1209 853 eius
1241 818 1385 854 eunctis
1416 817 1593 854 sordibus

1105 874 1249 910 Eiectis
1280 884 1344 910 ore
1377 874 1516 911 debite.

1043 1019 1132 1068 Egyo
1165 1021 1313 1058 dormio
1346 1021 1466 1069 oculo,

1043 1077 1134 1114 Cum
1167 1082 1322 1124 peccata
1355 1077 1551 1114 dissimulo

1100 1134 1319 1171 Differendo
1348 1135 1597 1182 sententiam3

1041 1191 1227 1238 Deceptio
1259 1192 1295 1227 in
1331 1191 1470 1238 populo

1045 1248 1126 1295 Est,
1159 1248 1190 1284 si
1222 1248 1379 1284 credant
1413 1247 1635 1294 crepusculo

1102 1305 1228 1342 Meam
1260 1305 1335 1351 tegi
1365 1305 1559 1352 notitiam3

1046 1362 1122 1399 Cor
1151 1372 1276 1398 meum
1313 1361 1548 1407 diligentiam

1042 1411 1239 1454 Exhibens
1271 1429 1339 1464 per
1369 1417 1622 1464 praesentiam

1097 1474 1140 1511 In
1172 1485 1391 1521 quocunque
1421 1475 1580 1511 latibulo

1045 1530 1202 1579 Viqilat,
1234 1531 1379 1567 habens
1410 1531 1579 1577 perviam

1041 1588 1346 1634 Qualemeunque
1378 1587 1560 1624 malitiam

1097 1645 1360 1691 Perpetratam
1391 1645 1429 1681 in
1461 1644 1624 1684 saeculo.

627 1849 778 1896 Virgo
819 1848 879 1886 ad
917 1849 1167 1895 populum.

226 1968 366 2006 Dilecti
395 1967 471 2004 mei
494 1967 694 2015 pulsantis

231 2025 312 2063 Vox
341 2025 464 2072 angeli
495 2017 702 2061 nuntiantis

282 2082 433 2119 Certum
466 2080 536 2118 fuit
566 2081 760 2127 indicium,

226 2138 322 2175 Nam
362 2138 557 2184 proprium
594 2143 652 2176 est
681 2137 854 2187 amantis,

224 2195 287 2232 Ad
317 2195 474 2231 amicam
507 2195 763 2241 properantis,

282 2252 391 2290 Prius
422 2252 573 2288 mittere
603 2252 788 2289 nuntium.

1043 1967 1176 2004 Nuntii
1207 1977 1354 2014 quoque
1385 1967 1583 2014 proprium

1042 2023 1124 2073 Est,
1156 2024 1340 2061 mittentis
1371 2024 1561 2070 negotium

1099 2080 1243 2118 Facere
1274 2085 1312 2116 et
1344 2080 1583 2129 dominantis,

1042 2138 1150 2182 Quod
1183 2137 1299 2174 totale
1330 2135 1496 2174 officium

1040 2193 1151 2230 Fecit
1181 2194 1333 2231 salubre
1365 2194 1531 2230 studium

1096 2251 1233 2298 Angeli
1265 2262 1323 2287 me
1349 2251 1584 2288 salutantis..

630 2454 797 2492 Filius
833 2455 893 2492 ad
932 2459 1148 2492 matrem.

226 2574 342 2611 Soror
372 2584 470 2619 mea,
504 2584 602 2610 nunc
631 2573 740 2620 aperi

224 2629 320 2667 Mihi
352 2641 493 2678 aurem,
526 2641 610 2666 nam
642 2630 796 2676 repperi

283 2686 405 2724 Unum
436 2698 571 2724 novum
603 2686 823 2735 remedium,

227 2743 305 2789 Quo
335 2743 583 2780 salvabuntur
614 2743 741 2779 miseri

228 2799 278 2836 Et
308 2805 547 2836 succurretur
578 2799 738 2846 pauperi

284 2855 383 2892 Dato
413 2856 451 2893 in
482 2867 594 2893 manu
625 2855 800 2902 hostium,

1042 2572 1181 2610 Amica
1214 2584 1310 2612 mea,
1345 2573 1539 2620 proprium

1042 2630 1164 2666 Huius
1196 2630 1251 2666 rei
1281 2630 1469 2676 negotium

1099 2687 1180 2735 Est,
1214 2686 1313 2732 quod
1346 2686 1430 2723 volo
1462 2691 1497 2722 te
1529 2685 1611 2722 fieri

1041 2743 1307 2780 Mediatricem
1338 2742 1501 2779 omnium

1043 2800 1093 2836 Et
1123 2799 1223 2845 quod
1255 2809 1324 2847 me,
1361 2799 1430 2835 Dei
1462 2799 1592 2845 filium,

1099 2857 1142 2893 In
1175 2866 1263 2893 arca
1295 2860 1422 2902 portes
1454 2856 1563 2894 uteri.

1400 2919 1472 2951 ἢῆ*

1402 2941 1429 2952 a·
