2031 3289
926 181 1237 222 —294—

322 300 360 336 5.
391 299 484 341 Iam,
517 301 776 344 protomartyr
806 296 1010 345 Stephane,
1141 297 1177 336 7.
1212 296 1362 342 Vosque
1391 295 1518 332 iuncto
1549 295 1770 344 Nicodemo,

392 355 531 391 Preces
563 353 718 391 devotas
749 353 893 401 accipe,
1209 351 1395 389 Gamaliel
1426 356 1465 388 et
1493 351 1659 399 Abibon,

392 410 535 455 Quibus
566 420 636 456 per
666 414 704 446 te
735 421 802 446 nos
828 418 1054 455 quaesumus
1209 409 1283 445 Pro
1311 409 1392 445 sine
1424 407 1497 444 fine
1526 409 1745 446 excessibus

391 465 473 503 Deo
504 466 648 512 placari
680 465 849 504 caelitus.
1209 464 1342 501 Finem
1373 475 1446 501 non
1478 465 1565 501 date
1594 465 1785 511 precibus.

322 569 359 606 6.
392 568 509 613 Quem
539 578 610 613 pro
641 566 949 614 persecutoribus
1140 566 1176 604 8.
1209 565 1291 602 Deo
1321 566 1422 612 patri
1455 565 1504 602 sit
1531 566 1652 612 gloria

391 623 635 661 Exaudiebat
665 623 862 672 Dominus,
1208 622 1376 668 Eiusque
1407 621 1478 657 soli
1506 622 1583 659 filio

390 680 443 717 Et
472 691 542 726 pro
573 680 649 716 tuis
679 679 916 728 supplicibus
1213 677 1307 715 Cum
1337 678 1476 724 spiritu
1505 678 1694 724 paraclito

391 736 587 773 Exaudiet
615 736 818 783 propitius
1206 734 1257 771 Et
1287 744 1387 771 nunc
1417 739 1452 770 et
1483 734 1522 771 in
1552 740 1790 781 perpetuum.

398 836 540 867 Collect.
573 846 636 867 ms.
667 836 1031 868 Benedictoburanum
1064 845 1153 866 saec.
1191 831 1276 866 ¹¹l12.
1308 833 1396 864 Clm.
1420 835 1602 865 Monacen.
1635 832 1735 866 4608.
1760 836 1801 867 A.
1827 853 1870 858 --

307 882 407 913 Brev.
441 892 503 912 ms.
537 881 572 913 S.
605 879 748 923 Georgii
780 883 915 922 Pragen
959 891 1049 912 saec.
1085 878 1134 911 14.
1167 881 1213 911 in.
1263 879 1345 911 Cod.
1379 880 1527 920 Pragen.
1561 880 1577 910 I
1610 879 1639 911 G
1676 879 1727 911 17.
1762 882 1800 912 B.
1825 898 1870 902 —-

306 928 435 968 Hymn.
469 937 531 958 ms.
565 926 600 958 S.
627 926 770 967 Georgii
795 927 942 967 Pragen.
977 935 1066 957 saec.
1099 923 1151 956 14.
1177 926 1224 956 in.
1273 923 1356 956 Coti.
1381 925 1528 966 Pragen.
1554 926 1623 956 XII
1647 925 1678 956 E
1707 923 1748 956 15
1773 935 1804 957 a.
1831 926 1869 958 C.

305 988 349 993 —
374 973 502 1012 Hymn.
536 982 597 1003 ms.
632 972 665 1002 S.
698 972 833 1003 Mariae
859 966 1089 1013 Magdalenae
1115 969 1490 1011 Claustroneoburgen.
1525 971 1608 1001 anni
1640 968 1736 1002 1336.
1784 970 1868 1003 Cod.

307 1017 682 1058 Claustroneoburgen.
728 1015 822 1048 1000.
860 1018 902 1048 D.
940 1035 981 1038 —-
1019 1017 1119 1047 Brev.
1156 1026 1218 1046 ms.
1259 1014 1442 1046 Chimense
1478 1014 1520 1053 (?)
1551 1025 1641 1046 saec.
1678 1014 1728 1047 14.
1785 1016 1869 1048 Cod.

309 1062 555 1094 Vindobonen.
592 1060 689 1093 1893.
722 1062 763 1093 Ε.
796 1079 841 1082 ——
873 1062 974 1093 Brev.
1008 1071 1069 1092 mS.
1106 1061 1141 1092 S.
1175 1060 1331 1092 Floriani
1367 1070 1457 1091 saec.
1494 1058 1543 1091 14.
1577 1057 1628 1101 [et
1662 1058 1730 1102 13.]
1784 1061 1869 1093 Cod.

308 1107 466 1139 Florian.
492 1105 568 1139 384.
595 1108 632 1139 F.
664 1124 696 1128 w
718 1107 822 1139 Brev.
840 1117 902 1137 ms.
920 1107 1128 1138 Pataviense
1147 1115 1234 1137 saec.
1258 1103 1308 1136 14.
1350 1105 1433 1137 cod.
1452 1105 1660 1137 Lambaeen.
1679 1106 1870 1138 CLXXIV.

307 1153 348 1185 G.
374 1170 417 1174 —
442 1154 543 1184 Brev.
569 1163 631 1183 ms.
650 1152 1052 1193 Claustroneoburgense
1070 1161 1160 1182 saec.
1180 1149 1230 1182 14.
1274 1150 1355 1181 cod.
1375 1150 1750 1193 Claustroneoburgen.
1772 1149 1869 1183 1199.

308 1198 354 1230 H.
378 1216 422 1220 —
455 1198 554 1228 Brev.
588 1208 649 1228 ms.
677 1198 711 1230 S.
736 1198 891 1229 Floriani
918 1207 1007 1229 saec.
1037 1194 1087 1227 14.
1137 1196 1220 1228 Cod.
1247 1195 1400 1226 Florian.
1427 1196 1477 1227 XI
1501 1193 1577 1226 416.
1604 1197 1630 1227 Ι.
1656 1213 1699 1217 —
1724 1196 1869 1228 Collect.

309 1253 369 1275 ms.
396 1242 669 1283 Brigittinumff)
699 1252 788 1274 saee.
824 1242 875 1274 15.
924 1242 1007 1275 Cod.
1035 1241 1228 1273 Praedicat.
1255 1240 1499 1273 Vindobonen.
1525 1237 1599 1272 282.
1630 1242 1673 1273 Κ.
1701 1259 1739 1262 -
1767 1242 1869 1273 Brev.

308 1299 370 1320 ms.
402 1288 435 1319 S.
469 1288 588 1319 Iacobi
621 1288 790 1319 Viennen.
823 1298 914 1319 saec.
950 1287 1001 1318 15.
1051 1287 1134 1319 Cod.
1166 1285 1359 1317 Praedicat.
1391 1286 1633 1318 Vindobonen.
1667 1284 1720 1318 70.
1753 1288 1792 1318 L.
1826 1303 1870 1309 —-

307 1334 408 1365 Brev.
441 1344 503 1364 ms.
529 1334 934 1374 Claustroneoburgense
967 1342 1057 1364 saec.
1084 1330 1136 1365 15.
1184 1331 1268 1364 Cod.
1295 1331 1671 1374 Claustroneoburgen.
1699 1329 1797 1364 1189.
1821 1332 1868 1364 M.

308 1395 351 1400 —
375 1380 476 1410 Brev.
502 1383 536 1410 et
560 1380 654 1411 Orat.
682 1389 742 1409 ms.
769 1380 803 1411 S.
830 1379 986 1410 Andreae
1012 1377 1056 1409 ad
1079 1377 1238 1408 Traisam
1264 1386 1351 1408 saec.
1382 1374 1432 1407 15.
1475 1376 1560 1408 Cod.
1587 1377 1870 1419 Ducumburgen.

309 1422 362 1456 85.
395 1425 437 1455 N.
470 1441 512 1445 —
543 1425 644 1455 Brev.
679 1434 739 1454 ms.
774 1424 1022 1465 Hospitalense
1053 1433 1143 1454 saec.
1181 1420 1230 1453 15.
1289 1421 1371 1453 Coi.
1406 1422 1552 1453 Paulan.
1587 1419 1640 1453 26.
1676 1420 1705 1453 1.
1738 1420 1781 1454 25
1811 1422 1871 1462 (ol.

308 1471 419 1511 Hosp.
453 1470 576 1501 memb.
615 1467 699 1509 122).
725 1469 765 1501 O.
799 1488 841 1491 —
876 1470 974 1500 Brev.
1009 1479 1069 1499 ms.
1095 1468 1304 1499 Patavicnse
1329 1476 1419 1498 sace.
1447 1465 1498 1498 15.
1548 1466 1630 1499 Cod.
1657 1467 1870 1499 Admunten.

307 1512 386 1547 874.
419 1515 457 1546 P.
492 1534 534 1537 —
567 1515 666 1546 Brev.
692 1525 752 1545 ms.
786 1514 1189 1556 Claustroneoburgense
1221 1522 1310 1544 saec.
1339 1510 1390 1542 15.
1417 1523 1468 1543 ex.
1517 1512 1599 1544 Cod.
1626 1513 1870 1545 Claustroneo-

309 1561 452 1602 burgen.
480 1557 577 1591 1169.
605 1561 645 1599 Q.

400 1605 490 1637 ABC
516 1605 630 1636 haben
655 1615 720 1636 nur
743 1605 799 1635 die
817 1604 884 1635 Str.
913 1602 941 1641 1,
966 1601 996 1640 5,
1023 1602 1054 1634 7.
1083 1620 1122 1625 -—
1144 1601 1171 1640 l,
1192 1601 1208 1634 1
1229 1604 1333 1640 Deus,
1359 1606 1496 1634 tuorum
1517 1602 1668 1640 domine,
1691 1603 1868 1643 HKLMQ.

309 1669 354 1672 ——
382 1650 410 1688 1,
435 1649 457 1681 4
482 1650 616 1681 Exaudi
642 1660 781 1681 carmen
806 1650 848 1680 K.
873 1667 917 1671 —
942 1647 972 1685 ⁸2,
999 1646 1019 1679 3
1043 1650 1084 1680 In
1109 1652 1230 1679 ventre
1255 1652 1507 1688 protomartyre
1534 1649 1575 1679 D.
1607 1665 1635 1669 —
1653 1646 1685 1686 3,
1710 1647 1733 1679 4
1751 1649 1871 1680 Nostri

309 1697 378 1728 dux
410 1697 483 1728 KL.
510 1713 554 1717 —
584 1694 615 1733 4,
652 1695 666 1727 1
699 1696 894 1727 Coronatur
926 1695 975 1733 K,
1008 1696 1140 1735 primus
1174 1693 1257 1724 fehlt
1282 1694 1323 1724 N.
1351 1710 1393 1714 —
1419 1692 1449 1731 5,
1478 1691 1493 1724 1
1520 1694 1608 1724 Nam
1636 1697 1870 1734 protomartyr

311 1744 353 1782 C3
378 1742 480 1773 Nunc
505 1744 737 1782 protomartyr
762 1740 829 1772 BC.
856 1757 901 1760 —
929 1738 959 1776 5,
987 1738 1008 1770 4
1032 1740 1107 1770 Deo
1134 1738 1270 1780 placere
1295 1739 1368 1770 LN.
1396 1756 1440 1760 -—
1465 1737 1495 1776 7,
1526 1737 1540 1769 1
1568 1739 1708 1780 Vosque
1734 1749 1801 1780 que
1827 1740 1868 1770 K.

310 1804 353 1809 —-
387 1786 417 1824 7,
443 1784 464 1817 2
494 1787 633 1818 Abiban
658 1787 700 1818 K.
725 1803 769 1807 ——
794 1784 824 1821 7,
850 1782 870 1816 3
895 1785 962 1816 Pro
988 1784 1055 1815 fine
1081 1785 1155 1815 sine
1181 1784 1246 1815 BC.
1274 1801 1314 1805 —
1340 1782 1370 1821 7,
1396 1781 1418 1814 4
1443 1784 1563 1815 Finem
1588 1785 1689 1815 nobis
1715 1784 1794 1816 date
1819 1784 1867 1821 K;

309 1833 388 1864 Non
412 1832 491 1863 date
515 1831 618 1863 finem
639 1832 680 1863 N.
705 1848 749 1852 —-
774 1831 845 1862 Der
862 1832 1021 1871 Hymnus
1046 1831 1092 1860 ist
1115 1829 1176 1861 der
1201 1830 1334 1870 eiuzige
1358 1833 1459 1860 unter
1483 1829 1549 1860 den
1574 1829 1683 1866 seehs,
1709 1829 1770 1861 der
1795 1829 1870 1861 sich

310 1879 357 1909 im
385 1877 598 1919 gedruckten
622 1876 837 1908 Eiehstatter
861 1876 1005 1907 Brevier
1029 1875 1126 1905 nicht
1150 1874 1264 1905 findet.

740 2055 823 2090 227.
859 2054 916 2097 (5.)
950 2054 1008 2089 De
1034 2053 1176 2089 sancto
1203 2052 1440 2088 Laurentio.

333 2166 368 2202 1,
402 2161 640 2198 Conscendat
671 2171 789 2206 usque
819 2159 946 2196 sidera
1145 2159 1181 2197 3.
1214 2158 1283 2203 Qui
1315 2158 1503 2204 superatis
1533 2157 1683 2204 ignibus

400 2218 579 2264 Caelique
609 2217 734 2264 pulset
764 2217 895 2253 intima
1213 2215 1263 2251 Et
1294 2214 1419 2261 impiis
1450 2213 1669 2257 tortoribus.

399 2275 482 2312 Vox
513 2280 626 2320 atque
657 2277 788 2310 cantus
819 2272 982 2310 omnium
1216 2271 1384 2308 Devictis
1415 2271 1538 2307 saevis
1569 2270 1739 2307 hostibus
1838 2315 1842 2318 γ

400 2332 454 2368 Te
485 2330 606 2367 Deum
636 2329 944 2367 collaudantium.
1216 2327 1325 2364 Nunc
1355 2327 1494 2374 gaudet
1524 2327 1562 2363 in
1593 2327 1832 2365 caelestibus.

331 2446 368 2483 2.
401 2443 525 2480 Adest
556 2453 715 2489 namque
747 2441 934 2478 festivitas
1145 2442 1182 2478 4.
1217 2442 1304 2486 lpse
1337 2440 1512 2486 dignetur
1542 2439 1742 2477 Dominum

399 2500 451 2536 Et
481 2500 562 2536 dies
593 2499 834 2546 venerabilis,
1217 2497 1361 2544 Rogare
1391 2496 1734 2542 clementissimum,

402 2557 446 2593 In
477 2567 550 2603 quo
583 2556 726 2593 caelum
758 2566 827 2602 pro
858 2554 1001 2591 meritis
1214 2555 1266 2592 Ut
1296 2553 1343 2590 ab
1375 2553 1539 2589 aeternis
1569 2553 1719 2599 ignibus

402 2612 631 2650 Laurentius
661 2612 853 2659 ingressus
884 2615 952 2649 est.
1213 2609 1292 2647 Nos
1323 2610 1445 2646 salvet
1475 2614 1511 2646 et
1544 2608 1801 2646 daemonibus,

702 2728 739 2763 5.
788 2725 868 2762 Deo
899 2723 999 2770 patri
1031 2723 1079 2759 sit
1110 2722 1231 2768 gloria

792 2781 958 2827 Eiusque
989 2779 1058 2816 soli
1090 2778 1167 2816 filio

791 2838 881 2875 Cum
912 2836 1050 2883 spiritu
1082 2835 1266 2881 paraclito

788 2894 838 2931 Et
869 2903 968 2930 nunc
998 2896 1036 2928 et
1066 2893 1102 2929 in
1135 2896 1370 2938 perpetuum,
