1914 3223
182 247 219 282 5.
255 243 392 281 Sancte
425 245 536 282 Petre
566 254 610 282 ac
642 244 759 282 Paule

256 300 464 347 Cunetique
495 301 672 348 apostoli,

253 357 331 393 Vos
362 362 467 394 orate
499 368 568 404 pro
598 358 736 395 vestris

253 413 482 451 Christianis
513 414 675 461 populis,

181 526 218 561 ὅ.
253 521 375 558 Iuncti
402 525 533 559 sancto
565 520 759 567 Stephano

251 577 428 615 Universi
458 581 659 624 martyres,

253 634 386 671 Estote
417 634 557 671 auxilio

252 691 396 737 Populo
428 691 626 728 catholico.

187 817 217 838 ι.
254 800 391 837 Sancte
423 798 544 848 Galle,
578 808 769 843 succurre,

252 856 389 893 Sancte
419 856 603 902 Ottmare,
636 854 806 901 subveni,

252 913 332 949 Nos
364 923 447 949 cum
480 910 760 949 confessoribus

249 969 479 1006 Adiuvando
510 968 700 1015 precibus.

180 1078 217 1114 8.
251 1077 280 1114 Ο
311 1082 458 1123 martyr
489 1076 672 1113 Felicitas

251 1133 396 1172 Cohors
427 1137 539 1180 atque
571 1133 771 1181 virginum,

251 1190 448 1227 Postulate
478 1200 547 1236 pro
577 1190 685 1227 nobis

249 1247 464 1290 Maiestatis
496 1246 712 1285 Dominum.

184 1357 220 1393 9.
253 1355 392 1393 Omnes
423 1354 546 1391 sancti
578 1355 742 1401 Domini,

251 1411 389 1459 Angeli
417 1416 453 1448 et
484 1411 664 1460 homines,

250 1469 327 1506 Vos
357 1469 405 1505 ad
438 1478 548 1505 aures
581 1468 729 1505 divinas

250 1527 366 1563 Ferte
396 1535 529 1572 preces
560 1525 726 1564 sedulas.

255 1627 306 1666 Ut
337 1627 445 1664 nobis
475 1627 649 1664 remissio

252 1685 499 1721 Peccatorum
531 1685 705 1730 donetur,

252 1741 363 1778 Aeris
393 1740 598 1788 temperies

250 1798 465 1844 Terraeque
497 1796 689 1836 fertilitas,

156 1629 219 1665 10.

157 1901 222 1938 11.
255 1900 392 1936 Pacem
426 1900 534 1937 nobis
565 1900 741 1947 imploret

252 1957 387 1994 Vestra
417 1956 653 2006 intercessio,

251 2013 461 2050 Sanitatem
495 2024 694 2061 corporum

250 2070 299 2106 Et
332 2080 498 2116 perenne
529 2071 720 2117 gaudium.

880 131 959 172 247

976 247 1040 287 12.

975 523 1040 561 13.

974 800 1038 838 14.

978 1079 1042 1116 15.

976 1356 1040 1394 16.

977 1628 1039 1667 17.

976 1902 1039 1940 18.

1072 245 1123 284 Ut
1155 244 1291 283 famem
1324 250 1361 283 et
1390 246 1512 284 morbi
1545 248 1616 284 vim

1071 296 1260 340 Amovere
1292 303 1469 350 dignetur

1071 359 1320 406 Omnipotens
1352 359 1546 409 Dominus,

1072 415 1249 453 Obtinete
1279 416 1469 463 precibus,

1072 522 1125 561 Ut
1155 524 1328 560 saeviens
1361 524 1511 570 gladius

1071 579 1122 616 Et
1148 590 1317 626 paganus
1348 581 1510 627 populus

1074 635 1296 682 Depellatur
1328 648 1349 673 a
1380 637 1500 687 nobis,

1069 692 1123 729 Te
1155 704 1342 739 rogamuS,
1373 693 1547 733 Domine.

1072 801 1124 839 Ut
1156 805 1347 847 pastorem
1379 802 1477 838 tueri

1070 857 1251 894 Nostrum
1285 858 1379 894 velis
1409 863 1447 894 et
1478 858 1632 905 clerum,

1070 914 1208 951 Omnes
1239 914 1351 951 simul
1383 925 1548 963 oramus,

1069 972 1156 1008 lesu
1187 970 1349 1019 Christe,
1383 972 1473 1009 audi
1503 983 1584 1010 nos

1075 1079 1127 1117 Ut
1160 1089 1226 1114 rex
1257 1082 1386 1115 noster
1418 1079 1666 1117 Chuonradus

1072 1135 1165 1171 Eius
1197 1139 1235 1171 et.
1265 1136 1454 1172 exercitus

1071 1191 1172 1228 Hinc
1202 1195 1241 1229 et
1270 1191 1360 1229 inde
1391 1198 1574 1241 servetur,

1071 1248 1252 1297 Oramus,
1297 1248 1468 1296 Christe,
1501 1250 1589 1286 audi
1621 1261 1701 1290 nos,

1074 1357 1127 1395 Ut
1159 1366 1291 1393 cruore
1323 1357 1562 1403 redemptum

1072 1413 1244 1450 Pretioso
1276 1414 1458 1459 populum

1072 1469 1307 1507 Conservare
1339 1470 1518 1519 digneris,

1071 1527 1249 1573 Oramus,
1295 1527 1466 1576 Christe,
1498 1528 1588 1565 audi
1621 1539 1700 1568 nos,

1073 1629 1232 1665 Animas
1264 1629 1470 1666 catholicas

1073 1686 1117 1722 In
1148 1690 1303 1723 aeterna
1333 1687 1463 1732 requie

1074 1741 1279 1779 Confoveri
1309 1742 1452 1789 iubeas,

1072 1799 1253 1848 Oramus,
1284 1800 1468 1849 Christe,
1502 1800 1592 1837 audi
1623 1811 1704 1838 nOS.

1073 1901 1211 1938 Omnes
1242 1901 1312 1937 tibi
1344 1902 1525 1949 canimus,

1071 1958 1251 1996 Universi
1284 1958 1489 1995 clamamus

1070 2014 1236 2051 Vocibus
1268 2019 1305 2051 et
1337 2015 1535 2055 cordibus:

1071 2072 1249 2117 Oramus,
1289 2071 1458 2120 Christe,
1500 2073 1589 2109 audi
1620 2084 1700 2113 nos,

532 2175 596 2212 19.
644 2173 817 2221 Oramus,
851 2173 1017 2218 Christe,
1052 2173 1141 2210 audi
1174 2184 1254 2221 nos,

643 2229 806 2273 Christe,
839 2229 1004 2275 Christe,
1037 2230 1127 2266 audi
1158 2241 1245 2275 n0s3

642 2287 780 2333 Kyrie,
813 2286 968 2333 eleison,
1003 2287 1184 2333 canimus,

643 2343 807 2393 Christe,
841 2343 993 2392 eleison,
1030 2343 1239 2389 psallimus.

226 2455 330 2496 Trop.
364 2465 426 2486 ms.
454 2455 684 2497 Sangallense
710 2464 801 2487 saec.
830 2454 880 2487 10.
931 2455 1014 2487 Cod.
1041 2456 1243 2495 Sangalleu.
1269 2453 1345 2487 381.
1371 2457 1411 2488 Α.
1438 2474 1482 2477 -
1512 2457 1619 2497 Trop.
1643 2466 1705 2486 ms.

136 2499 392 2542 Bauibergense
425 2511 514 2532 saec.
549 2499 599 2532 10.
649 2501 732 2532 Cod.
768 2502 995 2542 ssambergen.
1021 2501 1085 2532 Ed.
1113 2502 1164 2532 111
1191 2499 1220 2531 ’7.
1249 2502 1284 2532 B.
1314 2521 1354 2524 —
1388 2502 1456 2533 Rit.
1485 2506 1518 2533 et
1551 2500 1704 2533 Sacram.

138 2543 171 2575 S.
208 2545 336 2576 Albani
367 2546 523 2587 Magunt.
559 2556 647 2577 saec.
684 2544 733 2577 10.
784 2543 870 2578 Cod.
904 2546 1147 2577 Vindobonen.
1184 2543 1280 2578 1888.
1316 2549 1353 2579 C.
1389 2564 1429 2568 —-
1465 2547 1606 2578 collect.
1643 2558 1705 2580 ms,

139 2589 297 2621 Cellense
320 2589 389 2626 (vel
416 2591 706 2625 Hornbaconse221
731 2602 819 2623 saec.
850 2590 900 2623 10.
941 2592 1024 2623 Cod.
1054 2592 1210 2622 Vatican.
1238 2592 1349 2623 l’alat.
1375 2590 1452 2623 489.
1473 2593 1513 2623 D.
1535 2609 1572 2613 —-
1600 2592 1706 2634 Trop.

137 2645 198 2665 ms.
213 2635 395 2667 Miudense
410 2638 490 2667 anni
509 2634 605 2668 10‘24.
637 2636 718 2668 eod.
736 2637 932 2668 Berolinen.
948 2637 1020 2668 1V0
1040 2635 1090 2668 11.
1106 2637 1148 2667 Ε.
1162 2655 1203 2658 ——
1225 2638 1326 2679 Trop.
1346 2649 1406 2669 ms.
1423 2637 1704 2669 Ennneramense

137 2689 225 2712 saec.
255 2679 341 2712 ¹¹!12.
369 2681 454 2712 Clm.
482 2682 662 2713 Monacen.
693 2680 818 2713 14083.
845 2683 882 2713 P.

227 2727 266 2763 R,
296 2726 308 2758 l
338 2729 433 2757 vocis
454 2727 494 2757 D.
514 2744 557 2748 —
584 2728 622 2763 R,
650 2725 670 2758 2
692 2731 729 2758 ut
757 2727 842 2758 fehlt
863 2729 902 2758 Ι).
921 2745 962 2750 -
990 2728 1056 2759 Str.
1081 2726 1095 2758 1
1123 2727 1208 2758 fehlt
1227 2728 1268 2758 D.
1286 2745 1330 2749 -—
1359 2727 1387 2765 1,
1417 2727 1428 2759 l
1460 2729 1588 2760 adiuva
1607 2729 1643 2760 F.
1663 2747 1704 2750 -—

140 2768 168 2807 1,
193 2769 214 2801 4
231 2772 339 2813 Iunge
359 2783 420 2803 nos
439 2772 480 2803 Ε.
500 2789 542 2793 -
568 2771 598 2805 2.
625 2771 639 2803 1
660 2776 789 2804 Sancta
808 2773 925 2804 mundi
945 2772 1084 2803 domina
1104 2773 1174 2804 OE.
1193 2790 1235 2793 —-
1253 2771 1285 2808 ⁶2.
1302 2771 1324 2804 4
1341 2773 1411 2805 Ora
1430 2774 1704 2806 ΧΡΟΥΕΩΥΜ.

140 2815 181 2847 D.
212 2833 254 2839 —
291 2817 325 2849 1²„
361 2816 381 2848 ‘2
407 2818 494 2856 Quis
528 2819 618 2849 sicut
645 2819 740 2849 Deus
767 2818 802 2849 F.
829 2835 873 2840 —-
906 2817 940 2853 2,
979 2816 1000 2848 4
1026 2819 1096 2849 Nos
1130 2820 1248 2849 iuvato
1281 2819 1441 2860 precibus
1470 2821 1509 2851 1).
1536 2837 1579 2841 ——
1613 2819 1651 2857 4,
1685 2818 1706 2851 3

140 2861 315 2902 baptisma
341 2864 381 2894 D.
410 2880 449 2884 —
483 2860 520 2900 4,
553 2862 574 2893 4
600 2864 672 2895 Nos
698 2864 772 2894 Deo
799 2863 948 2895 concilia
978 2865 1015 2894 1⁷).
1043 2880 1085 2884 ——
1116 2862 1154 2902 ὃ,
1186 2862 1198 2894 l
1227 2864 1329 2895 Petre
1353 2875 1430 2895 cum
1458 2866 1568 2897 Paulo
1596 2867 1636 2897 1).
1664 2883 1706 2887 —
