1914 3223
860 153 942 191 20:13
1003 176 1058 179 —

392 268 428 304 3.
475 266 587 304 Unde
617 276 716 303 nunc
746 276 927 312 praesens
958 267 1033 313 pie,
1066 271 1102 303 te
1134 275 1322 314 rogamus,

476 322 643 359 Iudicem
676 322 803 369 pulses
835 323 1011 369 precibus
1044 323 1217 369 sacratis,

474 379 663 426 Quatenus
694 379 813 415 nostri
846 379 1061 416 miserando
1093 380 1258 417 clemens

663 435 721 473 Sit
751 445 894 472 memor
923 440 1065 476 auctor,

390 528 428 564 4.
476 525 624 572 Detque
656 537 723 563 nos
750 536 901 572 semper
931 526 1003 563 sibi
1036 527 1152 563 corde
1183 526 1279 564 fidos

475 582 636 619 Actibus
667 583 786 630 gratis
818 583 910 619 satis
940 588 977 619 et
1008 583 1174 632 placere,

475 639 605 677 Omnis
637 644 672 676 et
704 649 825 676 noxae
858 639 1005 676 veniam
1037 640 1174 676 mereri

661 697 747 742 Ipse
779 695 1011 742 redemptor.

389 791 427 826 5.
474 787 568 836 Hoc,
602 790 714 834 pater
743 790 885 832 sancte,
918 786 1094 833 precibus
1128 786 1231 824 beati

473 843 644 893 Adnuas,
678 847 801 880 tecum
833 847 919 880 tuus
950 848 1063 890 atque
1097 847 1206 880 natus

474 900 608 937 Almus
639 904 676 936 et
706 898 817 936 flatus
848 899 1005 947 tribuat,
1037 910 1256 947 precamur,

661 956 800 993 Trinus
829 961 865 993 et
896 967 1004 995 unus,

207 1048 388 1079 Browerus
414 1055 447 1088 p.
473 1044 535 1086 813
562 1046 743 1078 Diimmler
767 1047 813 1084 ΙΙ,
839 1044 917 1079 252.

181 1169 261 1205 152.
297 1169 381 1211 (21.)
418 1170 593 1214 Hymnus
619 1169 666 1205 de
692 1169 846 1206 sanctis
872 1170 1112 1205 Marcellino
1140 1170 1181 1205 et
1206 1170 1331 1205 Petro
1358 1170 1624 1213 martyribus.

592 1253 639 1292 R.
687 1254 716 1291 Ο
750 1254 913 1290 victores
944 1253 1113 1301 gloriosi,

744 1310 803 1347 his
834 1314 944 1347 ovate
975 1310 1166 1350 laudibus,

133 1405 167 1441 1.
201 1402 333 1440 Claras
365 1401 498 1439 laudes
531 1412 575 1438 ac
608 1401 792 1449 salubres,

255 1469 383 1507 posco,
416 1457 567 1508 fratres,
602 1458 730 1504 dicite,

198 1517 299 1562 Quas
330 1513 506 1562 proferre
538 1515 637 1562 cogit
668 1520 756 1563 apte

251 1582 351 1609 nunc
383 1576 598 1609 sanctorum
630 1572 763 1619 gloria.

127 1666 163 1703 2.
198 1664 299 1710 Quos
330 1663 471 1700 virtute
502 1663 602 1710 regis
633 1663 723 1700 almi

254 1718 373 1757 fortes
404 1719 483 1756 vidi
514 1724 713 1768 martyres,

198 1776 447 1814 Marcellinus
479 1781 593 1822 atque
624 1777 760 1814 Petrus

254 1834 328 1870 iam
359 1833 530 1870 vicerunt
562 1833 766 1871 saeculum.

129 1926 168 1963 3.
200 1925 301 1972 Quos
331 1935 400 1961 arx
432 1923 535 1961 orbis
567 1927 604 1960 et
635 1923 777 1971 regina,

257 1981 377 2018 Roma
409 1980 599 2027 quondam
631 1981 805 2030 protulit,

202 2040 292 2085 Ipsa
322 2037 425 2074 misit
455 2038 504 2075 ad
536 2047 740 2084 supernum

258 2095 359 2141 regis
390 2093 532 2131 Christi
564 2094 711 2132 solium.

133 2187 171 2223 4.
203 2185 406 2222 Exorcista
438 2185 574 2222 Petrus
606 2190 742 2231 exstat,

259 2242 506 2279 Marcellinus
538 2241 751 2291 presbyter,

187 2298 357 2336 *Plebem
389 2309 535 2336 sacram
567 2305 817 2336 convocantes

258 2354 369 2392 ambo
394 2355 553 2405 ‘Christo
584 2360 830 2403 praeparant.

139 2448 173 2482 5.
206 2445 333 2483 Verbo
365 2450 497 2483 curant
528 2456 572 2482 ac
603 2446 791 2483 medelam

260 2502 384 2549 aegris
417 2502 601 2548 praebent
631 2502 801 2547 artubus,

203 2559 261 2596 Ex
293 2559 437 2595 insanis
470 2557 562 2596 foris
594 2564 725 2596 arcent

261 2615 334 2652 vim
367 2615 598 2652 horrendam
631 2615 838 2654 daemonis.

137 2706 173 2745 6.
205 2706 273 2752 Qui
306 2710 533 2755 torquentur
565 2706 663 2742 caesi
697 2704 838 2755 flagris,

268 2767 474 2799 exarantur
504 2761 704 2809 unguibus,

211 2818 336 2855 Vincti
366 2823 490 2855 taetro
522 2819 559 2854 hi
593 2819 736 2855 catenis

264 2875 514 2912 includuntur
545 2885 709 2924 carcere,

981 1403 1016 1440 7.
1050 1402 1147 1439 Nam
1190 1402 1228 1438 in
1271 1402 1383 1448 cippo
1416 1401 1553 1438 Petrus
1587 1407 1683 1451 arto,

1106 1459 1354 1496 Marcellinus
1387 1458 1566 1495 crustulis

1047 1516 1179 1553 Fracti
1211 1515 1300 1551 vitri
1333 1514 1556 1552 decubando

1101 1576 1181 1609 toto
1211 1572 1335 1609 nudus
1368 1582 1540 1619 corpore.

979 1664 1015 1703 8.
1048 1663 1171 1700 Iudex
1202 1667 1286 1700 ater
1316 1674 1408 1710 quos
1442 1662 1608 1700 Serenus

1106 1724 1227 1756 certat
1259 1720 1390 1766 poenis
1423 1719 1590 1767 vincere,

1047 1777 1110 1813 Illi
1141 1777 1285 1827 laudes,
1309 1776 1421 1813 valde
1456 1776 1590 1823 dignas

1106 1833 1258 1871 Christo
1289 1832 1369 1880 regi
1401 1837 1624 1879 personant.

979 1926 1016 1965 9.
1050 1924 1121 1970 Qui
1154 1924 1201 1961 de
1234 1924 1350 1961 caelis
1381 1924 1484 1960 misit
1517 1923 1610 1969 ipsis

1106 1992 1192 2018 mox
1224 1981 1389 2018 solamen
1423 1979 1562 2027 angeli,

1051 2039 1103 2077 Ut
1135 2038 1182 2074 de
1215 2038 1348 2074 vinclis
1379 2036 1547 2081 liberati,

1108 2105 1255 2141 quoquo
1285 2094 1438 2138 vellent,
1471 2096 1688 2140 pergerent.

956 2187 1018 2224 10.
1053 2186 1132 2232 Ipsi
1165 2195 1254 2222 vero
1286 2185 1466 2234 roborati,

1109 2240 1314 2279 confortati
1346 2246 1533 2288 martyres

1052 2299 1140 2335 Post
1173 2309 1306 2335 sereno
1338 2298 1410 2335 iam
1445 2297 1568 2344 parati

1106 2355 1343 2402 praesentari
1376 2354 1571 2393 festinant.

957 2446 1022 2485 11.
1054 2446 1161 2482 Tunc
1193 2445 1355 2482 Serenus
1385 2444 1625 2481 turbulentus

1112 2502 1224 2538 valde
1255 2501 1374 2538 iratus
1407 2501 1609 2549 praecipit,

1056 2558 1106 2596 Ut
1139 2559 1176 2594 in
1209 2558 1307 2594 silva
1337 2558 1449 2594 tracti
1482 2556 1585 2594 foras

1114 2618 1382 2651 truncarentur
1412 2614 1588 2653 candida.

962 2706 1026 2743 12.
1060 2709 1140 2751 Quo
1172 2703 1335 2751 profecti
1369 2704 1604 2749 gratulantes

1116 2761 1216 2797 celsa
1247 2761 1434 2798 scandunt
1467 2761 1606 2808 sidera,

1062 2818 1210 2854 Laudes
1242 2817 1320 2854 illic
1352 2818 1603 2864 sempiternas

1117 2874 1268 2911 Christo
1300 2874 1431 2911 dicunt
1462 2874 1640 2921 principi.
