1914 3223
699 146 887 186 —4521
954 169 1008 174 —

91 265 129 304 5.
161 263 320 301 Demum
351 262 457 309 virgo
487 261 680 309 plectitur,
905 263 941 299 6.
976 261 1091 310 Ergo,
1126 264 1258 298 sancta
1285 260 1512 307 KatherIna,

158 320 237 357 Lac
266 319 355 356 inde
386 317 596 356 reflectitur
974 317 1054 354 Nos
1086 322 1242 364 protege
1272 317 1311 354 in
1343 317 1472 354 caiina

215 375 407 422 Sepelitur
440 375 477 411 in
510 375 612 419 Sina,
1035 374 1153 410 Huius
1184 373 1299 411 maris
1331 372 1520 420 naufragii

99 431 102 434 ⁴
156 432 255 470 Hinc
286 432 408 469 oleum
440 442 616 468 emanare
974 426 1292 467 Et'virtute‘tua
1324 431 1422 467 dona

158 489 243 526 Non
275 492 409 533 cessat,
441 498 574 535 aegros
605 498 741 524 sanare
975 487 1214 532 Sempitcrna
1247 487 1341 523 caeli
1375 487 1474 523 dona

212 545 272 582 Ex
303 545 426 592 gratia
457 544 597 581 divina.
1031 543 1112 580 Tua
1144 553 1257 589 prece
1288 542 1447 592 perfrui,

496 647 532 685 7.
565 646 619 685 Ut
649 648 735 692 post
766 644 877 681 finem
908 644 1017 681 huius
1046 644 1112 680 leti

564 702 715 741 Christo
747 705 1033 748 praesentemur
1063 701 1154 737 laeti

619 758 683 795 Ad
715 768 879 804 superna
909 757 1060 804 gaudia.

562 815 646 852 Hoc
679 815 854 861 deposce,
887 825 908 851 o
941 814 1094 862 dilecta,

563 873 665 918 Quae
693 882 716 908 a
747 870 897 908 Christo
928 881 967 907 es
999 870 1132 916 electa,

622 928 694 965 Per
723 932 787 964 tua
818 926 1010 974 suffragia.

160 1030 235 1062 Fol.
264 1027 326 1062 137
340 1039 370 1061 a.
397 1047 439 1052 —
468 1029 541 1071 „De
567 1032 688 1060 sancta
713 1025 938 1060 Katherina.“

475 1207 556 1244 427.
591 1208 673 1250 (39.)
712 1208 770 1243 De
797 1208 938 1243 sancto
966 1206 1236 1250 sigismundo.

89 1315 128 1354 1.
159 1314 318 1352 Sanctus
359 1314 421 1351 hic
451 1314 511 1351 vir
541 1313 815 1361 sigismundus,
905 1315 942 1352 3.
974 1312 1087 1360 Ergo,
1121 1317 1251 1350 sancte
1283 1312 1537 1359 Sigismunde,

159 1371 240 1409 Rex
270 1371 489 1420 Burgundis
520 1370 717 1419 oriundus,
976 1371 1050 1407 Pro
1082 1380 1140 1406 me
1164 1369 1315 1407 Christo
1346 1380 1478 1416 preces
1509 1367 1639 1413 funde,

214 1427 352 1475 Fulget
381 1428 420 1464 in
451 1427 644 1477 Bohemia,
1036 1426 1192 1472 Praebe‚
1226 1425 1284 1462 fer
1315 1427 1510 1473 auxilium,

158 1484 367 1522 Sanctitate
397 1484 493 1521 mira
525 1484 664 1531 claret3
974 1484 1087 1521 Meae
1121 1483 1169 1520 da
1201 1481 1403 1529 fragilitati

159 1541 250 1588 Quis
280 1552 353 1578 non
385 1541 478 1579 odas
509 1540 581 1577 sibi
614 1541 723 1579 daret
976 1540 1230 1586 Modicaeque
1262 1539 1446 1587 parvitati

217 1598 353 1637 Cordis
385 1602 422 1634 et
452 1597 647 1644 suspiria?
1033 1597 1160 1646 Vires,
1193 1596 1322 1645 robur,
1354 1596 1577 1643 praemium.

91 1701 129 1740 2.
159 1699 256 1737 Nam
273 1711 354 1737 cum
367 1700 559 1739 Christum
577 1700 818 1748 deprecatur,
906 1702 945 1740 4.
978 1699 1037 1737 Da
1067 1699 1184 1736 menti
1214 1710 1335 1746 prava
1367 1697 1510 1749 fugare,

161 1758 196 1794 A
226 1758 411 1806 supremis
442 1757 515 1794 sibi
546 1759 658 1797 datur
977 1756 1103 1795 Corde
1135 1756 1286 1794 Christo
1317 1756 1498 1793 insudare

214 1814 389 1852 Potestas
417 1814 456 1851 in
487 1813 637 1860 infimis,
1034 1815 1136 1850 Vera
1166 1813 1301 1850 mentis
1333 1813 1459 1858 latria,

161 1870 317 1908 Morbos
346 1875 455 1908 sanat
486 1877 523 1907 et
553 1875 760 1917 aegrotum,
978 1870 1036 1907 Da.
1067 1874 1153 1917 post
1183 1870 1287 1907 vitae
1316 1869 1426 1906 huius
1457 1875 1618 1907 mortem

161 1927 292 1965 Caecis
323 1928 465 1978 visumy
499 1928 646 1965 claudis
677 1932 820 1965 motum
976 1927 1097 1964 Deum
1128 1927 1268 1963 intueri
1287 1924 1437 1963 =fortem

219 1983 295 2021 Dat
325 1985 439 2022 claris
469 1985 634 2023 indiciis.
1033 1985 1077 2020 In
1109 1983 1299 2020 caelorum
1330 1983 1469 2030 patria,

163 2083 238 2116 Fol.
263 2081 327 2117 136
341 2094 371 2116 a.
397 2095 447 2127 sq.
472 2102 516 2106 —
543 2084 684 2126 „Oratio
710 2084 752 2116 de
777 2087 898 2116 saneto
925 2081 1182 2126 Sigis1nundo.“

1361 2939 1433 2974 29*
