1914 3223
713 170 768 175 --
830 148 909 188 119
968 170 1024 175 -

100 261 164 301 13.
198 261 311 299 Tanti
341 265 512 309 potestas
543 261 694 299 luminis
918 263 992 300 15.·
1016 263 1121 300 Haec
1151 260 1251 307 inter
1279 260 1402 299 instar
1432 262 1596 300 nectaris

78 320 80 323 '
198 318 294 355 Voto
325 318 464 356 sororis
497 318 673 364 vincitur,
1014 318 1194 356 Miranda
1224 319 1371 364 plectro
1402 319 1552 363 claruit,

195 375 275 420 Quo
287 375 372 422 plus
384 379 486 412 amat
499 375 594 422 quis,
613 375 698 422 plus
712 375 827 422 valet,
1016 375 1113 412 Nam
1144 374 1267 421 pinxit
1297 379 1385 421 apte
1415 376 1553 412 lineam

195 431 322 468 Enare
352 442 463 478 quam
495 432 615 469 cernit
645 432 784 478 polum.
1017 431 1126 469 Vitae
1156 441 1288 469 sacrae
1318 432 1553 479 sequacibus

98 540 165 579 14.
198 539 283 577 Non
315 543 402 577 ante
433 540 569 578 saeclis
602 540 789 587 cognitum
919 541 984 578 16.
1018 540 1109 587 Iam,
1136 540 1211 577 dux
1234 540 1395 577 alumnis
1418 544 1476 577 sat
1503 544 1650 587 potens,

195 595 320 633 Noctu
350 596 460 634 iubar
491 596 702 646 effulgurat,
1016 597 1126 633 Assis
1157 597 1281 644 gregis
1312 597 1501 643 suspiriis,
1540 609 1543 612 ·

195 653 275 699 Quo
306 657 406 690 totus
438 653 541 690 orbis
573 653 741 690 cernitur
1016 652 1161 691 Gliscat
1184 653 1292 690 bonis
1314 653 1477 700 hydrum
1502 663 1651 700 cavens,

197 709 456 756 Flammisque
486 709 646 747 subvehi
678 709 776 756 pius.
1015 709 1072 747 Sit
1103 710 1211 746 callis
1242 714 1283 746 ut
1314 721 1454 756 sequax
1488 710 1554 750 tui.

173 821 316 854 Collect.
345 833 408 853 ms.
434 822 644 855 Coi-beiense
670 832 760 853 saec.
787 819 816 852 9.
860 821 941 852 Cod.
967 822 1116 853 Parisin.
1150 819 1273 853 14143.
1298 822 1339 853 A.
1364 839 1408 843 —
1435 822 1562 863 Iiymn.
1588 832 1651 853 ms.

81 866 272 899 Casinense
309 877 398 900 saec.
435 865 486 899 10.
542 867 626 899 Cod.
660 867 822 898 Casinen.
850 864 926 899 506.
960 868 998 898 li.
1032 886 1074 889 —
1110 868 1238 908 Hyinn.
1274 878 1336 898 mS.
1367 868 1652 899 Beneventanum

79 921 167 944 saec.
205 910 256 944 10.
290 923 341 944 ex.
390 912 473 946 Cod.
507 913 666 944 Vatican.
692 912 856 944 Ottobon.
893 910 967 944 145.
994 913 1030 945 (ἲ.
1057 930 1099 934 --
1133 913 1262 952 Hymn.
1297 924 1358 945 ms.
1385 913 1652 944 Severinianuin

79 968 168 989 saec.
198 955 248 989 10.
275 968 327 990 ex.
368 959 451 990 Cod.
469 958 631 989 Vatican.
661 956 750 989 7172
768 959 808 989 D.
835 975 870 979 —
898 959 1026 999 Hymn.
1055 969 1115 989 nis.
1134 957 1427 997 Rhenoviense(‘?)
1452 968 1540 989 saec.
1564 956 1650 989 ¹⁰!11.

79 1002 162 1035 Cod.
187 1003 348 1035 Turicen.
375 1003 487 1035 Rhen.
513 1001 566 1035 91.
593 1003 634 1035 Ε.
662 1021 707 1024 -
732 1004 860 1044 Hymn.
888 1014 950 1035 nis,
977 1004 1143 1035 Farfense
1169 1014 1258 1035 saec.
1288 1001 1338 1035 11.
1380 1003 1463 1035 Cod.
1489 1004 1650 1036 Tui-icen.

78 1048 188 1080 Rhen.
229 1046 282 1079 82.
326 1050 362 1081 F.
406 1067 446 1071 —-
491 1049 621 1090 Hymn.
664 1060 725 1081 mS.
767 1049 801 1081 S.
844 1049 996 1090 Sophiae
1037 1047 1275 1082 Beneventan.
1317 1059 1407 1082 saec.
1451 1047 1502 1080 11.
1566 1049 1649 1081 Cod.

78 1094 301 1136 Neapolitan.
327 1095 376 1126 VI
403 1094 432 1125 Ε
456 1091 512 1125 43.
534 1094 574 1126 G.

173 1139 208 1178 1,
242 1138 262 1172 2
296 1143 499 1171 concentum
531 1141 568 1171 F.
599 1157 644 1162 -—
673 1137 710 1178 2,
745 1138 760 1171 1
794 1140 844 1172 Ac
876 1139 1085 1171 Benedictus
1117 1139 1164 1179 Ε,
1200 1140 1269 1171 Fac
1300 1140 1510 1172 Benedictus
1538 1141 1581 1171 D.
1607 1157 1652 1161 ᾗ

77 1183 116 1224 2,
148 1183 169 1216 2
195 1186 390 1217 Hostensor
416 1186 463 1225 A3
496 1187 636 1218 tramite
660 1186 731 1217 EF.
756 1202 800 1206 —
825 1183 862 1223 3,
899 1184 912 1216 l
942 1186 1009 1224 Qui
1035 1185 1135 1217 fulsit
1159 1189 1197 1217 ut
1224 1185 1263 1218 G.
1290 1205 1331 1208 —
1357 1183 1396 1224 3,
1423 1183 1444 1216 3
1469 1186 1505 1216 in
1530 1185 1651 1217 limine

77 1231 126 1271 A;
159 1232 195 1262 in
228 1231 340 1263 limite
373 1232 418 1269 C;
451 1232 526 1272 ipse
560 1231 671 1263 limite
704 1231 741 1262 F.
774 1248 819 1252 —
851 1229 888 1271 3,
919 1229 941 1262 4
972 1232 1140 1272 Despexit
1173 1232 1224 1262 tui
1255 1231 1379 1262 florida
1408 1232 1452 1262 D.
1483 1248 1527 1252 —
1557 1229 1596 1265 4.
1629 1229 1652 1262 4

77 1277 233 1308 Venturo
252 1277 292 1308 B.
310 1294 354 1299 —
381 1276 411 1314 6,
441 1275 455 1308 1
475 1276 595 1308 baiula
611 1276 750 1308 BDEG.
768 1294 812 1297 -«
837 1274 868 1314 6,
894 1274 914 1307 2
933 1277 1089 1317 cymbria
1108 1277 1213 1309 ssEG.
1231 1293 1272 1298 —
1299 1274 1328 1314 6,
1355 1273 1376 1308 3
1394 1275 1534 1308 Cei-cuit
1551 1277 1588 1309 C.
1608 1293 1652 1298 —-

78 1319 110 1360 7,
135 1320 156 1353 2
181 1322 301 1364 calyps
326 1323 367 1354 A.
392 1339 434 1343 -
461 1320 491 1359 7,
518 1320 540 1353 4
565 1333 650 1364 puer
674 1323 783 1353 vitain
808 1326 908 1354 necet
932 1322 974 1353 D.
995 1339 1037 1343 —
1071 1319 1101 1360 8,
1128 1320 1149 1353 3
1175 1323 1312 1353 ruinam
1336 1322 1401 1353 AD
1436 1339 1480 1342 —
1505 1319 1537 1360 8,
1563 1320 1585 1353 4
1612 1324 1650 1353 ut

76 1367 131 1399 leo
165 1368 207 1402 D.
242 1384 283 1388 —-
315 1365 346 1406 9,
384 1365 399 1398 1
433 1368 507 1399 Imo
545 1369 591 1398 sit
625 1367 734 1399 moles
770 1367 806 1401 A.
836 1384 880 1388 —-
913 1365 944 1405 9,
971 1364 991 1398 3
1016 1368 1160 1399 Factum
1186 1368 1231 1408 A3
1259 1368 1388 1398 revixit
1412 1367 1448 1399 C.
1475 1385 1516 1388 —
1552 1365 1603 1405 10,
1629 1365 1650 1398 2

76 1413 224 1454 Iniquus
258 1422 438 1454 possessor
462 1413 547 1444 furit
572 1412 608 1444 C.
639 1430 682 1434 -—
709 1410 759 1450 10,
785 1411 807 1444 4
832 1414 986 1454 contegit
1011 1412 1179 1445 BCDEG.
1205 1430 1248 1434 —
1284 1411 1336 1450 11,
1364 1411 1379 1443 1
1408 1412 1512 1444 aedos
1538 1413 1578 1444 Ε.
1617 1432 1650 1435 -

79 1456 132 1497 11,
157 1456 179 1490 3
203 1458 374 1490 frenatum
399 1459 439 1490 A.
468 1476 509 1480 -
539 1456 589 1497 1⁶2,
616 1456 637 1490 2
662 1458 795 1489 olivum
821 1459 857 1490 C.
896 1475 923 1479 —
955 1456 1006 1494 12,
1033 1456 1056 1489 4
1080 1459 1164 1489 Vita
1185 1458 1221 1489 C.
1240 1476 1282 1479 —
1313 1456 1365 1496 13,
1390 1456 1411 1489 3
1436 1458 1537 1497 Quod
1569 1458 1649 1500 plus

81 1508 177 1535 amat
201 1505 249 1543 D3
284 1513 372 1545 quae
407 1504 484 1546 plus
520 1504 616 1535 valet
648 1505 694 1542 D;
728 1504 789 1545 qui
823 1504 901 1545 plus
930 1504 1025 1536 valet
1050 1503 1118 1535 CG.
1144 1521 1187 1524 —
1224 1501 1274 1542 13,
1300 1502 1322 1534 4
1346 1514 1447 1546 quem
1473 1504 1584 1535 cernit
1608 1504 1649 1536 G.

83 1566 125 1571 —
158 1547 211 1587 14,
236 1548 257 1581 2
281 1550 376 1581 Natu
401 1550 503 1581 iubar
528 1550 579 1589 D3
611 1549 795 1591 effulgorat
822 1550 858 1581 C.
887 1566 929 1571 —
958 1547 1009 1587 14,
1035 1547 1057 1580 4
1087 1549 1235 1580 subvehi
1262 1550 1355 1590 pium
1382 1549 1452 1590 CF;
1487 1548 1651 1581 subvehit

81 1596 111 1627 is
135 1596 232 1637 pium
257 1596 300 1626 D.
326 1612 367 1616 ——
397 1593 448 1633 15,
474 1592 495 1626 3
520 1595 615 1626 linea
639 1595 680 1627 A.
705 1612 749 1616 ——
774 1594 872 1626 Nach
898 1596 965 1628 Str.
995 1594 1035 1626 15
1061 1594 1227 1626 schieben
1251 1595 1313 1627 BG
1338 1595 1413 1626 ein:

173 1674 293 1706 Cernit
316 1684 502 1716 germanae
528 1676 702 1716 spiritum,
993 1675 1120 1706 Forma
1143 1674 1287 1706 vivendi
1313 1674 1487 1712 scribitur,

173 1720 297 1751 Secum
323 1720 472 1752 cadaver
497 1718 665 1760 condidit,
995 1721 1066 1752 Iter
1091 1721 1274 1761 migrantis
1299 1721 1462 1758 cernitur,

171 1765 340 1797 Mundum
365 1766 550 1797 collectum
575 1767 748 1807 conspicit
995 1766 1048 1797 Ab
1074 1765 1209 1806 angelis
1235 1765 1427 1800 deducitur.

172 1811 366 1852 Vatemque
390 1811 495 1853 globo
522 1811 680 1844 subvehi.
997 1812 1217 1853 Demensque
1243 1812 1350 1842 menti
1375 1810 1539 1843 redditur.

175 1894 226 1933 16,
256 1894 272 1928 1
291 1897 380 1928 Nam
398 1897 468 1928 dux
486 1896 559 1937 ΟΡ,
587 1897 725 1929 alumne
742 1897 819 1937 13G3
847 1896 999 1928 alumnis
1018 1896 1184 1938 adpetens
1204 1895 1246 1936 (33
1274 1896 1424 1927 alumnis
1441 1900 1649 1938 praepotens

79 1942 117 1973 F.
142 1959 187 1963 —
220 1940 280 1981 16,
319 1940 340 1973 2
363 1942 460 1973 Assit
483 1942 533 1981 Ε,
567 1944 658 1984 regis
684 1943 721 1974 F.
747 1962 788 1965 -—
826 1940 882 1982 16,
918 1940 938 1974 3
963 1942 1125 1975 Gliscant
1150 1942 1186 1974 C.
1212 1960 1257 1965 —
1291 1939 1345 1981 16,
1371 1939 1393 1972 4
1419 1942 1519 1973 callis
1544 1945 1582 1974 tu
1606 1942 1652 1982 A;

80 1987 180 2019 callis
205 1991 244 2019 ut
268 1988 476 2029 sequacibus
502 1989 545 2019 D.
593 1987 691 2020 Nach
718 1987 785 2019 Str.
813 1986 854 2020 16
881 1988 968 2030 folgt
993 1989 1030 2018 in
1054 1987 1134 2019 BG:

117 2059 170 2093 17.
195 2063 375 2103 Hymnum
401 2065 547 2103 patrono
573 2063 761 2094 concinant
938 2059 989 2094 18.
1016 2057 1143 2093 Gloria
1169 2072 1339 2093 summum
1366 2065 1503 2093 resonet

194 2109 333 2143 Nursia,
360 2108 481 2142 Roma.
508 2107 690 2146 sublacus,
1014 2107 1165 2145 Patrem,
1192 2110 1323 2145 natum,
1350 2107 1567 2148 paraclitum,

194 2154 336 2195 Nosque
361 2153 475 2184 datori
502 2164 682 2184 munerum
1017 2153 1134 2185 Unum
1159 2163 1363 2194 semperque
1388 2153 1577 2184 Dominum

193 2199 268 2230 Deo
294 2198 450 2230 dicamus
474 2199 638 2240 gloriam.
1019 2198 1153 2230 Cuncta
1178 2209 1239 2240 per
1266 2198 1345 2230 aevi
1370 2198 1519 2229 saecula.

173 2275 225 2316 18,
268 2275 283 2309 1
327 2289 460 2310 summo
497 2278 536 2310 G.
577 2295 621 2299 —
660 2276 712 2316 18,
753 2276 774 2309 2
810 2279 917 2316 Patri,
959 2281 1052 2317 nato,
1095 2278 1304 2320 paraclitum
1343 2278 1385 2318 133
1423 2277 1520 2309 Patri
1556 2280 1649 2315 nato,

81 2324 250 2365 paraclito
277 2323 317 2356 G.
344 2340 380 2345 ——
412 2323 503 2355 Eine
529 2324 656 2356 andere
681 2324 878 2365 Doxologie
904 2325 941 2354 in
969 2325 1012 2355 C:

556 2398 636 2429 Alto
663 2398 798 2429 tonanti
824 2398 948 2440 gloria,

558 2442 613 2474 Sit
637 2443 725 2485 proli
752 2443 829 2474 laus
854 2453 959 2485 quam
987 2444 1138 2474 maxima

557 2489 642 2520 Cum
670 2489 796 2530 spiritu
821 2488 992 2529 paraclito

557 2533 604 2565 Et
628 2544 720 2565 nunc
746 2537 781 2565 et
805 2535 841 2565 in
868 2537 1083 2575 perpetuum.

170 2613 212 2645 In
236 2613 301 2645 DE
328 2614 374 2645 ist
398 2613 458 2644 der
482 2614 644 2654 Hymnus
671 2613 724 2644 fiir
749 2612 805 2644 die
831 2623 904 2654 sog.
930 2612 1071 2643 kleinen
1086 2613 1206 2643 Horen
1234 2613 1268 2642 in
1294 2612 1367 2643 vier
1383 2611 1480 2643 Teile
1507 2611 1646 2654 zerlegt,

80 2657 135 2690 die
162 2658 333 2700 jedesmal
363 2660 425 2690 mit
450 2658 510 2690 der
536 2658 730 2699 Doxologie
766 2659 853 2689 Deo
887 2659 1007 2698 patri
1043 2660 1106 2688 etc.
1133 2657 1339 2696 schliessen3
1372 2656 1427 2688 die
1452 2657 1550 2689 Teile
1575 2668 1646 2690 um-

79 2703 193 2736 fassen
219 2703 269 2735 ad
294 2705 485 2735 Primam
513 2704 580 2736 Str.
601 2701 705 2742 1-4;
733 2703 784 2734 ad
809 2703 1006 2734 Tertiam
1033 2700 1140 2736 5-8:
1169 2703 1211 2733 ad
1238 2703 1417 2734 Sextam
1443 2699 1570 2743 9—12;
1605 2703 1649 2735 ad

78 2748 245 2781 Nonam
272 2747 414 2781 13-16,
465 2748 493 2780 G
519 2749 597 2780 teilt
623 2748 689 2780 deu
716 2749 874 2789 Hymnus
902 2749 938 2778 in
963 2749 1047 2779 zwei
1072 2748 1169 2779 Teile
1199 2746 1284 2779 1—-9
1311 2747 1379 2778 und
1407 2745 1550 2780 10—16.

171 2795 301 2826 Diesen
334 2795 455 2826 seinen
486 2795 646 2835 Hymnus
679 2793 741 2824 liat
764 2793 896 2825 Paulus
923 2794 1099 2824 Diaconus
1135 2794 1169 2824 in
1203 2794 1299 2824 seine
1325 2794 1485 2824 Historia
1510 2794 1647 2835 Lango-

13 2837 17 2842 ’
80 2838 264 2871 bardorum
289 2841 317 2877 I,
343 2850 371 2871 c.
398 2837 440 2870 26
466 2839 732 2881 aufgenommen
760 2839 827 2870 und
855 2839 917 2869 mit
942 2838 1007 2869 den
1030 2838 1175 2869 lVorten
1201 2838 1416 2880 eingeleitet:
1449 2839 1648 2877 „Hymnum

80 2894 216 2927 quoque
242 2885 381 2928 singula
406 2884 560 2916 eiusdem
589 2885 698 2926 patris
722 2884 891 2916 miracula
907 2885 1140 2915 continentem
1160 2887 1268 2915 metro
1287 2884 1436 2916 iambico
1455 2884 1645 2916 archiloico
