2031 3289
257 320 324 358 35.

280 2454 302 2489 ti
309 2482 317 2490 .

867 204 1170 244 „442-

356 317 412 357 Ob
443 329 608 356 amorem
640 324 676 354 et
706 318 886 355 honorem

410 375 547 412 Matris
578 380 664 411 tuae
695 373 832 419 tribue,

355 430 408 468 Ut
437 441 520 467 cum
552 430 659 467 bonis
687 428 794 466 fruar
825 429 932 467 donis

412 487 556 533 Quietis
588 490 808 532 perpetuae.

1071 319 1136 358 36.
1168 318 1221 355 Te
1252 319 1448 356 laudamus
1480 324 1517 356 et
1547 330 1720 367 rogamus

1226 375 1298 411 Per
1327 375 1445 421 ipsius
1476 375 1661 422 meritum,

1170 431 1222 469 Ut
1253 431 1397 468 aeterni
1427 431 1535 468 nobis
1567 433 1672 482 regni

1228 486 1402 524 Clemens
1433 487 1579 534 pandas
1606 487 1763 529 aditum.

614 598 681 636 37.
712 598 827 635 Pater
857 597 972 644 Deus,
1003 596 1058 634 fili
1088 598 1205 646 Deus,

774 654 873 690 Deus
905 654 1002 690 alme
1033 654 1184 700 caritas,

711 710 784 747 Pei·
812 714 965 747 aeterna
996 721 1063 747 nos
1095 710 1264 757 guberna

768 766 914 813 Saecla,
945 766 1048 804 Deus
1079 766 1242 804 trinitas.

834 935 1118 982 Rhythmus
1160 936 1207 974 X.

314 1075 322 1083 .
353 1046 382 1084 O
414 1046 555 1093 regina,
588 1058 696 1094 quam
731 1048 858 1085 divina

413 1103 623 1151 Praeelegit
653 1105 787 1153 gratia,

356 1157 469 1196 Cuius
501 1165 631 1206 partus
662 1163 924 1197 sacrosanctus

413 1215 645 1253 Instauravit
675 1216 812 1255 omnia.

314 1356 323 1365 .
354 1326 456 1372 Quae
487 1328 639 1365 odorem
672 1329 875 1377 gratiorem

412 1385 513 1422 Ture
546 1385 613 1422 das
645 1390 682 1422 et
714 1385 893 1433 balsamo,

355 1440 436 1486 Qua
467 1441 638 1478 excelsus
671 1446 726 1478 est
759 1452 930 1489 egressus

410 1496 461 1535 Ut
493 1508 652 1544 sponsus
684 1499 731 1536 de
763 1498 940 1538 thalamO.

312 1639 319 1648 .
352 1609 478 1646 Mater
509 1610 620 1659 regis,
653 1621 721 1657 per
752 1622 861 1657 quem
889 1610 983 1658 legis

411 1665 634 1703 Panduntur
662 1668 857 1717 mysteria,

355 1722 470 1760 Cuius
499 1727 627 1759 natum
655 1723 742 1760 olim
777 1727 901 1761 vatum

412 1778 605 1816 Canebant
637 1780 851 1825 praeconia.

311 1918 319 1926 .
353 1888 453 1926 Fons
485 1891 678 1941 virtutum,
712 1892 771 1938 da,
804 1896 845 1929 ut
865 1892 984 1929 lutum

410 1946 596 1984 Vitiorum
629 1948 814 1994 deseram,

351 2002 493 2040 Mentis
525 2004 644 2040 visum
676 2008 788 2051 atque
818 2005 939 2041 nisum

413 2059 475 2096 Ad
507 2070 671 2106 superna
700 2060 941 2100 transferam.

309 2200 316 2209 .
351 2171 412 2210 Sic
442 2169 643 2220 infundas,
675 2184 748 2220 qua
779 2174 981 2225 redundas,

408 2228 525 2267 Cordi
556 2239 638 2266 meo
669 2231 842 2278 gratiam,

352 2285 405 2323 Ut
437 2289 588 2322 terrena
619 2284 694 2323 fide
725 2287 839 2333 plena

407 2341 606 2378 Praeditus
638 2343 857 2389 despiciam.

350 2453 476 2490 Mater
506 2453 590 2500 Dei,
623 2455 749 2492 cordis
781 2456 852 2492 mei

411 2510 555 2546 Munda
586 2512 797 2556 penetralia

348 2566 406 2602 Ac
436 2576 601 2603 meorum
634 2567 818 2604 labiorum

410 2622 522 2659 Dilue
554 2623 738 2671 contagia,

286 2735 321 2772 7.
355 2734 405 2772 Ut
437 2735 604 2781 peccatis
635 2737 854 2783 expurgatis

405 2791 524 2828 Deum
557 2791 798 2829 honorificem

352 2847 401 2883 Et
432 2858 453 2884 a
486 2848 599 2885 corde
630 2848 739 2895 pulsa
770 2849 882 2887 sorde

407 2903 557 2941 Laudes
590 2909 670 2941 tuas
703 2905 932 2951 praedicem.

1100 1049 1136 1086 8.

1072 1612 1137 1649 10.

1071 1893 1137 1932 11.

1068 2457 1133 2495 13.

1072 2738 1134 2776 14.

1170 1048 1199 1085 Ο
1232 1047 1403 1098 benigna,
1435 1048 1517 1094 quis
1547 1052 1585 1085 te
1617 1049 1731 1095 digna.

1225 1103 1356 1141 Laude
1384 1104 1504 1151 possit
1536 1105 1671 1147 colere,

1170 1160 1272 1205 Quae
1305 1161 1418 1197 ditari
1448 1160 1631 1208 singulari

1226 1216 1402 1253 Meruisti
1432 1216 1615 1254 munere?

1170 1329 1260 1367 Cum
1293 1340 1429 1366 aurora
1459 1329 1508 1366 sit
1541 1329 1688 1378 decora,

1225 1386 1383 1432 Quando
1414 1385 1552 1422 rubens
1583 1386 1716 1430 oritur,

1170 1442 1396 1489 Comparata
1427 1442 1548 1478 minus
1579 1445 1699 1489 grata,

1226 1499 1353 1535 Minus
1385 1498 1544 1544 pulchra
1574 1498 1754 1539 cernitur.

1171 1612 1278 1649 Luna
1309 1611 1439 1658 claret,
1469 1610 1619 1657 quando
1649 1614 1761 1657 paret

1227 1667 1351 1704 Nullis
1381 1670 1482 1704 tecta
1512 1666 1685 1715 nubibus,

1171 1723 1245 1761 Sed
1278 1724 1456 1761 maiorem
1488 1728 1528 1760 tu
1559 1721 1743 1770 fulgorem

1229 1780 1305 1817 Piis
1335 1778 1454 1817 infers
1486 1779 1686 1818 mentibus.

1171 1892 1324 1932 Cunctis
1357 1892 1458 1929 horis
1489 1892 1553 1929 lux
1584 1889 1744 1939 fulgoris

1227 1949 1297 1986 Tui
1329 1959 1396 1986 nos
1426 1947 1620 1996 laetificat,

1168 2005 1263 2043 Nam
1297 2005 1359 2042 vix
1391 2016 1464 2042 una
1493 2007 1603 2041 nocte
1634 2004 1722 2042 luna

1225 2061 1348 2108 Super
1378 2065 1519 2098 terram
1551 2060 1697 2100 emicat.

1168 2174 1276 2211 Luna
1305 2174 1418 2221 plena
1448 2172 1491 2209 fit
1522 2183 1691 2220 amoena,

1227 2230 1301 2268 Sed
1335 2228 1523 2268 defectum
1555 2229 1710 2278 patitur,

1169 2287 1287 2324 Modo
1318 2291 1464 2333 patens,
1496 2286 1608 2323 modo
1638 2286 1760 2323 latens

1226 2342 1425 2390 Nunquam
1457 2347 1559 2379 stare
1588 2342 1767 2382 noscitur.

1167 2456 1224 2494 Tu
1256 2465 1424 2496 corusca,
1457 2465 1646 2502 nunquam
1677 2453 1795 2506 fusca,

1223 2512 1354 2549 Nostri
1387 2511 1462 2549 dux
1493 2511 1654 2558 itineris,

1165 2568 1250 2605 Non
1281 2568 1444 2612 obtecta,
1474 2567 1541 2604 sed
1573 2567 1693 2605 electa

1222 2624 1324 2662 Sicut
1358 2625 1412 2661 sol
1441 2623 1636 2670 aspiceris.

1166 2738 1237 2774 Est
1267 2747 1400 2774 revera
1430 2736 1518 2774 solis
1549 2735 1712 2782 sphaera
1754 2775 1758 2777 ,

1221 2793 1322 2830 Mira
1352 2793 1436 2830 luce
1466 2792 1652 2839 praedita,

1166 2849 1287 2896 Saepe
1317 2854 1441 2887 tamen
1472 2848 1519 2886 ob
1551 2848 1718 2885 velamen

1221 2905 1341 2943 Nobis
1373 2911 1429 2943 est
1460 2904 1693 2942 abscondita.
