1914 3223
218 294 282 333 12.

732 204 785 208 ψ
845 181 922 221 381
988 205 1041 208 -

329 294 489 344 Angele‚
523 294 616 331 tolle
646 298 799 342 metum,
832 299 954 343 spemss
983 296 1133 342 gaudia,
1167 277 1258 332 tolle
1290 296 1471 344 dolorem,

329 352 499 397 Quatuor
530 351 623 387 haec
654 351 841 387 hominem
873 352 1057 389 suffocant
1088 353 1318 401 interiorem,

264 427 271 436 ·
329 407 435 445 Haec
466 408 637 444 adimunt
670 407 759 444 fidei
791 418 939 444 sacrum
972 410 1194 446 temerando
1225 409 1431 459 liquorem3

220 566 284 605 13.

215 837 280 875 14.

215 1108 281 1148 15.

213 1380 279 1420 16.

215 1654 281 1692 17.

210 1925 276 1965 18.

210 2198 276 2236 19.

211 2463 276 2501 20.

213 2728 279 2767 21.

329 464 401 501 His
431 464 547 511 igitur
577 464 697 510 pulsis
729 469 899 500 sanctum
932 465 1023 501 mihi
1056 464 1186 502 confer
1216 476 1394 506 amorem,

332 565 490 612 Angele,
523 575 642 602 verna
672 569 757 601 tuus
791 565 922 601 humili
955 571 991 602 te
1022 577 1112 602 voce
1144 573 1333 613 precatur,

333 623 387 661 Ut
418 621 487 659 tibi
519 621 756 659 commissum
787 632 827 657 se
859 632 1000 668 serves,
1034 634 1080 659 ne
1112 624 1305 666 moriatur,

329 679 427 716 Nam
456 678 696 725 corruptelae
728 678 829 715 vitiis
862 683 897 714 et
930 679 1027 715 mole
1057 684 1259 725 gravam-3

326 735 430 784 Ergo
462 739 566 772 tuum
598 739 744 782 vegeta,
776 746 822 771 ne
854 736 986 771 mortis
1020 734 1122 772 fasce
1155 742 1360 782 prematur.

327 837 486 885 AngeIe,
520 847 589 883 per
620 837 809 876 Christum
842 848 933 884 rogo
963 842 1013 881 te,
1047 849 1118 884 quo
1149 838 1390 884 glorificaris,

327 893 381 932 Ut
412 905 485 930 non
519 904 600 930 cum
632 893 804 940 reprobis
838 894 1035 940 reprobari
1067 905 1125 931 nie
1154 895 1326 942 patiaris,

329 949 403 987 Sed
436 961 494 986 me
524 949 704 986 iustifices
737 954 774 986 et,
804 950 850 987 ab
883 951 990 987 hoste
1021 951 1120 987 malo
1151 952 1292 988 tuearis

327 1007 466 1053 Meque
496 1006 602 1043 iuves
634 1007 738 1043 eaelo
770 1007 898 1044 cuneis
926 1007 1107 1044 assistere
1141 1008 1266 1047 elaris.

329 1109 489 1155 Angele‚
521 1107 583 1145 fac
614 1119 683 1156 per
714 1119 808 1158 eum,
843 1108 905 1156 qui
938 1108 1028 1146 fecit
1059 1110 1098 1146 in
1127 1110 1280 1147 aethere
1311 1110 1454 1157 stellas,

326 1166 552 1212 Mysterium
584 1166 688 1202 cuius
720 1165 844 1202 nullas
876 1165 953 1202 scio
986 1166 1084 1203 scire
1115 1166 1291 1211 tabellas,

326 1222 392 1269 Ut,
424 1232 667 1269 quaeeunque
698 1227 847 1269 nocent,
880 1223 1038 1269 propria
1069 1223 1210 1261 virtute
1242 1224 1419 1271 repella-s,

329 1279 468 1327 Iurgia,
502 1279 659 1316 livorem
691 1290 843 1316 remove
873 1280 1078 1326 mundique
1112 1280 1312 1326 procellas

325 1381 485 1427 Angele,
519 1381 581 1427 qui
612 1384 782 1419 nostram
814 1379 988 1428 fragilem
1021 1381 1094 1418 scis
1127 1381 1399 1430 condicionem,

324 1437 437 1474 Solve
469 1438 562 1485 Deo,
594 1449 706 1484 quam
736 1449 810 1474 non
841 1438 962 1487 valeo,
994 1449 1065 1484 pro
1097 1449 1156 1474 me
1187 1439 1372 1475 rationem

325 1495 383 1531 Ae
414 1494 517 1541 mihi,
551 1494 637 1531 dum
670 1494 767 1538 vivo,
802 1505 927 1531 veram
960 1498 1046 1541 pete
1077 1495 1327 1541 relligionem,

325 1551 581 1598 Vivorumque
608 1551 719 1588 simul
747 1555 834 1597 post
864 1556 1023 1588 mortem
1056 1552 1104 1589 da
1135 1552 1336 1598 regionem.

327 1653 486 1701 AngeIe,
518 1652 717 1701 sobrietas,
749 1653 882 1689 modus
914 1657 951 1689 et
981 1653 1104 1701 pietas
1136 1653 1326 1701 abierunt,

325 1710 469 1757 Hisque
500 1708 754 1756 superfluitas,
787 1714 911 1746 tumor
941 1714 977 1746 et
1008 1710 1143 1747 levitas
1175 1710 1383 1760 subierunt,

324 1767 453 1805 Omnis
485 1777 544 1802 me
576 1766 695 1803 virtus
727 1770 765 1802 et
794 1766 973 1803 honestas
1006 1766 1267 1815 deseruerunt,

327 1823 384 1860 Tu
415 1833 552 1860 revoca
582 1823 694 1870 vires,
726 1833 822 1869 quae
852 1824 906 1859 sic
937 1833 995 1859 me
1029 1820 1297 1863 destituerunt.

324 1926 484 1972 Angele⁷
516 1925 579 1971 qui
611 1935 716 1961 meus
747 1934 786 1961 es
818 1924 974 1961 caelesti
1006 1935 1161 1961 munere
1193 1928 1332 1964 eustos,

323 1982 394 2028 Qui
422 1988 589 2018 veterem
621 1981 737 2018 vitam
766 1981 951 2028 reprobas
983 1991 1182 2028 moresque
1214 1985 1380 2018 vetustos

321 2039 373 2076 Et
403 2049 471 2076 nos
503 2048 585 2075 esse
616 2049 732 2074 novos
764 2038 870 2084 cupis
901 2042 938 2074 et
968 2038 1050 2074 sine
1081 2038 1240 2074 crimine
1270 2038 1402 2085 iustos,

322 2095 447 2132 Renes
476 2105 546 2132 ure
576 2105 678 2131 meos
709 2095 847 2132 ardore
875 2094 1046 2131 libidinis
1076 2099 1194 2132 ustos.

323 2196 482 2243 Angele,
518 2195 582 2242 qui
613 2195 748 2232 mentis
780 2195 925 2232 nitidae
956 2206 1071 2232 verax
1103 2206 1142 2231 es
1171 2200 1318 2232 amator

325 2253 571 2299 lustitiaeque
602 2262 708 2289 meae
738 2252 929 2288 studiosus
960 2252 1009 2289 ad
1041 2252 1174 2288 aethra
1205 2252 1360 2299 relator,

324 2311 426 2348 Ante
458 2309 579 2347 Deum
608 2309 717 2346 testis
747 2319 851 2345 meus
883 2313 975 2355 esto,
1007 2309 1078 2344 mei
1110 2309 1320 2357 miserator,

329 2367 448 2418 Parce
479 2365 582 2414 mihi,
616 2376 663 2402 ne
691 2375 749 2402 me
779 2365 959 2412 reprobet
992 2365 1217 2411 damnetque
1248 2369 1408 2402 creator.

326 2462 486 2509 Angele,
518 2461 638 2498 multa
668 2465 856 2508 premunt,
890 2460 1076 2498 vincenda
1106 2460 1285 2507 superbia
1315 2464 1446 2507 restat,

327 2519 433 2556 Haec
462 2529 521 2554 me
552 2527 644 2564 prae
676 2518 821 2554 eunetis
853 2517 955 2553 vitiis
986 2517 1116 2554 odiosa
1147 2517 1334 2567 molestat,

325 2575 432 2612 Haec
462 2585 532 2621 per
563 2574 680 2611 verba
711 2572 805 2611 foris
837 2574 1017 2611 iactantia
1047 2584 1087 2610 se
1118 2573 1349 2623 manifestat,

325 2631 425 2669 Huic
455 2641 603 2678 oppone
633 2641 784 2668 manum
814 2640 882 2677 per
912 2640 1006 2680 eum,
1041 2630 1104 2676 qui
1137 2630 1262 2667 vivere
1292 2633 1477 2677 praestat.

327 2727 489 2774 Angele‚
521 2727 625 2763 mille
655 2726 778 2763 modis
808 2725 1005 2762 stimulant
1035 2736 1093 2762 me
1125 2726 1283 2763 crimina
1313 2730 1460 2763 centum

323 2784 377 2821 Et
407 2784 498 2820 mihi
531 2784 699 2820 divinum
732 2783 888 2830 cupiunt
917 2781 1068 2819 auferre
1099 2783 1296 2830 talentum,

324 2840 410 2877 Non
441 2851 503 2878 ars
533 2840 611 2878 ulla
641 2840 745 2876 iuvat
776 2849 846 2876 nec
875 2849 966 2885 opes
997 2849 1066 2875 nec
1094 2850 1184 2876 eura
1214 2842 1453 2884 medentum3

324 2896 420 2943 Spes
449 2907 531 2934 mea
561 2901 602 2934 tu
632 2896 748 2942 solus,
780 2905 838 2931 me
870 2893 958 2932 fatis
988 2895 1092 2942 eripe
1122 2895 1288 2934 flentum.
