2031 3289
905 167 1212 207 -206—

365 279 471 321 Trop.
496 290 558 311 ms.
575 279 820 312 Rhenoviense
845 290 935 311 saec.
961 277 1047 311 ¹¹l12.
1086 279 1169 312 Cod.
1187 279 1345 311 Tui-icen.
1366 279 1474 310 Rhen.
1501 277 1554 310 97.
1572 278 1613 310 A.
1633 296 1675 300 —
1693 279 1834 320 Antiph.

275 336 336 356 ms.
362 324 552 356 Sanctense
578 336 667 356 saec.
695 322 747 356 13.
796 325 879 357 Cod.
907 326 1020 366 Capit.
1048 324 1211 356 Saneten.
1236 336 1263 356 s.
1289 335 1322 355 n.
1349 325 1386 355 B.
1404 342 1448 344 —
1466 324 1566 356 Brev.
1591 334 1652 355 ms.
1671 324 1835 356 Tullense

274 380 362 401 saec.
401 368 450 401 15.
482 371 754 409 (Privatbesitz.)
787 372 823 401 (3.
851 387 891 391 —
919 371 1019 401 Brev.
1055 380 1118 400 ms.
1152 380 1242 401 saec.
1270 368 1319 401 14.
1369 367 1454 401 Cod.
1479 370 1622 401 Lincen.
1650 370 1694 400 Cc
1719 370 1753 400 II
1785 368 1834 400 17.

274 417 316 447 D.
343 432 385 436 —
411 416 510 446 Brev.
537 426 600 446 ms.
626 417 908 446 Emmeramense
933 425 1021 446 saec.
1051 413 1101 446 15.
1143 415 1228 447 clm.
1254 416 1436 446 Monacen.
1464 412 1591 446 14638.
1615 415 1656 445 E.
1675 433 1718 437 —
1736 415 1834 446 Brev.

274 461 517 502 Maguntinum
554 462 635 501 imp.
674 460 837 501 Lugduni
872 458 968 492 1507.
1006 460 1043 491 F.
1080 478 1125 480 —
1157 461 1256 491 Brev.
1288 461 1510 491 Traiectense
1547 460 1628 501 imp.
1668 459 1836 491 Coloniae

278 504 373 536 1517.
400 506 440 537 G.

366 548 396 588 1,
429 548 449 582 3
476 550 629 591 fulgurat
663 550 778 581 orbita
803 550 845 581 D.
872 566 914 571 -—
939 547 970 588 2,
1005 547 1025 581 2
1050 550 1179 581 nobilis
1207 550 1244 580 A.
1271 568 1315 571 —
1339 547 1370 588 2,
1403 548 1424 581 3
1450 550 1588 592 populis
1614 549 1663 583 E:
1697 551 1836 581 insonet

274 597 324 635 D3
348 599 518 626 consonat
543 596 612 626 AB.
639 612 684 616 ——
709 593 740 631 3,
769 593 790 625 2
816 595 1098 626 Transscendens
1124 595 1248 626 tribuit
1265 595 1370 627 DEF.
1395 612 1438 617 —
1463 593 1494 633 3,
1519 594 1542 626 4
1566 595 1717 626 aureolis
1734 595 1774 626 A.
1792 612 1836 615 —

271 642 302 675 4,
335 638 356 672 3
381 642 538 682 germina
563 650 716 671 crescere
742 642 780 671 A.
807 657 851 661 ———
876 639 907 679 5,
940 638 961 670 2
989 642 1074 672 iiber
1094 638 1248 681 proprio
1276 638 1438 681 „inclito“
1466 642 1506 671 A.
1533 658 1575 663 -
1601 638 1631 677 6,
1663 638 1683 671 2
1708 641 1836 671 Nostra

273 691 306 717 et
330 686 537 723 Germania,
569 685 718 716 dariiber
743 686 898 717 Saxonia
927 686 973 725 A?
1008 689 1128 716 nostra
1152 686 1339 717 Germania
1364 685 1476 725 DEF3
1501 689 1688 726 nostraque
1714 685 1835 716 Fresia

273 731 313 762 G.
340 748 382 751 —
408 731 572 763 Obschon
597 731 624 762 F
643 727 841 762 Germmia
866 730 957 769 liest,
984 732 1030 761 ist
1053 730 1141 762 doch
1167 731 1354 762 zweifellos
1372 727 1538 762 Francia
1564 730 1619 761 die
1644 731 1832 771 urspriing-

272 776 363 807 liche
388 774 546 817 Lesung‚
582 786 652 806 was
684 776 781 806 indes
815 775 892 806 hier
926 783 1057 817 „unser
1081 772 1362 807 Fraozkenlsmffl
1396 775 1521 814 heirst,
1554 777 1620 807 wie
1644 775 1750 806 sehon
1775 775 1836 806 der

272 822 467 863 Gegensatz
502 832 543 852 zu
575 828 660 861 [lens
686 818 831 853 Gallica
860 822 998 862 anzeigt
1023 821 1091 852 und
1117 832 1187 853 was
1214 822 1250 852 in
1275 821 1331 853 die
1356 822 1433 852 Zeit
1457 821 1527 852 und
1552 821 1617 852 den
1644 820 1751 852 Mund
1776 820 1835 851 des

274 867 476 905 „Franken“
504 867 626 898 Raban
662 866 764 907 pal'st.
811 866 864 905 (In
889 866 1148 898 franzfisisohen
1175 865 1364 898 Brevieren
1389 866 1521 898 kommt
1545 866 1605 897 das
1632 865 1738 903 Lied,
1772 866 1836 896 wie

272 922 352 943 man
388 912 461 942 sich
496 913 532 942 in
557 911 759 942 Chevaliers
784 913 919 953 Repert.
954 912 1172 953 iiberzeugen
1197 912 1308 951 kann,
1341 911 1438 943 nicht
1460 912 1546 952 vor.)
1593 912 1766 942 Martinus
1791 912 1837 941 ist

272 958 553 998 Bistumspatron
588 967 657 988 von
682 957 818 996 Mainz,
852 956 959 988 daher
983 955 1014 995 5,
1040 955 1060 988 2
1088 954 1301 997 Ραηῃαηιαε
1327 958 1514 999 proprio
1541 954 1682 988 cantica
1707 966 1834 997 prae·

272 1002 380 1041 suli,
417 1013 487 1033 was
518 1002 615 1033 nicht
651 1003 714 1034 auf
742 1003 819 1034 eine
845 1002 1044 1043 Abfassung
1076 1003 1113 1033 in
1145 1002 1226 1034 oder
1257 1003 1312 1033 fiir
1335 1003 1448 1034 Tours
1480 1013 1522 1034 zu
1553 1001 1680 1033 deuten
1710 1002 1766 1032 ist.
1791 1018 1836 1021 —

272 1050 302 1085 ὅ,
327 1045 348 1078 3
374 1048 457 1079 facit
483 1048 521 1080 A.

643 1135 723 1171 155.
760 1135 841 1179 (24.)
876 1135 921 1170 In
946 1135 1240 1171 Purificatione
1265 1136 1313 1171 Β.
1341 1135 1395 1171 Μ.
1423 1136 1470 1172 V.

969 1205 1148 1245 (Dubius.)

418 1296 480 1335 R⁰
529 1298 600 1344 Qui
632 1298 713 1334 sine
744 1301 901 1344 peccato
932 1298 1064 1344 templi
1097 1302 1154 1334 est
1184 1297 1333 1335 oblatus
1364 1298 1414 1335 ad
1444 1309 1564 1345 aram,

608 1355 641 1392 A
672 1354 780 1391 nobis
812 1355 976 1391 clemens
1009 1355 1168 1392 crimina
1198 1365 1369 1401 quaeque
1402 1355 1541 1393 demat.

547 1456 584 1497 1.
632 1456 740 1502 Quod
773 1455 910 1492 chorus
943 1459 1070 1492 vatum
1102 1456 1339 1493 venerandus
1370 1456 1459 1493 olim

633 1512 779 1558 Spiritu
811 1516 942 1549 sancto
973 1511 1112 1551 cecinit
1142 1513 1324 1561 repletus,

630 1569 674 1606 In
705 1568 778 1605 Dei
810 1567 950 1605 factum
982 1569 1173 1615 genetrice
1204 1573 1351 1606 constat

817 1626 913 1662 Esse
941 1625 1078 1664 Maria.

546 1729 583 1765 2.
631 1727 736 1764 Haec
766 1727 885 1764 Deum
919 1727 1013 1764 caeli
1044 1727 1320 1774 Dominumque
1350 1731 1477 1765 terrae

630 1784 746 1831 Virgo
779 1784 954 1831 concepit
984 1785 1207 1831 peperitque
1238 1785 1343 1831 virgo

629 1841 757 1887 Atque
787 1846 874 1887 post
902 1845 1051 1887 partum
1084 1841 1220 1878 meruit
1250 1851 1402 1878 manere

816 1898 1015 1937 Inviolata.

545 2001 580 2037 3.
630 2000 745 2044 Quem
777 2009 893 2036 senex
925 1999 1045 2036 iustus
1076 1999 1227 2036 Simeon
1259 1999 1298 2035 in
1327 1999 1426 2036 ulnis

627 2056 670 2092 In
704 2056 814 2093 domo
845 2056 1007 2102 sumpsit
1038 2056 1190 2092 Domini
1221 2056 1384 2104 gavisus,

629 2112 686 2150 Ob
718 2113 819 2159 quod
850 2116 1020 2160 optatum
1052 2112 1208 2159 proprio
1239 2112 1387 2149 videret

814 2169 974 2206 Lumine
1007 2169 1212 2207 Christum.

543 2274 581 2308 4.
630 2270 687 2307 Tu
715 2270 837 2307 libens
870 2271 979 2320 votis,
1011 2271 1187 2317 petimus,
1222 2275 1420 2317 precantes

628 2327 742 2373 Regis
773 2328 918 2365 aeterni
949 2327 1122 2374 genetrix
1153 2325 1292 2374 faveto,

627 2383 741 2421 Clara
771 2394 866 2430 quae
898 2384 989 2420 celsi
1020 2384 1187 2421 retinens
1219 2384 1371 2431 Olympi

813 2441 942 2487 Regna
974 2441 1117 2486 petisti.

625 2541 682 2578 Sit
713 2541 794 2578 Deo
825 2545 954 2578 nostro
988 2542 1101 2578 decus
1133 2545 1170 2577 et
1200 2545 1381 2589 potestas,

625 2597 682 2635 Sit
713 2598 814 2635 salus
846 2608 996 2646 perpes,
1030 2599 1079 2634 sit.
1110 2599 1230 2635 honor
1259 2597 1452 2647 perennis,

623 2655 694 2700 Qui
725 2655 803 2701 poli
834 2665 978 2691 summa
1008 2655 1151 2692 residet
1181 2654 1219 2691 in
1250 2665 1338 2692 arce

811 2711 948 2748 Trinus
981 2716 1016 2748 et
1047 2722 1156 2749 unus.

540 2543 560 2578 CJ!

361 2801 426 2830 leit.
454 2803 485 2829 vt
512 2800 609 2831 Miss.
636 2811 698 2830 nis.
725 2801 758 2830 S.
778 2799 904 2831 Albani
923 2801 1123 2841 Maguntini
1149 2810 1238 2832 saec.
1267 2797 1318 2832 10.
1365 2799 1447 2831 Cod.
1466 2787 1704 2830 Vindobonen.
1728 2793 1821 2828 1888.

267 2846 306 2875 Α.
335 2862 372 2865 ”—
400 2845 504 2885 Τπ-«ψ.
531 2856 591 2875 ins.
618 2845 914 2885 Maguntinuni(‘?)
938 2855 1027 2877 saec.
1057 2843 1107 2876 lO.
1148 2846 1232 2877 Cod.
1261 2845 1450 2876 Londinen.
1468 2844 1552 2875 Add.
1583 2841 1822 2874 19760‘.1;.—

268 2890 394 2930 Hymn.
424 2901 484 2920 ms.
513 2891 703 2921 oasim-nso
729 2900 818 2921 sace.
848 2889 898 2923 10.
950 2891 1032 2922 Cod.
1059 2892 1220 2923 casinen.
1246 2888 1321 2922 5015.
1348 2893 1385 2921 C.
1411 2906 1454 2911 -
1479 2890 1548 2921 Rit.
1573 2893 1605 2920 et
1632 2888 1743 2928 hymn.
1763 2897 1823 2917 ms.

1992 556 1999 672 ...ς-.-
1995 531 1997 541 ᾼ
1993 301 2000 525 -ῃ--ᾟ

2011 252 2022 274 ν’.

1973 3145 2002 3289 57„
1976 3108 1979 3120 ,
