1914 3223
83 299 145 338 15.
177 297 240 336 Nil
271 297 350 335 Deo
386 294 532 341 fortius,

118 383 122 387 .
175 354 238 391 Nil
269 353 490 401 sapientius,

235 409 523 450 Nunc-tandem
556 408 704 455 didicit,

178 467 274 505 Dum
305 466 402 504 vires
436 465 577 503 viribus

178 524 226 561 Et
258 528 358 561 artes
388 522 532 560 artibus

236 580 412 617 Devictus
442 578 636 626 perspicit.

84 688 149 726 16.
178 687 253 725 Hic
284 687 357 723 cito
386 686 538 731 labitur,

179 744 274 781 Dum
306 752 487 790 praeceps
520 741 704 789 graditur,

235 801 368 838 insana
400 798 582 847 caecita53

180 857 242 895 Sic
273 866 419 893 caesum
444 865 607 905 currere,

180 914 397 951 Currentem
427 923 536 949 ruere

236 969 406 1007 Permisit
440 969 571 1006 deitas.

85 1078 146 1115 17.
179 1079 294 1123 Quem
322 1077 466 1125 lapsum
498 1076 606 1123 ignea

177 1134 344 1171 Retrusit
375 1143 500 1182 cavea,

233 1191 311 1237 Quo
342 1200 381 1226 se
413 1190 655 1235 demerserat,

179 1246 258 1283 Nec
287 1257 403 1292 mora,
437 1246 591 1284 miseros

177 1302 297 1340 Solvit
327 1303 550 1350 innumeros,

235 1360 333 1405 Quos
363 1359 427 1396 ille
458 1362 620 1406 ceperat.

83 1463 145 1499 18.
179 1461 325 1498 Potenti
357 1460 512 1498 dextera

178 1517 346 1564 Disrupit
379 1517 523 1554 viscera

235 1574 378 1611 vetusti
412 1574 595 1622 carceris,

176 1631 334 1668 Multum
366 1630 577 1679 timuerant,

176 1689 276 1733 Quae
304 1697 461 1724 massam
494 1691 671 1735 ceperant

231 1743 392 1781 Humani
422 1744 582 1790 generis.

84 1846 146 1883 19.
177 1844 372 1882 Scrutatur
401 1845 524 1882 omnia

175 1901 286 1948 Regis
314 1901 471 1938 victoria

233 1957 367 1995 Mortis
398 1958 567 2002 latibula,

176 2014 358 2051 Dissolvit
387 2012 500 2051 fortia

174 2070 280 2107 Forti
309 2071 478 2117 potentia

229 2127 392 2164 Reorum
424 2127 585 2166 vincula.

73 2229 140 2267 20.
172 2228 277 2266 Haec
306 2229 478 2268 Christus
505 2230 625 2276 spolia

176 2285 302 2322 Victor
333 2290 417 2333 post
450 2286 593 2333 proelia

229 2342 340 2379 Vexit
370 2343 417 2380 ab
448 2341 593 2390 inferis,

172 2398 276 2436 Haec
306 2398 606 2446 adgaudentibus

172 2454 352 2502 Supernis
384 2456 528 2494 civibus

227 2512 373 2549 Invexit
406 2513 566 2560 superis.

74 2612 140 2651 21.
173 2613 330 2651 Peracto
360 2614 486 2651 triduo

171 2669 294 2707 Vitam
327 2671 365 2707 in
396 2675 541 2707 mortuo

227 2725 449 2764 Reformans
481 2738 638 2775 corpore

172 2781 297 2830 Surgit
328 2783 517 2827 continuo,

171 2838 286 2876 Nullo
317 2840 388 2877 iam
421 2839 542 2877 denuo

231 2896 410 2933 Passurus
441 2901 622 2944 tempore.

888 686 953 724 23.

889 1078 954 1114 24.

884 1847 949 1884 26.

882 2615 948 2652 28.

917 303 952 332 ·.
984 294 1113 331 Ionam
1144 292 1358 343 glutiverat,

986 350 1060 388 Sed
1092 361 1164 388 non
1196 353 1482 396 consumpserat

1041 407 1191 444 Mariua
1222 405 1361 456 bellua,

985 465 1099 511 Quem
1130 467 1171 500 ut
1202 462 1393 509 traiciens,

986 521 1043 558 Ita
1073 519 1232 557 reiciens

1040 577 1234 615 Remansit
1267 585 1396 613 vacua.

987 684 1049 721 Sic
1080 684 1252 722 Christus
1284 681 1457 729 gentibus

985 742 1193 788 Emergens
1223 738 1398 776 fluctibus

1043 797 1208 835 Salutem
1240 794 1450 843 praedicat,

986 855 1091 892 Tunc
1123 853 1283 890 mundus
1312 852 1449 898 timuit,

987 911 1137 949 Timens
1169 909 1354 958 paenituit

1040 968 1101 1005 Ed
1133 967 1262 1014 culpas
1292 965 1457 1004 abdicat.

984 1076 1082 1114 Hinc
1120 1073 1412 1112 formidantibus

985 1133 1035 1170 Et
1066 1130 1356 1178 desperantibus

1042 1190 1126 1227 Suis
1157 1188 1334 1235 apparuit

984 1247 1109 1292 Atque
1142 1244 1327 1281 visibilem

986 1302 1037 1339 Et
1068 1301 1364 1339 contrectibilem

1041 1358 1123 1395 Illis
1154 1368 1194 1395 se
1223 1357 1410 1406 praebuit.

944 1492 952 1500 .
987 1460 1063 1497 Sed
1091 1458 1366 1497 admirantibus

984 1517 1035 1554 Et
1065 1527 1138 1553 non
1170 1515 1414 1553 credentibus

1041 1573 1123 1610 Illis
1154 1583 1246 1620 prae
1277 1572 1414 1620 gaudio

984 1629 1032 1668 Se
1063 1640 1150 1667 vere
1182 1630 1308 1667 vivere

984 1687 1035 1724 Et
1067 1696 1215 1724 carnem
1247 1696 1378 1733 gerere

1039 1743 1231 1780 Monstrat
1262 1743 1445 1781 convivio.

981 1845 1202 1892 Agnoscunt
1229 1846 1413 1894 protinus,

982 1902 1089 1948 Quod
1120 1905 1219 1938 esset
1248 1902 1444 1949 Dominus,

1039 1959 1109 2005 Qui
1140 1962 1412 2005 resurrexerat,

982 2015 1063 2053 Nec
1093 2015 1249 2052 tardant
1278 2014 1446 2064 credere,

984 2072 1100 2118 Quem
1134 2077 1290 2108 cernunt
1321 2072 1460 2120 vivere,

1039 2128 1143 2167 Sicut
1174 2128 1430 2175 praedixerat.

941 2260 949 2268 .
984 2230 1184 2277 Postquam
1214 2234 1273 2267 sat
1302 2230 1454 2267 luminis

983 2287 1143 2325 Creator
1172 2287 1333 2324 hominis

1038 2343 1168 2380 Terris
1203 2342 1408 2393 infuderat,

984 2401 1098 2438 Parat
1124 2400 1329 2437 ascendere

982 2456 1189 2504 Secumque
1221 2457 1369 2503 vehere,

1038 2514 1144 2559 Quod
1176 2513 1265 2550 inde
1296 2517 1519 2560 sumpserat.

981 2614 1057 2652 Sed
1093 2625 1219 2652 coram
1250 2615 1410 2653 testibus

979 2673 1059 2709 Ista
1090 2671 1265 2708 fidelibus

1036 2728 1249 2775 Disponens
1281 2739 1407 2778 agere,

980 2785 1100 2822 Sumit
1131 2783 1326 2832 familiam,

980 2841 1094 2879 Ducit
1127 2842 1349 2879 Bethaniam

1034 2897 1140 2935 Haec
1170 2898 1227 2935 illi
1257 2899 1437 2952 pandere,
