2031 3289
688 333 745 369 82.
779 334 838 375 (9.)
874 330 1001 367 Oratio
1029 329 1075 366 ad
1100 331 1266 366 sanctum
1291 329 1607 376 symphorianum.

392 440 427 476 1.
460 439 529 485 Qui
559 439 779 476 iuvenculus
810 437 1004 483 antiquam
1199 437 1236 475 3.
1268 435 1325 472 Tu
1355 447 1425 485 me,
1457 436 1633 472 miserum
1667 436 1870 483 concivem,

515 495 665 533 Christo
696 494 799 542 paris
829 493 1012 541 Aeduam,
1326 493 1372 529 de
1402 492 1551 529 sublimi
1579 493 1703 530 visita.

459 551 591 598 Capite
620 550 852 587 truncandus
882 548 994 586 fidem
1271 549 1390 587 Orans
1422 559 1559 594 regem,
1593 549 1657 594 cui,
1680 549 1796 584 litasti

517 617 688 644 asserens
719 606 953 653 catholicam,
1326 605 1517 652 sanguinis
1548 604 1740 652 libamina,

460 666 640 709 Impetra,
673 662 959 709 symphoriane,
1272 663 1324 700 Ut
1354 663 1462 698 unius
1494 661 1593 698 servi
1623 661 1677 698 tui

516 719 608 756 mihi
639 729 703 755 reo
734 718 896 755 veniam.
1328 717 1396 754 tibi
1429 718 1492 754 det
1523 718 1752 764 peccamina.

394 812 430 849 2.
464 809 563 855 Tibi,
597 810 685 846 dum
714 809 936 846 mactandus
967 809 1076 846 vadis
1203 812 1241 847 4.
1274 809 1327 846 Te
1357 818 1502 857 precor,
1535 807 1759 845 universalis

522 866 672 903 Christo
700 870 807 912 grata
838 865 972 913 hostia,
1329 868 1538 911 martyrum
1569 864 1738 913 victoria,

465 923 593 960 Mater
622 922 675 959 ait
706 926 809 958 stans
840 922 878 958 in
909 926 1042 968 porta:
1274 921 1326 960 Ut
1356 926 1460 958 tuum
1492 931 1623 958 exores
1653 931 1780 967 regem

519 979 573 1015 Mi
605 983 704 1026 nate,
737 989 783 1014 ne
816 978 959 1025 dubita,
1331 989 1399 1025 pro
1429 988 1511 1015 mea
1541 977 1704 1021 miseria,

464 1035 550 1072 Vita
580 1034 650 1071 tibi
680 1045 753 1071 non
786 1032 971 1084 aufertur,
1048 1031 1052 1034 ’
1276 1036 1520 1073 Peccatorum
1551 1038 1592 1070 ut
1627 1034 1816 1070 condoner

517 1091 584 1128 sed
615 1095 772 1138 paratur
800 1091 932 1138 gloria.
1333 1095 1420 1128 ante
1449 1094 1609 1128 mortem
1640 1090 1760 1127 venia.

471 1191 661 1223 Collectan.
679 1201 740 1222 ms.
761 1192 794 1224 S.
814 1191 928 1232 Sergii
946 1191 1209 1233 Andegavensis
1227 1201 1315 1223 saec.
1336 1189 1387 1222 11.
1418 1190 1501 1223 Cod.
1515 1190 1736 1232 Andegaven.
1754 1187 1820 1221 283
1834 1187 1936 1229 (274).

739 1345 794 1382 83.
830 1346 910 1389 (10.)
946 1346 1072 1382 Oratio
1098 1346 1144 1382 ad
1168 1348 1336 1383 sanetum
1361 1347 1570 1383 Martinam.

399 1454 434 1491 1.
469 1453 680 1499 Margarita
710 1453 961 1500 sacerdotum,
1213 1455 1249 1493 3.
1282 1454 1412 1500 Igitur,
1442 1463 1549 1500 quem
1581 1451 1683 1490 ferus
1712 1452 1829 1489 hostis

527 1509 693 1546 Martine
723 1509 969 1559 sanctissime,
1342 1511 1427 1546 telis
1459 1510 1585 1546 multis
1616 1509 1777 1555 perculit

10 1595 12 1598 >
470 1566 541 1603 Tui
572 1566 715 1603 saeculi
745 1567 900 1603 lucerna
1282 1567 1345 1616 Et,
1378 1566 1551 1613 sepulcro
1583 1566 1757 1602 vitiorum

0 1637 11 1662 ρ
526 1623 657 1668 solque
686 1623 1007 1671 splendidissime,
1339 1634 1384 1660 ne
1416 1633 1619 1670 resurgam,
1652 1623 1812 1668 impulit.

0 1672 12 1718 {f
468 1678 613 1715 Ceteris
645 1678 838 1716 confessor
868 1680 941 1726 pie,
1282 1680 1336 1717 Te
1367 1680 1540 1722 reclamo,
1574 1680 1678 1716 cuius
1709 1689 1828 1725 paene

6 1735 10 1742 '
525 1736 591 1772 sed
622 1740 750 1772 noster
780 1737 961 1783 apostole.
1337 1747 1440 1773 mens
1473 1737 1676 1782 desperans
1708 1736 1839 1783 periit:

396 1828 432 1864 2.
469 1827 526 1863 Tu
556 1830 732 1873 potenter
761 1827 989 1864 Acherontis
1211 1831 1249 1867 4.
1282 1829 1364 1866 Hac
1397 1828 1443 1864 de
1474 1831 1594 1864 morte
1624 1837 1683 1863 me
1714 1825 1878 1865 foetente

527 1883 691 1920 claustra
721 1888 780 1920 ter
811 1885 1010 1931 evisceras,
1336 1895 1439 1921 more
1469 1889 1532 1920 tuo
1563 1884 1715 1930 suscita,

469 1940 567 1976 Dum
598 1940 652 1976 tui
681 1944 846 1977 sectator
878 1940 1018 1978 Christi
1283 1941 1526 1978 Vulneratum
1558 1940 1801 1987 tabidumque

525 2001 602 2033 tres
635 1995 833 2034 defunctos
864 1997 1036 2045 suscitaS‚
1336 2009 1447 2035 manu
1478 2008 1567 2034 cura
1597 1997 1743 2034 medica

463 2053 514 2090 Et
545 2053 656 2090 saluti
688 2053 950 2102 languidorum
1284 2055 1430 2091 Petenti
1462 2054 1556 2091 nulli
1587 2058 1723 2101 negata

525 2109 693 2147 membra
723 2111 826 2147 mille
856 2121 1024 2158 reparas.
1339 2112 1481 2158 pietate
1512 2111 1636 2148 solita.

475 2211 664 2243 Collectan.
682 2222 743 2243 ms.
763 2213 797 2244 S.
817 2213 929 2254 Sergii
948 2213 1210 2255 Andegavensis
1229 2224 1316 2245 saec.
1338 2211 1387 2245 11.
1415 2212 1498 2245 Cod.
1517 2212 1738 2255 Andegaveu.
1756 2209 1822 2244 283
1837 2209 1940 2253 (274).

735 2367 791 2403 84.
827 2369 907 2411 (11.)
943 2368 1070 2404 Oratio
1098 2368 1143 2404 ad
1169 2370 1336 2405 sanctum
1362 2368 1584 2405 Mam-ilium.

400 2474 435 2510 1.
472 2473 653 2518 Quamvis
685 2477 898 2510 sanctorum
929 2474 1059 2511 ultimo
1213 2477 1250 2514 3.
1283 2476 1339 2512 Tu
1371 2476 1469 2512 vitae
1501 2476 1630 2513 reddis
1659 2480 1827 2513 mortuos

473 2529 663 2567 Scribaris
694 2529 731 2566 in
761 2530 944 2577 catalogo,
1283 2531 1331 2568 Et
1364 2533 1516 2570 sanitati
1547 2533 1757 2579 languidos,

0 2609 14 2635 ,ἡ
472 2586 575 2622 Inter
607 2586 747 2633 primos
778 2586 981 2624 laudabilis
1283 2588 1339 2624 Tu
1371 2589 1524 2638 templa,
1559 2589 1814 2626 caeremonias

0 2683 7 2718 δ
470 2642 521 2678 Es
553 2642 659 2679 nobis
690 2647 726 2678 et
757 2643 941 2691 amabilis,
1283 2644 1533 2683 Daemonicas
1565 2656 1736 2685 evacuas

0 2735 15 2799 μ’
400 2733 436 2769 2.
470 2732 635 2782 Maurili,
670 2732 716 2769 ab
748 2733 860 2770 Italia
1213 2737 1248 2772 4.
1283 2735 1381 2771 Hinc
1411 2735 1515 2772 urbis
1547 2741 1632 2772 tuae
1663 2735 1796 2772 incolis

0 2795 14 2835 53
470 2789 706 2825 Transmisso
737 2789 808 2827 Dei
840 2789 973 2837 gratia,
1280 2792 1332 2828 Es
1365 2802 1469 2828 amor
1500 2792 1704 2829 indicibilis

0 2871 3 2887 ,
470 2844 519 2882 Ut
549 2851 702 2882 snm-tae
733 2847 832 2883 vitae
863 2846 1006 2883 meritis
1283 2848 1330 2885 Et
1361 2848 1474 2889 clero,
1506 2859 1613 2895 quem
1647 2853 1686 2885 tu
1720 2849 1857 2895 iugiter

471 2901 548 2938 Nos
581 2902 721 2939 ditares
755 2904 960 2942 miraculiS.
1279 2905 1401 2943 Foves
1433 2906 1750 2953 praesentialiter.
