1914 3223
686 178 735 182 --
796 153 880 195 489
943 176 995 182 —

66 269 132 308 13.
164 267 227 306 Sic
257 266 341 318 fuit,
375 268 430 304 sic
457 271 527 316 est,
559 267 614 304 sic
644 267 742 314 erit3
887 267 950 306 19.
984 268 1013 306 Ο
1045 268 1237 305 humilitas
1266 268 1394 313 nimia,

164 324 282 362 Dives
313 324 501 371 imprimis
532 324 593 361 hic
622 323 707 370 erit,
986 325 1015 362 Ο
1047 328 1251 371 paupertas
1282 324 1479 368 altissima,

164 381 374 429 Pauperem
407 380 582 418 Christus
613 380 741 429 elegit,
984 381 1091 427 Quod
1122 392 1145 418 a
1175 381 1296 435 brutis
1327 381 1466 418 solacia

162 438 278 484 Quem
309 443 351 474 ut
381 448 487 474 suum
516 437 578 474 hic
604 436 796 484 deprimit.
984 437 1097 484 Capit
1128 437 1200 486 hic,
1232 437 1295 484 qui
1327 441 1384 474 est
1415 436 1560 473 onmia!

65 539 131 580 14.
165 539 341 577 Gaudeat
370 549 517 586 pauper
549 537 714 588 humilis,
888 539 956 579 20.
989 539 1101 585 Quid,
1119 539 1220 585 quod
1238 539 1304 576 bos
1321 549 1391 576 nec
1408 550 1481 576 non
1493 539 1620 576 asinus

162 596 264 633 Huic
293 596 434 633 mundo
468 595 677 645 dissimilis,
987 596 1158 642 Uterque
1200 595 1353 635 Christo
1385 595 1618 645 commodus,

165 652 306 690 Carens
337 652 480 689 nummi
513 652 656 690 divitiis
989 651 1051 698 Ni,
1084 652 1183 699 quod
1217 652 1348 689 doctus
1380 656 1415 689 et
1448 652 1623 689 indoctus

162 708 345 747 Abundet
375 708 555 746 virtutum
588 708 710 747 donis.
985 709 1155 755 Uterque
1186 709 1338 747 Christo
1370 709 1544 756 placidus
1558 707 1577 747 ‘3

67 811 134 852 15.
164 812 312 858 Quanto
343 810 426 857 quis
457 810 519 847 hic
550 810 768 859 pauperior,
883 811 949 850 21.
982 810 1126 847 Doctus
1158 820 1223 847 seu
1254 810 1373 848 idiota
1403 810 1463 848 sit.

164 867 287 905 Tanto
317 867 471 906 Christo
502 867 674 912 similior,
983 867 1089 904 Iesus
1120 867 1307 904 neminem
1339 866 1469 905 abicit.

165 924 239 970 Qui
270 924 416 961 cunctis
446 928 504 961 est
534 923 713 961 humilior
982 923 1196 961 Dummodo
1228 923 1327 960 hunc
1357 925 1540 961 amaverit

161 980 376 1028 Egenisque
406 981 625 1028 pauperior.
984 981 1107 1027 Seque
1138 981 1406 1018 humiliaverit.

65 1082 130 1122 16.
164 1083 314 1130 Pauper
345 1082 407 1120 hic
437 1083 542 1120 nasci
573 1083 706 1129 voluit,
886 1084 950 1121 22.
984 1083 1055 1128 Qui
1086 1083 1214 1120 verbis
1245 1083 1324 1120 vita
1353 1083 1539 1130 praeditis

162 1139 253 1177 Plus
283 1149 433 1188 pauper
464 1141 595 1187 vigens
627 1139 757 1187 deguit
986 1139 1060 1177 Seu
1090 1140 1175 1176 luce
1207 1139 1307 1177 vitae
1339 1140 1524 1186 simplicis

163 1196 221 1234 Ac
251 1200 518 1243 paupertatem
550 1197 655 1243 aluit,
985 1195 1195 1234 Proficiunt
1224 1196 1287 1233 hic
1317 1196 1414 1242 aliis,

164 1252 239 1290 Sed
270 1253 480 1300 pauperius
510 1252 618 1293 obiit.
986 1250 1166 1292 Salvator
1196 1252 1321 1290 calefit
1351 1253 1399 1290 ab
1430 1253 1502 1290 his.

65 1354 130 1393 17.
163 1354 260 1392 Vide
291 1353 483 1392 Christum
514 1354 778 1405 humillimum,
886 1355 953 1393 23.
984 1353 1107 1392 Natus
1139 1358 1332 1401 pastorum
1364 1355 1528 1402 optimus

163 1411 234 1458 Qui
266 1408 421 1458 frigoris
451 1411 731 1448 incommodum
986 1411 1195 1448 Nuntiatur
1225 1411 1456 1458 pastoribus.

162 1468 377 1514 Utcumque
407 1478 477 1515 per
507 1467 689 1505 solacium
986 1467 1070 1505 Non
1102 1468 1210 1515 pigre
1241 1468 1547 1518 dormitantibus,

163 1524 349 1571 Propellit
380 1524 612 1562 animalium.
985 1524 1060 1562 Sed
1088 1525 1191 1572 gregi
1223 1525 1480 1572 vigilantibus

63 1615 127 1655 18.
159 1616 303 1654 Horum
334 1626 496 1661 namque
526 1615 716 1653 anhelitus
884 1617 950 1656 24.
984 1615 1185 1662 Nunquam
1217 1616 1354 1653 mentis
1387 1616 1546 1661 desidia,

163 1670 349 1710 Calefacit
380 1672 535 1709 uberius
646 1710 653 1715 ,
985 1672 1059 1710 Sed
1092 1673 1242 1710 interna
1273 1672 1404 1720 vigilia

163 1727 368 1776 Infantem,
400 1729 463 1776 qui
491 1733 652 1777 propter
679 1727 798 1776 frigus
983 1729 1253 1776 Percipiuntur
1282 1729 1416 1767 intima

162 1785 239 1823 Sub
270 1785 408 1833 pannis
440 1786 543 1833 vagit
575 1786 724 1824 vilibus.
986 1785 1137 1824 Natalis
1171 1786 1313 1824 Christi
1341 1786 1491 1834 gaudia.

424 1877 491 1916 25.
525 1877 666 1913 Parare
697 1887 765 1914 nos
797 1876 847 1915 ad
878 1877 1040 1924 gratiam

526 1934 600 1971 Per
629 1933 816 1971 internam
851 1933 1061 1971 custodiam

523 1989 696 2036 Praesta,
729 1991 826 2039 Iesu,
860 2001 941 2038 rex,
973 1990 1129 2040 gloriae,

528 2047 645 2085 Pater
674 2047 800 2085 laudis
831 2051 1049 2094 perpetuae.

140 2135 222 2167 eod.
241 2135 491 2168 Carolsrulian.
517 2133 594 2168 368.
621 2153 665 2156 —
689 2133 720 2174 2,
747 2133 768 2166 2
788 2137 860 2168 Nec
877 2137 1014 2168 iustitia
1035 2146 1107 2167 nec.
1134 2152 1177 2157 —-
1205 2134 1258 2173 11,
1286 2133 1306 2167 2
1325 2146 1365 2167 ac
1383 2135 1555 2168 dominus.
1574 2153 1619 2158 —

50 2177 101 2219 13,
127 2179 147 2212 4
172 2182 254 2213 Lies
283 2184 320 2212 ut
345 2181 510 2213 servum?
535 2200 578 2204 —
607 2179 658 2219 16,
683 2178 704 2213 3
730 2184 972 2223 paupertatem
998 2182 1098 2213 abiit.
1124 2199 1167 2203 —
1193 2179 1247 2221 21,
1275 2180 1291 2212 1
1319 2181 1463 2213 idioata.

67 2441 103 2479 1.

409 2337 490 2372 474.
528 2338 608 2379 v'l7.)
642 2338 743 2372 Item
769 2338 816 2373 de
843 2339 980 2374 eadem
1007 2338 1250 2373 festivitate.

134 2441 243 2478 Nunc
272 2442 374 2479 Deus
408 2453 540 2480 carens
571 2447 743 2490 tempore

134 2497 467 2536 Circumscribitur
497 2504 680 2547 tempore,

135 2555 315 2592 Nascitur
346 2560 381 2592 et
415 2555 461 2592 de
492 2556 651 2605 virgine,

136 2611 207 2657 Qui
237 2615 346 2648 natus
377 2617 433 2649 est
465 2617 661 2659 perpetue.

97 2729 106 2739 .
138 2702 301 2748 Tempus
333 2706 371 2738 et
403 2702 501 2739 diem
535 2713 750 2752 congruum,

137 2757 279 2794 Horam
311 2758 508 2805 locumque
540 2759 721 2805 placitum

135 2812 261 2861 Elegit
291 2812 414 2852 factor
445 2816 608 2852 omnium

135 2869 198 2907 Ad
228 2881 332 2908 suum
366 2872 591 2911 natalitium.

884 2446 921 2483 3.

884 2706 922 2743 4.

954 2444 1068 2480 Dicta
1100 2444 1162 2480 die
1195 2443 1383 2480 dominica

953 2500 1134 2537 Nascitur
1163 2505 1273 2537 nocte
1303 2499 1428 2537 media

952 2557 1115 2594 Brumae
1144 2556 1213 2593 sub
1244 2556 1500 2600 inclementia,

954 2614 1181 2660 Peregrinus
1213 2625 1234 2650 a
1265 2613 1405 2660 patria.

955 2703 1077 2740 Natus
1110 2704 1147 2739 in
1180 2703 1390 2740 diversorio

954 2760 1114 2798 Ponitur
1144 2760 1181 2795 in
1214 2759 1451 2806 praesaepio,

956 2817 1068 2854 Cultu
1099 2821 1220 2852 tectus
1252 2817 1508 2865 pauperrimo,

956 2873 1058 2910 Bove
1091 2873 1187 2909 calet
1218 2878 1252 2909 et
1285 2873 1403 2912 asino,
