1914 3223
5 758 92 843 212.

29 1327 94 1368 13.

30 1858 95 1898 14.

35 2447 98 2486 15.

83 269 93 279 .
139 240 202 277 Te
232 239 403 288 obsecro,
434 243 472 277 te
504 250 632 289 exoro,

195 296 258 334 Ad
291 301 328 333 te
359 296 483 334 tendit
514 297 635 334 cultus
656 305 776 345 meus,

139 353 247 391 Mala
277 353 484 390 iuventutis
515 353 636 403 ploro,

197 409 407 457 Ingemisco
438 414 627 457 tamquam
661 420 759 456 reus,

196 466 337 504 Vultus
368 470 453 503 tuus
487 466 675 513 virgineus

141 523 183 560 In
216 523 366 559 excelso
398 521 527 559 fruens
558 522 667 560 thoro

195 578 392 625 Respieiat
422 589 493 625 me,
530 582 572 616 ut
602 578 705 616 Deus

140 635 182 672 In
214 639 289 673 tam
319 635 397 673 alto
427 635 525 673 locet
556 635 683 674 choro.

141 783 169 820 C
182 782 195 819 l
207 793 229 820 a
240 793 276 819 m
289 794 311 820 a
322 793 418 819 mus
449 783 522 819 vim
553 782 754 832 patientes,

196 839 298 877 Audi
329 849 440 877 voces
471 839 678 886 lugentium

139 895 372 942 Suscipeque
403 894 590 942 fugientes

196 952 337 991 Subtus
368 956 472 989 tuum
505 951 759 1001 praesidium

197 1009 339 1047 Terror
365 1009 491 1056 pulsat
511 1019 579 1046 nos
600 1008 776 1059 hostium,

141 1066 282 1104 Furiae
312 1069 444 1103 assunt
474 1064 653 1115 furentes,

198 1122 382 1159 Premunt
412 1121 514 1159 bella
543 1121 751 1169 hostilium,

141 1179 293 1217 Adiuva
324 1178 558 1218 deficientes,

139 1326 361 1364 Exsules
391 1337 413 1363 a
444 1326 565 1372 patris
597 1326 707 1363 domo

197 1383 319 1430 Culpa
349 1393 476 1419 sumus
508 1382 681 1430 exigente

140 1440 200 1478 Ex
232 1439 353 1477 veteri
383 1439 471 1486 ligni
505 1450 616 1486 pomo

196 1495 360 1534 Diabolo
389 1499 626 1544 suggerente,

195 1553 277 1590 Nec
308 1552 381 1590 nisi
412 1556 449 1589 te
481 1556 725 1590 succurrente

142 1608 418 1648 Iustificabitur
448 1609 560 1647 homo

199 1666 323 1704 Natus
340 1676 386 1703 ex
403 1677 477 1703 non
498 1670 629 1703 saneta
645 1670 781 1715 gente;

140 1723 244 1761 Audi
281 1727 380 1770 vota,
412 1733 508 1769 quae
540 1722 733 1768 depromo,

140 1858 271 1897 Filii
302 1858 597 1905 protoparentis,

201 1915 327 1953 Patris
357 1925 484 1952 sumus
517 1925 730 1962 egenorum,

142 1972 318 2010 Frondes
349 1971 498 2009 arboris
528 1973 686 2021 arentis,

201 2029 285 2076 Igni
315 2029 395 2075 apti
426 2032 668 2077 tartarorum,

200 2086 252 2123 Ni
281 2090 335 2131 tu,
366 2088 489 2122 mater
518 2085 741 2122 miserorum

143 2142 266 2180 Huius
298 2142 439 2179 saeculi
469 2141 646 2190 labentis,

201 2197 789 2245 Nospraesentesantethronum

144 2256 216 2293 Tui
247 2255 328 2292 nati
357 2255 581 2299 innocentis

143 2448 276 2486 Evae
305 2447 451 2494 primae
481 2447 661 2494 snperbia

203 2504 284 2542 Nos
317 2504 456 2542 deiecit
486 2514 569 2541 cum
601 2503 748 2541 miseris

146 2561 208 2600 Ex
239 2561 428 2608 serpentis
458 2561 615 2610 invidia,

206 2617 277 2663 Qui
308 2615 381 2654 fuit
411 2621 543 2655 auctor
572 2616 750 2662 sceleris3

204 2673 330 2720 Unde,
361 2673 434 2711 nisi
463 2684 529 2711 nos
560 2673 700 2710 iuveris

153 2728 201 2769 In
232 2729 304 2767 hac
339 2730 475 2777 grandi
505 2730 669 2775 miseria,

203 2785 462 2824 Detrudemur
491 2787 529 2824 in
560 2784 694 2824 inferis

149 2842 241 2881 Cum
272 2841 452 2880 infernali
484 2841 597 2881 furia.

850 241 913 281 16.

850 783 912 822 17.

853 1327 918 1365 18.

858 1859 923 1897 19.

855 2448 920 2485 20.

960 241 1033 279 Ad
1064 240 1172 279 fletus
1206 246 1242 279 et
1273 241 1437 289 suspiria

1018 299 1178 336 Intende
1208 303 1357 336 nostros
1388 298 1595 336 clementer

960 354 1175 402 Nostraque
1204 355 1397 393 desideria

1017 412 1060 449 In
1093 416 1130 448 te
1160 412 1314 449 attende
1345 410 1548 455 ferventer,

1018 467 1069 506 Ut
1102 468 1291 505 valeamus
1325 468 1504 506 decenter

962 523 1046 560 Tibi
1078 524 1233 571 obsequi
1263 525 1300 561 in
1332 525 1406 571 via,

1018 580 1185 617 Tandem
1215 581 1364 628 assequi
1386 580 1595 628 gaudenter

965 635 1075 674 Vitae
1107 637 1204 674 bona
1234 638 1429 685 perennia.

961 784 1024 820 Te
1056 783 1263 831 requirunt,
1296 784 1410 821 maris
1443 784 1563 828 stella,

1018 838 1064 879 In
1105 841 1225 877 noetis
1268 840 1376 877 huius
1414 840 1593 885 tenebris,

961 896 1032 943 Qui
1063 896 1227 934 titubant
1258 898 1297 934 in
1328 897 1482 945 fiscella,

1016 953 1201 999 Absorpti
1241 954 1375 1000 eulpae
1413 953 1594 1000 latebris3

1020 1010 1099 1047 Hos
1130 1010 1248 1056 ignita
1278 1010 1353 1046 urit
1384 1008 1514 1055 febris,

964 1066 1155 1113 Fragrans
1187 1071 1457 1113 unguentorum
1486 1067 1595 1115 cella,

1020 1122 1280 1169 Caligantibus
1311 1123 1507 1169 palpebris

965 1179 1008 1215 In
1040 1179 1230 1226 voraginis
1261 1180 1442 1226 procella.

965 1325 989 1363 S
1003 1338 1028 1363 u
1039 1326 1178 1373 spira
1191 1337 1224 1362 m
1240 1337 1261 1362 u
1273 1337 1290 1362 s
1331 1326 1369 1362 in
1400 1326 1597 1363 tormentis

1022 1382 1180 1420 Gravati
1210 1382 1477 1420 maestitudine

965 1439 1183 1485 Allectique
1214 1439 1483 1476 blandimentis

1021 1496 1172 1537 Mundi,
1206 1496 1329 1532 carnis
1362 1495 1564 1532 dulcedine

1024 1552 1104 1589 Nec
1135 1552 1300 1589 valemus
1333 1552 1526 1588 conamine

967 1609 1098 1646 Totius
1130 1608 1314 1645 humanae
1345 1609 1479 1645 mentis

1024 1665 1208 1712 Aspicere
1238 1666 1274 1701 in
1307 1665 1446 1701 lumine

967 1722 1064 1759 Boni
1095 1721 1360 1759 indeficientis.

971 1857 1241 1896 Gementes
1272 1858 1358 1895 ideo
1389 1868 1514 1893 sumus

1026 1914 1144 1952 Gravi
1175 1913 1305 1951 effecto
1337 1923 1505 1961 corpore,

966 1971 1065 2008 Dum
1096 1982 1182 2017 nos,
1224 1971 1366 2007 eunctis
1398 1970 1459 2016 qui
1491 1979 1599 2016 prae-

1331 2037 1468 2065 sumus,

1023 2084 1250 2122 Desidentes
1282 2094 1372 2129 prae
1403 2088 1555 2128 torpore

1023 2141 1160 2178 Mortis
1194 2140 1364 2186 depressi
1396 2148 1531 2184 sopore

972 2197 1178 2235 Definimus
1208 2196 1262 2232 uti
1294 2194 1417 2232 fumus

1024 2255 1067 2290 In
1095 2253 1165 2290 hoc
1196 2252 1340 2300 gratiae
1372 2257 1566 2297 tempore3

967 2310 1098 2356 Erige,
1130 2320 1221 2356 quos
1253 2309 1389 2355 premit
1420 2308 1566 2345 humus.

968 2446 1026 2483 Et
1058 2449 1098 2481 tu
1131 2444 1231 2481 dulci
1263 2448 1326 2480 tuo
1358 2453 1442 2479 rore

1026 2503 1225 2540 Formatas
1258 2500 1304 2536 de
1335 2504 1459 2536 terrae
1491 2499 1580 2534 limo

970 2559 1112 2597 Carnes
1141 2556 1284 2604 confige
1316 2557 1448 2592 timore

1027 2613 1251 2660 Degentium
1284 2612 1343 2648 hic
1375 2612 1412 2647 in
1444 2612 1530 2654 imo,

1030 2671 1086 2707 Ne
1117 2669 1315 2706 trudamur
1344 2668 1380 2703 in
1413 2667 1552 2713 intimo,

974 2727 1049 2764 Sed
1081 2725 1197 2763 filium
1231 2735 1313 2761 eum
1346 2728 1508 2760 tremore

1028 2784 1262 2820 venerantes
1294 2786 1395 2817 tuum
1428 2779 1550 2826 primo

972 2839 1065 2876 Eius
1099 2837 1269 2875 fruamur
1299 2846 1438 2874 amore.
