2031 3289
942 182 1247 224 —200—

757 407 838 442 207.
864 407 944 449 (97.)
979 407 1025 442 In
1050 407 1168 443 festis
1194 408 1431 452 Martyrum.

948 502 988 532 ln
1015 499 1044 532 1.
1070 502 1257 533 Nocturno.

338 637 371 674 1.
407 637 559 675 Scutum
592 637 693 674 Deus
726 638 889 675 omnium

404 694 452 731 Et
486 704 624 731 corona
655 698 875 745 martyrum,

409 751 500 787 Tam
534 761 646 788 causa
678 751 922 788 certaminum

402 808 518 854 Quam
550 808 675 854 palma
707 808 939 845 certantium.

1152 641 1187 678 2.
1222 639 1295 675 Per
1326 639 1421 675 hanc
1453 645 1582 685 pectus
1613 642 1813 687 martyris·

1219 695 1351 732 Turris
1385 694 1631 743 fortitudinis,

1222 752 1264 788 In
1297 753 1440 788 cunctis
1471 753 1649 799 periculis

1221 808 1397 846 Persistit
1427 809 1641 847 immobilis.

1219 945 1426 991 Eriguntur
1457 945 1651 982 machinae

1219 1001 1318 1037 Hinc
1347 1002 1452 1038 illinc
1482 1002 1712 1048 innumerae,

1217 1058 1440 1104 Diriguntur
1470 1069 1605 1096 saxeae

1218 1115 1341 1151 Moles
1373 1115 1410 1151 in
1443 1115 1539 1152 hanc
1570 1116 1747 1161 undique.

406 944 479 981 Per
506 944 668 980 inermes
701 944 859 980 dimicas

405 1001 455 1038 Et
484 1004 649 1037 armatos
680 1011 847 1050 superas,

408 1058 513 1093 Intus
545 1068 651 1094 arma
679 1055 857 1094 fabricas.

403 1113 546 1160 Quibus
578 1118 719 1160 pugnat
750 1114 901 1152 caritas.

1220 1251 1364 1297 Pugnat
1394 1254 1494 1288 totus

1272 1308 1433 1344 mundus
1465 1312 1584 1356 extra,

1219 1364 1348 1401 Salvat
1378 1375 1473 1401 unus

1275 1421 1377 1469 Deus
1409 1421 1520 1466 intra,

399 1250 469 1287 His
501 1249 642 1288 confisa

456 1307 551 1344 bene
582 1307 701 1344 virtus

402 1364 553 1401 Nudum
586 1363 685 1400 hosti

460 1421 616 1467 praebet
648 1424 791 1469 pectus,

514 1478 632 1523 Quam
664 1488 686 1513 a
720 1476 864 1513 dextris

512 1535 560 1571 Et
592 1533 768 1581 sinistris,

1332 1479 1463 1522 Ferro,
1496 1477 1654 1515 flammis

1331 1534 1473 1571 Caecus
1504 1535 1622 1571 hostis

568 1591 745 1627 Muniunt
1388 1591 1580 1638 Saeviens‚

512 1649 546 1685 A
577 1647 737 1684 laesuris
1332 1648 1474 1693 Nescit,
1508 1648 1608 1685 intus

517 1705 712 1744 Universis
1330 1708 1432 1750 Quae
1463 1705 1511 1741 sit
1541 1705 1660 1741 virtus

574 1762 788 1807 Protegunt,
1366 1796 1372 1803 ,
1391 1762 1605 1808 Protegens.

513 1820 554 1856 In
586 1818 683 1854 hanc
713 1827 860 1864 pugnae
1331 1818 1492 1855 Crebros
1522 1818 1619 1854 ictus

512 1876 828 1920 Quantascunque
1331 1875 1405 1911 Dat
1437 1875 1600 1911 assuitus

571 1931 750 1968 Saeviunt
1386 1931 1609 1978 Vehemens,

510 1988 603 2035 Spes
628 1998 812 2035 securam3
1330 1988 1404 2025 Sed
1434 1992 1490 2025 est
1520 1988 1622 2026 intus

512 2045 630 2082 Fides
662 2050 801 2081 certam
1330 2045 1401 2082 Dei
1433 2045 1550 2081 virtus

568 2101 741 2139 Faciunt.
1390 2102 1629 2139 Praevalens.

811 2241 846 2278 3.
881 2239 1005 2276 Multa
1035 2243 1133 2285 sunt,

939 2307 1075 2342 magna
1106 2301 1192 2332 sunt

994 2353 1037 2389 In
1068 2356 1218 2389 sanctos
1250 2353 1406 2399 proelia,

882 2410 1006 2447 Pauca
1036 2409 1097 2445 vel

935 2476 1053 2513 parva
1082 2469 1180 2513 sunt,

989 2523 1175 2568 Quantum
1206 2524 1255 2560 ad
1286 2523 1474 2571 praemia3

877 2579 989 2616 Cuius
1021 2579 1114 2616 haec

936 2636 1034 2673 dona
1064 2639 1162 2685 sunt,

991 2693 1084 2739 Regi
1116 2692 1164 2730 sit
1196 2693 1329 2740 gloria.

413 2830 437 2860 13
464 2830 520 2860 sol.
548 2826 630 2860 94a.
657 2847 699 2851 ——
726 2830 751 2861 C
778 2828 835 2860 fol.
865 2826 967 2859 184a.
996 2845 1038 2850 —
1074 2826 1100 2867 l,
1131 2826 1141 2858 l
1167 2828 1312 2859 Acutum
1333 2829 1426 2860 Deus
1446 2828 1483 2860 C.
1510 2846 1552 2851 ——
1578 2825 1608 2866 2,
1635 2826 1655 2860 6
1684 2828 1755 2860 illic
1784 2831 1820 2861 C.
1840 2845 1877 2851 —

319 2872 349 2908 2,
377 2873 397 2903 9
423 2875 559 2915 Pugnat
585 2875 694 2905 thoris
714 2875 750 2906 Β.
778 2894 816 2896 -
844 2871 874 2911 2,
905 2871 944 2905 13
975 2874 1076 2905 Fon-0
1103 2874 1251 2905 flaminis
1271 2874 1304 2905 C.
1333 2891 1374 2896 -—-
1400 2872 1430 2913 2,
1462 2872 1500 2905 14
1525 2885 1623 2906 secus
1649 2874 1759 2905 hostis
1782 2875 1818 2905 13.
1836 2891 1879 2895 —-

318 2918 348 2957 2,
379 2919 418 2951 16
444 2921 599 2952 Noscunt
626 2921 718 2951 intus
745 2920 782 2951 Β.
