2031 3289
884 162 1192 204 —546—

570 331 652 367 372.
688 332 747 374 (1.)
782 331 839 365 De
865 329 1138 374 conceptione
1164 328 1309 364 beatae
1334 327 1503 363 Mariae.

877 401 1038 441 Hymnus
1063 400 1212 431 Primus.

540 495 576 533 1.
627 493 764 530 Rerum
796 491 903 529 frena
933 495 1066 528 tenens
1097 490 1271 528 conditor
1301 489 1479 533 omnium,

627 550 762 586 Portus
794 546 994 596 naufragii,
1028 547 1163 584 dextra
1193 546 1415 591 natantium,

624 606 682 643 De
713 605 823 642 stella
853 604 1012 641 rutilans
1042 603 1098 640 sol
1129 603 1211 640 sine
1241 602 1418 649 motibus,

762 660 881 698 Nobis
913 670 1023 707 surge
1054 658 1292 698 cadentibus,

545 778 581 815 2.
630 775 762 813 Virtus
794 773 1044 820 omnipotens,
1078 782 1168 810 vera
1198 771 1370 816 scientia,

630 832 848 870 Perdurans
879 829 1043 878 bonitas,
1075 828 1246 866 omnibus
1278 827 1417 874 omnia,

629 888 786 925 Stellam
816 887 925 923 mitte
955 890 1058 923 tuam
1091 889 1202 922 nocte
1234 883 1434 933 viantibus,

774 943 877 989 Quae
908 942 955 979 sit
989 942 1078 989 dux,
1111 941 1171 978 via
1202 939 1406 987 gressibus.

548 1060 584 1097 3.
630 1056 758 1094 Floris
786 1055 977 1103 principio
1008 1058 1120 1102 prata
1150 1053 1313 1092 virentia

629 1113 732 1151 Dant
764 1113 880 1149 risum
913 1111 1039 1159 genito
1070 1109 1163 1148 flore
1193 1109 1374 1155 recentia,

630 1169 781 1208 Gaudet
812 1172 934 1205 mater
964 1168 1110 1217 humus,
1144 1167 1282 1214 gaudet
1314 1170 1352 1202 et
1381 1165 1506 1202 incola

766 1226 960 1272 Concepta
990 1224 1064 1260 sibi
1095 1223 1277 1261 vermula.

545 1332 582 1366 4.
627 1328 781 1374 Matris,
815 1327 978 1376 Christe,
1012 1330 1099 1363 tuae
1130 1324 1230 1362 festa
1259 1323 1471 1362 colentibus

630 1384 808 1431 Purgatis
840 1383 986 1420 tribuas
1017 1382 1174 1420 aethera
1203 1381 1394 1426 sordibuS,

630 1441 790 1478 Laetum
822 1439 941 1477 redde
974 1439 1086 1488 diem,
1119 1449 1191 1485 quo
1222 1448 1310 1475 rosa
1340 1437 1519 1484 gignitur,

771 1497 861 1535 Flos
892 1494 1026 1533 fiomm
1053 1495 1124 1532 tibi
1155 1494 1336 1542 pingitur.

548 1602 587 1638 5.
636 1598 868 1635 Promissam
900 1597 1067 1634 canimus
1098 1596 1212 1634 laude
1242 1595 1479 1642 prophetica,

635 1655 738 1700 Quae
768 1654 833 1691 lux
864 1658 921 1690 est
951 1653 1100 1690 miseris
1131 1653 1317 1699 stellaque
1348 1651 1510 1700 nautica,

633 1711 747 1748 Lucis
778 1710 1008 1757 principium
1039 1720 1126 1746 mox
1158 1709 1247 1746 colit
1280 1707 1421 1757 infima,

768 1767 827 1804 Ne
857 1777 932 1804 nox
962 1767 1046 1804 luce
1077 1766 1126 1802 sit
1158 1765 1302 1803 ultima.

550 1871 588 1909 6.
637 1869 763 1907 Udam
796 1866 881 1905 fons
912 1867 1026 1904 hodie
1055 1866 1176 1904 dulcis
1207 1866 1360 1903 humum
1393 1863 1498 1913 facit,

638 1924 808 1963 Granum
838 1924 1008 1961 laetitiae
1039 1923 1163 1961 cultor
1192 1922 1295 1960 humi
1325 1921 1428 1968 iacit,

639 1981 811 2020 Phoenix
842 1980 1056 2027 concipitur
1085 1979 1202 2026 lapsis
1235 1983 1271 2015 et
1301 1978 1412 2015 unica

771 2037 938 2084 Lampas
969 2037 1146 2083 scalaque
1178 2035 1332 2074 caelica.

554 2142 589 2181 7.
640 2139 793 2187 Mundi,
827 2138 990 2187 Christe,
1025 2138 1127 2175 salus
1157 2147 1321 2184 veraque
1351 2136 1520 2183 physica,

637 2196 739 2234 Falli
770 2194 990 2234 vulneribus
1020 2194 1148 2232 nescia
1177 2194 1360 2242 practica,

640 2253 857 2299 Conceptae
887 2251 1032 2288 meritis
1063 2250 1230 2298 pectoris
1260 2251 1389 2287 ulcera

764 2308 942 2355 Mundes,
975 2307 1038 2354 qui
1068 2307 1166 2354 regis
1197 2307 1365 2346 aethera.

366 2423 452 2454 Clm.
471 2424 652 2454 Monacen.
677 2418 777 2453 6911.
803 2430 892 2452 saec,
922 2417 972 2451 13.
998 2419 1039 2451 A.
1066 2436 1109 2441 —
1135 2419 1219 2451 Cod.
1236 2419 1352 2450 Palat.
1369 2418 1613 2450 Vindobonen.
1634 2415 1733 2450 3121.
1753 2426 1839 2450 saec.

277 2468 328 2501 15.
359 2470 397 2501 Β.
427 2485 470 2489 -
497 2467 531 2506 1,
563 2465 582 2498 2
610 2467 702 2498 Pons
732 2470 811 2508 post
842 2466 1016 2506 naufragii
1043 2465 1082 2496 B.
1113 2482 1157 2486 —
1185 2463 1222 2503 1,
1256 2462 1277 2495 2
1302 2465 1498 2496 notantium
1524 2464 1563 2495 B.
1589 2479 1632 2485 —
1657 2461 1696 2501 2,
1728 2460 1746 2494 1
1772 2471 1841 2494 una
1990 2468 1993 2500 1

275 2515 422 2546 scientia
446 2514 484 2545 B.
518 2530 561 2534 —
585 2509 616 2549 2,
641 2509 662 2544 3
688 2511 799 2545 Stella
824 2511 863 2542 A.
889 2528 933 2531 —
959 2508 990 2547 3,
1017 2507 1038 2541 2
1064 2511 1133 2541 Dat
1157 2510 1196 2541 B.
1221 2526 1266 2530 —
1290 2507 1320 2548 3,
1350 2507 1371 2541 3
1396 2509 1481 2541 iiber
1507 2509 1619 2540 ”mter
1643 2509 1694 2541 als
1717 2507 1840 2541 Glosse
1949 2525 1954 2529 ·
1990 2503 1993 2544 Ι

272 2558 399 2597 Anna,
434 2559 520 2590 iiber
551 2555 671 2589 incola
705 2557 834 2589 ebenso
862 2552 1029 2587 Joachim
1056 2555 1097 2586 A.
1129 2571 1173 2576 —
1205 2552 1244 2592 3,
1270 2553 1291 2585 4
1316 2555 1363 2586 Et
1396 2558 1563 2596 concepta
1595 2554 1662 2586 sibi
1690 2554 1739 2593 A,
1765 2552 1840 2586 Sibi
1991 2550 1993 2554 ’

275 2608 442 2646 concepta
459 2604 497 2635 B.
522 2619 565 2624 —
583 2603 650 2635 Str.
676 2601 698 2634 4
724 2603 776 2634 bis
803 2600 821 2632 7
846 2600 961 2633 fehlen
979 2601 1017 2632 B.
1037 2617 1082 2621 —-
1098 2597 1129 2638 7,
1151 2597 1172 2630 2
1188 2601 1299 2631 nescit
1318 2602 1472 2642 practica
1488 2600 1527 2631 A.
1545 2616 1590 2620 —
1607 2599 1668 2631 Als
1688 2597 1839 2641 Beispiel¹

276 2651 330 2682 fiir
362 2649 423 2681 das
448 2649 597 2680 Metrum
633 2646 890 2689 asclepiadeum
919 2645 1193 2678 choriambicum
1222 2649 1279 2685 „ut
1305 2647 1341 2676 in
1366 2645 1432 2678 hoc
1458 2645 1598 2686 hymno,
1623 2655 1725 2687 quem
1749 2653 1839 2675 com·

278 2696 378 2737 posui
411 2695 452 2726 de
486 2695 710 2736 conceptione
743 2693 866 2724 beatae
898 2692 1033 2723 Mariae
1065 2691 1224 2733 virginis
1282 2692 1379 2730 Quae
1415 2691 1595 2732 conceptio
1629 2689 1840 2732 intellegitur
1989 2667 1993 2736 ἱ

277 2739 508 2771 sanctificatio
540 2740 577 2770 in
602 2736 733 2770 utero“.
781 2736 879 2769 Nach
904 2737 980 2768 dem
1009 2737 1186 2777 Hymnus:
1223 2738 1375 2777 „Cantus
1400 2735 1504 2767 huius
1530 2735 1648 2777 hymni
1674 2735 1763 2767 idem
1787 2736 1840 2765 est
1990 2738 1993 2801 1

276 2795 353 2817 cum
387 2788 490 2816 cantu
523 2785 626 2816 huius
650 2783 789 2824 hymni,
820 2784 879 2824 qui
906 2783 957 2813 sic
982 2782 1122 2823 incipit:
1149 2778 1362 2813 Sam-torma
1389 2779 1526 2813 meritis
1553 2777 1681 2812 inclita
1702 2775 1838 2821 qaudia

278 2828 362 2862 etc.“
401 2831 440 2862 A.
466 2847 507 2851 —
527 2829 682 2861 Zarncke
707 2839 737 2860 a.
765 2838 795 2859 a.
813 2828 852 2859 Ο.
880 2828 914 2859 S.
941 2824 984 2858 78
1008 2837 1040 2858 u.
1067 2827 1087 2861 f.
1109 2829 1176 2858 Str.
1214 2825 1228 2858 1
1256 2827 1310 2859 bis
1335 2824 1373 2866 33
1400 2827 1495 2859 seine
1514 2826 1636 2866 Quelle
1659 2825 1740 2858 liest
1756 2823 1839 2856 aber

281 2873 313 2913 2,
340 2873 355 2906 1
383 2874 489 2907 nicht.
515 2885 586 2906 was
612 2885 649 2906 er
674 2875 710 2906 in
736 2873 790 2905 ihr
813 2873 953 2914 gelesen
978 2872 1048 2904 hat.
