2031 3289
913 239 965 246 —
1025 212 1213 258 300-

759 359 841 398 302.
877 361 936 404 (4.)
971 361 1031 398 De
1057 333 1380 399 confessoribus.

886 462 916 497 Ο
941 467 1062 498 sancte
1085 463 1249 500 Niealae.

669 533 764 583 Ave,
795 534 950 581 praesul
979 538 1120 578 sancte,
1153 535 1217 582 qui
1247 547 1385 583 pueros

725 590 820 626 Tres
850 590 1017 627 insontes
1047 591 1222 629 addictos
1253 590 1376 630 funeri

671 645 906 692 Perpetrasti
937 646 1043 684 abire
1072 647 1213 685 liberos
1367 687 1370 689 .

727 703 975 750 virginesque
1005 708 1136 750 stupro
1165 715 1239 741 non
1270 705 1395 755 atteri,

727 759 803 797 Ora
833 759 966 809 Deum,
998 763 1039 797 ut
1069 760 1125 797 sic
1155 771 1212 796 me
1244 762 1388 799 conteri

669 815 872 862 Largiatur
901 821 939 852 et
967 815 1058 853 flere
1085 816 1242 854 miseros

672 872 780 908 Vitae
809 872 951 919 lapsus,
982 874 1084 920 quod
1114 873 1266 911 tandem
1299 885 1456 921 superos

726 928 869 965 Videns
899 930 1040 976 possim
1071 930 1128 966 his
1159 941 1283 967 comes
1313 930 1408 968 fieri.

726 1105 808 1154 303.
844 1107 902 1148 (5.)
936 1104 1053 1142 Sour:
1079 1105 1158 1143 Iste
1187 1107 1394 1153 confessor.

873 1214 902 1249 O
927 1218 1048 1249 sancte
1073 1214 1120 1248 M
1121 1216 1249 1250 arti‘ne.

573 1286 609 1323 1.
640 1286 737 1333 Ave,
767 1286 829 1333 qui
864 1293 1008 1333 partem
1040 1287 1148 1334 pallii
1180 1287 1343 1335 scidisti,

641 1343 700 1380 De
730 1354 807 1395 qua
837 1347 1029 1390 repertum
1060 1353 1267 1392 pauperem
1297 1344 1458 1391 vestisti,

638 1399 758 1437 Modo
790 1399 922 1437 beatus
953 1401 1051 1438 nites
1081 1400 1277 1450 trabeatus

760 1456 935 1494 Candida
965 1457 1076 1495 stola.

884 1565 914 1601 0
940 1569 1062 1601 sam-te
1086 1566 1237 1611 Greqori
1242 1594 1248 1600 .

569 1639 605 1675 2.
638 1637 731 1687 Ave,
765 1639 829 1684 qui
859 1642 1027 1676 tractans
1059 1650 1180 1676 mores
1215 1639 1282 1677 Iob
1315 1639 1415 1677 beati

643 1694 777 1731 Vivere
808 1695 920 1732 doces
950 1696 1150 1742 languidos
1180 1701 1218 1732 et
1248 1697 1340 1745 pati,

640 1750 750 1788 Nune
779 1751 818 1788 in
849 1758 1063 1791 sanctorum
1095 1757 1204 1790 coetu
1235 1752 1490 1791 confessorum

757 1808 844 1845 Iure
874 1807 1052 1857 refulges,

571 1923 608 1959 3.
640 1920 670 1958 Ο
702 1919 937 1958 confessores
973 1921 1121 1959 Domini
1151 1923 1305 1969 sacrati,

639 1977 826 2015 Candidis
856 1977 963 2015 stolis
993 1979 1072 2016 vita
1103 1979 1283 2025 decorati,

638 2033 759 2071 Deum
789 2039 910 2084 orate,
942 2035 996 2072 rei
1026 2039 1068 2072 ut
1097 2040 1249 2082 optatae

756 2091 882 2129 Donet
911 2101 1105 2129 assensum
1122 2089 1170 2142 ¹).

775 2264 858 2301 304.
892 2265 952 2308 (6.)
988 2265 1048 2300 De
1072 2264 1333 2310 Martyribus.

858 2366 888 2402 O
913 2371 1034 2402 sancte
1060 2367 1249 2412 Stephane.

663 2440 760 2488 Ave,
791 2439 908 2488 pugil,
941 2439 1005 2486 qui
1031 2439 1071 2476 in
1101 2439 1236 2488 agonia

723 2495 903 2534 Caritatis
934 2506 1136 2534 succensus
1167 2495 1314 2534 facibus

670 2552 745 2590 Pro
775 2552 926 2590 illorum
957 2553 1073 2590 orasti
1106 2553 1227 2601 venia,

723 2609 795 2656 Qui
824 2613 862 2649 te
894 2609 987 2646 diris
1018 2620 1194 2647 saxorum
1223 2610 1361 2648 ictibus

722 2665 955 2714 Obruebant,
986 2666 1088 2703 mitis
1118 2666 1349 2716 immitibus3

663 2723 739 2761 Ora
770 2722 903 2768 Deum,
936 2723 1040 2760 cuius
1073 2723 1272 2761 clementia

663 2779 796 2817 Finem
827 2779 960 2829 nescit,
991 2783 1033 2816 ut
1064 2779 1110 2817 de
1141 2780 1293 2818 miseria

723 2836 788 2874 Me
817 2836 1050 2874 abstractum
1082 2836 1212 2884 iungat
1243 2837 1481 2878 caelestibus.

395 2946 419 2987 ¹)
441 2946 471 2988 3,
498 2946 519 2979 4
543 2958 723 2980 ascensum
750 2949 814 2981 Hs.
