1914 3223
166 314 202 352 6.
237 311 416 360 Quaesivi
446 311 556 348 illum
586 310 762 358 nudatus,

235 368 361 415 thue
394 368 486 411 dixi,
518 367 742 417 flagellatus,

292 424 343 463 Et
373 436 450 462 now
482 424 610 461 inveni
641 424 834 471 latentem,

236 481 278 517 In
312 479 461 518 inferno
491 481 702 518 vinculatus

234 537 330 574 Erat.
361 544 398 574 et
428 538 663 575 incatenatus

292 594 447 631 Nullum
465 594 606 631 habens
625 594 894 643 remedentem,

231 649 468 688 Invenerunt
501 662 558 687 mc
587 656 826 696 quaerentem
853 665 859 671 ·

238 706 389 753 Viyiles,
423 707 485 754 qui
517 718 630 753 super
660 711 808 754 gentem

293 763 450 800 Parvum
491 763 632 800 habent
663 767 891 813 potentatuS‚

232 819 302 865 Qui
330 819 481 866 vigilem
512 820 653 856 liabent
685 824 858 870 mentem,

235 876 284 913 Ut
315 876 492 913 occidant
524 877 760 914 innocentem

290 933 333 970 In
366 933 436 969 hae
467 938 569 971 terra
600 933 798 972 incolatus,

889 198 969 239 375

982 313 1018 350 7.
1051 311 1123 359 Qui
1155 311 1249 348 alios
1279 310 1499 348 custodiunt

1050 368 1102 404 Et
1131 379 1172 404 se
1203 368 1335 407 nolunt
1368 367 1425 403 vel
1459 367 1627 404 nesciunt

1110 423 1310 461 Custodire
1341 424 1400 460 vol
1433 435 1574 473 regere,

1051 481 1120 526 Qui
1153 480 1339 517 civitatem
1373 479 1541 516 ambiunt

1050 537 1101 574 Et
1132 537 1212 573 lieri
1245 537 1315 573 hoc
1345 535 1501 581 faciunt,

1109 593 1216 640 Quod
1229 604 1417 640 nunquam
1434 590 1707 640 voluntfacere,

1052 650 1115 688 Illi
1147 650 1238 686 mihi
1269 650 1463 696 imponere

1051 708 1183 753 Iugum
1215 707 1415 743 voluerunt
1446 715 1534 742 vere

1106 763 1340 807 Nescientes,
1372 773 1488 809 quare
1519 761 1612 799 fiunt

1049 819 1211 857 Gressus
1243 820 1314 855 mci
1347 830 1416 865 pro
1449 829 1626 865 paupere,

1049 876 1165 922 Quem
1189 887 1377 922 nunquam
1402 886 1506 912 cesso
1527 885 1709 922 quaerere

1106 933 1157 970 Et
1189 934 1247 969 cui
1279 933 1379 968 vires
1412 932 1601 969 deficiunt.

618 1046 856 1084 Christus
896 1046 955 1084 ad
995 1050 1251 1093 pastores

235 1124 264 1162 O
297 1124 442 1172 vigiles,
473 1136 565 1162 mem
598 1125 760 1174 vidistis,

231 1180 349 1229 Quem
381 1181 523 1227 dilexit,
557 1182 588 1219 si
618 1182 788 1228 novistis,

289 1238 435 1276 Fidelis
465 1249 551 1275 mea
581 1238 731 1288 (mima,

233 1293 274 1331 Si
305 1294 400 1331 bene
433 1295 669 1342 vigilavistis,

233 1350 384 1388 Nullam
415 1363 522 1388 ovem
554 1352 795 1399 prodidistis,

290 1408 466 1455 Quaeque
498 1408 605 1445 vobis
629 1414 683 1444 est
708 1408 893 1455 proxima,

1052 1125 1280 1164 Sollicitudo
1309 1125 1474 1162 maxima

1052 1181 1178 1219 Debet
1207 1191 1289 1218 esse
1320 1186 1357 1217 et
1387 1181 1521 1218 intima

1108 1238 1226 1275 Vobis
1255 1238 1301 1274 de
1324 1238 1393 1281 bis,
1416 1248 1512 1284 quae
1534 1237 1710 1284 coepistis

1050 1295 1210 1341 Regere,
1242 1298 1283 1330 ut
1314 1294 1518 1331 novissima

1051 1351 1300 1398 Respondere
1332 1355 1369 1387 et
1399 1351 1531 1388 ultima

1112 1408 1268 1446 Possitis
1300 1408 1393 1444 hora
1425 1408 1471 1445 de
1501 1407 1597 1445 istis.

527 1521 756 1559 Resumit
796 1520 1038 1558 Christus
1079 1524 1130 1557 ut
1170 1531 1335 1567 supra.

189 1602 226 1639 9.
261 1600 355 1638 Cum
372 1600 668 1647 pertransissem
682 1599 891 1647 paululum

257 1657 351 1702 Eos,
384 1657 447 1704 qui
479 1668 547 1703 per
577 1657 787 1703 patibulum

316 1714 421 1750 Tunc
438 1714 681 1751 tradiderunt
694 1725 752 1750 nie
767 1713 891 1761 morti,

259 1771 322 1808 Ad
353 1769 494 1808 inferni
525 1771 769 1817 ergastulum,

261 1827 401 1864 Locum
433 1838 599 1864 meorum
633 1828 814 1877 exsulum,

317 1884 558 1921 Traditorum
592 1885 714 1921 malae
745 1883 851 1933 sorti,

259 1941 504 1978 Descendens
536 1942 573 1978 in
604 1952 715 1978 manu
747 1939 838 1978 forti

259 1998 397 2035 Inveni
432 1998 561 2035 datum
592 1997 738 2035 cohorti

318 2054 551 2091 Daemonum
574 2065 695 2091 meum
713 2054 894 2100 populum

261 2112 332 2160 Ita,
364 2112 464 2158 quod
496 2112 569 2148 nisi
601 2111 739 2148 extorti

262 2170 336 2206 Per
366 2178 424 2204 me
455 2166 628 2215 fuissent,
660 2167 832 2214 absorpti

316 2225 456 2262 Essent
485 2235 603 2271 usque
631 2225 668 2261 in
690 2224 893 2264 saeculum.

164 2302 229 2342 10.
261 2302 324 2340 Sic
355 2314 462 2349 quem
496 2304 621 2352 diliyit
652 2303 788 2341 anima

260 2360 353 2397 Mea
385 2361 524 2398 virtute
555 2361 699 2406 intima,

318 2416 436 2454 Foras
469 2418 569 2454 volui
601 2418 764 2460 trahere,

260 2473 384 2510 Tema·
416 2486 512 2523 eum,
546 2485 592 2510 ne
624 2474 745 2520 prima

261 2530 384 2567 Ruina
403 2531 476 2567 *vel
509 2531 700 2568 simillima

321 2587 409 2624 Plus
440 2591 614 2634 oporteat
645 2588 792 2637 cadere,

263 2642 358 2679 Nam
390 2655 530 2690 pronus
559 2644 608 2681 ad
630 2644 770 2680 malum
791 2653 893 2691 vere,

261 2698 313 2736 Ni
342 2704 502 2747 teneam,
535 2700 743 2737 subsistere

319 2756 403 2793 Non
435 2762 559 2803 potest
591 2758 681 2794 hora
713 2756 878 2805 minima,

261 2812 405 2849 Bonum
427 2824 616 2860 nunquam
639 2814 730 2860 quid
747 2812 885 2861 facere,

260 2868 311 2905 Ni
342 2869 431 2906 velit
461 2870 684 2907 coassistere

317 2925 416 2962 Huic
446 2937 578 2964 manus
606 2937 689 2964 mea
710 2926 893 2973 proxima.

982 1602 1046 1640 11.
1078 1600 1158 1637 Nec
1189 1599 1383 1637 dimittam
1414 1599 1513 1637 hunc
1544 1599 1670 1647 etiam,

1079 1657 1195 1701 Quem
1226 1662 1336 1693 teneo
1367 1667 1436 1702 per
1465 1656 1638 1704 gratiam,

1135 1713 1269 1750 Donec
1299 1713 1543 1750 introducam
1576 1713 1688 1750 illum

1078 1770 1121 1806 In
1153 1770 1346 1816 propriam
1379 1770 1588 1814 ecclesiam,

1083 1826 1137 1864 Ut
1165 1832 1251 1873 agat
1281 1826 1552 1873 paenitentiam

1138 1883 1211 1919 Per
1231 1888 1379 1930 tempus
1403 1883 1502 1920 vitae
1517 1883 1710 1934 pusillum,

1078 1943 1205 1986 Atque
1236 1950 1318 1976 eum
1350 1944 1391 1976 ut
1422 1940 1609 1986 pupillum

1081 1996 1154 2033 Seu
1187 1996 1349 2034 debilem
1382 2002 1417 2033 et
1449 1997 1627 2034 vacillum

1135 2053 1309 2090 Enutriri
1340 2053 1394 2090 sic
1426 2052 1574 2100 faciam,

1079 2110 1187 2156 Quod
1219 2116 1504 2157 cognoscentem
1534 2110 1713 2147 vexillum

1078 2167 1205 2204 Meum
1238 2167 1361 2204 crucis
1392 2173 1427 2204 et
1460 2167 1621 2214 sigillum

1137 2224 1379 2261 Introducam
1412 2224 1449 2260 in
1481 2225 1652 2271 gloriam.

1077 2302 1129 2340 In
1160 2303 1314 2340 domum
1349 2306 1382 2340 et
1411 2303 1629 2341 cubiculum

1078 2360 1152 2397 Seu
1184 2360 1389 2397 thalamum
1422 2367 1456 2396 et
1489 2360 1667 2396 lectulum

1134 2417 1278 2453 Matris
1311 2428 1414 2453 meae
1444 2416 1656 2464 yenetricis‚

1077 2473 1122 2510 Id
1155 2479 1210 2510 est
1242 2474 1279 2510 in
1313 2473 1569 2510 habitaculum

1079 2529 1183 2567 Caeli
1217 2530 1383 2567 dandum
1414 2530 1462 2567 ad
1494 2530 1645 2567 titulum

1134 2587 1259 2633 Ipsius
1292 2587 1577 2634 deprecatricis,

1079 2642 1267 2680 Devotum
1300 2644 1371 2680 mei
1404 2643 1532 2680 calicis

1080 2699 1310 2746 Participem
1342 2700 1490 2746 opificis

1134 2757 1380 2793 Introduceie
1410 2757 1591 2803 populum

1076 2814 1251 2862 Intendo‚
1284 2819 1323 2850 ut
1355 2813 1562 2860 magnificis

1079 2869 1198 2906 Donis
1229 2874 1266 2906 et
1297 2870 1480 2907 beatificis

1138 2927 1371 2964 praemietur
1400 2927 1438 2964 in
1469 2926 1673 2964 saeculum.

980 2303 1046 2343 12.
