2031 3289
0 281 8 1238 -vr—.-———-—u.—-r-—-v—.-—‚-=—-—---·uae<js
0 162 7 265 -2-——m—
0 0 7 141 v—w-‚ss-uos

957 195 1262 236 —508—

741 312 776 346 9.
811 309 929 345 Cruce
959 312 1091 345 sancta
1120 312 1158 345 te
1188 309 1348 358 signare,

807 365 944 402 Omnes
975 368 1125 402 sanctos
1156 365 1353 403 honorare.

807 421 888 457 Deo
919 420 1050 458 laudes
1083 421 1299 459 decantare.

423 532 566 564 Colleet.
604 543 666 563 ms.
704 531 858 563 Thomae
893 532 1036 573 Kempis
1074 534 1156 563 anni
1192 530 1288 564 1461.
1344 531 1428 564 Cod.
1462 531 1659 563 Bruxellen.
1691 529 1891 573 4585--873

333 578 507 609 zweimal:
538 578 604 609 Mit
628 577 780 609 Melodie
806 577 852 616 A3
885 576 974 608 ohne
998 577 1150 609 Melodie
1174 578 1211 609 B.
1237 595 1281 599 —
1305 577 1460 608 Thomae
1486 576 1645 608 Malleoli
1683 577 1725 609 de
1750 579 1895 619 Kempis

332 622 448 664 Opera
474 623 591 653 onmia
616 622 656 654 ed
683 624 727 654 H.
755 622 975 654 Sommalius.
1002 623 1223 664 Antwerpiae
1251 620 1347 655 1607.
1373 622 1418 657 ΙΙ,
1445 618 1521 652 594.
1548 622 1584 653 C.
1610 640 1651 643 —-
1677 621 1736 662 72,
1767 622 1781 654 1
1808 622 1896 654 Eius

332 668 377 699 ob
403 678 553 699 amorem
579 668 617 699 A.
644 684 687 688 —
713 668 781 699 sir.
807 664 858 698 Sb
884 667 955 698 und
981 665 1001 698 9
1030 667 1146 699 fehlen
1172 669 1208 699 B.

425 714 466 744 In
497 713 562 745 den
596 713 746 744 anderen
781 713 970 754 Ausgaben
1002 712 1062 744 der
1085 713 1188 744 WW.
1215 713 1274 744 des
1300 713 1452 747 Thomas
1478 716 1622 756 Kempis
1648 712 1798 744 verlfiuft
1823 712 1896 745 dies

333 758 420 791 Lied
446 758 573 790 ebenso
600 758 652 789 bis
678 755 730 790 Sa
755 757 835 789 incl.
884 757 977 789 Statt
1001 755 1054 789 81)
1081 758 1185 800 folgt:

874 825 979 856 Omni
1005 825 1061 857 die
1088 827 1182 857 omni
1207 825 1291 857 hora

876 871 925 902 Te
953 872 1092 911 resigna
1118 872 1193 903 sine
1218 881 1331 903 mora.

424 941 469 971 So
496 939 682 980 Niirnberg
709 936 811 975 1494,
847 939 947 970 Paris
976 937 1079 977 1549,
1114 939 1293 981 Dillingen
1322 937 1426 975 1576,
1451 939 1660 980 Antwerpen
1687 936 1783 971 1601.
1831 939 1898 970 Die

332 989 462 1018 erstere
493 983 734 1016 iiberschreibt
758 983 819 1015 das
846 983 930 1015 Lied
963 985 1128 1026 „Rigmus
1153 981 1195 1016 de
1220 986 1293 1016 vita
1314 985 1394 1016 Iesu
1419 982 1620 1020 iniitanda“,
1646 984 1701 1015 die
1728 983 1897 1015 anderen:

337 1031 546 1072 „Doctrinae
576 1029 665 1060 duae
699 1029 771 1060 alta
804 1032 916 1061 mente
942 1027 1195 1070 1·eponendae‘³.
1244 1030 1306 1061 Als
1334 1030 1465 1070 „altera
1489 1026 1668 1061 (1001111ιᾶιι
1694 1029 1781 1070 folgt
1805 1028 1898 1061 daun

337 1077 373 1108 in
398 1076 518 1107 diesen
542 1074 604 1106 das
630 1074 756 1106 Stiiek:
783 1074 1001 1106 Assuesce
1035 1075 1180 1106 Iesum
1213 1076 1439 1106 invocare.
1486 1075 1565 1116 Vgl.
1592 1075 1626 1107 S.
1653 1072 1728 1106 51‘2.

424 1265 506 1300 4⁸7.
543 1264 624 1307 (30.)
660 1265 718 1300 De
743 1264 953 1300 dulcedine
979 1265 1069 1299 Iesu
1095 1264 1136 1299 et
1161 1264 1208 1298 de
1234 1263 1484 1309 plenitudine
1509 1264 1736 1307 gratiarum
1762 1264 1802 1298 et

856 1321 1067 1365 virtutum‚
1095 1330 1195 1365 quas
1220 1321 1377 1356 habuit.

744 1440 780 1476 1.
811 1439 841 1476 Ο
874 1438 1091 1475 dulcissime
1122 1438 1221 1483 Iesu,

810 1494 881 1542 Qui
913 1494 960 1531 de
991 1494 1095 1531 caelo
1127 1494 1359 1531 descendisti

814 1551 861 1588 Et
895 1551 1010 1588 vitam
1042 1551 1182 1588 mundo
1213 1551 1418 1590 contulisti.

338 1668 413 1706 2a.
454 1665 596 1712 Legam
624 1666 671 1703 de
692 1668 742 1712 te⁷
774 1664 939 1702 scribam
963 1664 1083 1714 dete,
1154 1664 1228 1703 2b.
1266 1664 1363 1701 Nam
1395 1663 1520 1701 suavis
1552 1673 1591 1700 es
1624 1667 1659 1699 et
1691 1662 1805 1709 mitis,

450 1723 636 1768 Quaeram
666 1725 704 1758 te
1268 1721 1445 1767 Humilis7

453 1779 608 1816 Cantem
641 1778 687 1815 de
718 1782 768 1826 te,
799 1777 951 1815 laudem
982 1782 1033 1824 te,
1268 1777 1483 1824 Plenusque
1515 1775 1731 1823 virtutibus,

452 1836 551 1882 Iesu⁷
584 1845 680 1882 puer
712 1834 942 1874 dulcissime,
1269 1833 1346 1872 Fili
1377 1833 1449 1870 Dei
1480 1833 1674 1870 altissime.

339 1950 412 1988 3a.
443 1948 606 1986 Multum
641 1946 800 1984 dimittis
1157 1946 1232 1986 3b.
1268 1946 1340 1992 Qui
1370 1951 1407 1982 te
1439 1945 1629 1992 relinquit,

452 2004 613 2042 Multum
644 2003 787 2041 amanti
1270 2004 1367 2048 Heu,
1401 2003 1490 2049 quid
1523 2003 1584 2038 hie
1616 2000 1730 2039 facit!

450 2060 532 2098 Nec
563 2065 695 2107 postea
1270 2059 1342 2105 Qui
1372 2063 1409 2095 te
1440 2059 1596 2106 invenit,

452 2118 505 2154 Te
538 2117 741 2155 deserenti.
1271 2115 1354 2159 Eia,
1388 2115 1479 2162 quid
1510 2115 1643 2153 habet!

342 2234 415 2271 42.
458 2231 567 2268 Illum
597 2227 769 2276 profecto
791 2234 892 2265 tenet
915 2233 951 2265 et
973 2228 1098 2273 habet,
1156 2228 1230 2268 4b.
1268 2229 1297 2267 Ο
1327 2228 1544 2266 venerabile
1574 2228 1850 2275 praesaepium,

452 2288 523 2334 Qui
541 2287 684 2324 caelum
702 2291 916 2332 terramque
933 2290 971 2322 ut
984 2285 1088 2323 Deus
1273 2286 1317 2322 In
1350 2295 1422 2332 quo
1455 2285 1586 2323 mundi
1615 2291 1790 2323 servatur
1817 2295 1903 2332 pre-

817 2342 924 2388 regst,
1633 2342 1725 2379 tium
1740 2343 1747 2378 ξ

456 2401 507 2439 Ut
540 2400 648 2437 homo
1272 2397 1382 2435 Nune
1413 2398 1519 2442 latet,

455 2457 556 2494 Miro
591 2456 703 2493 modo
1274 2454 1383 2492 Nunc
1415 2459 1528 2503 tacet,

455 2514 669 2559 Praesaepe
1272 2511 1378 2548 Tunc
1409 2511 1562 2557 scietur,

457 2570 569 2616 Quasi
601 2578 748 2616 pauper
774 2567 994 2615 praeelegit.

345 2685 417 2723 ba.
462 2683 545 2720 Hae
576 2687 663 2719 sunt
694 2692 805 2719 verae
837 2681 996 2719 deliciae
1163 2680 1235 2721 51),
1274 2681 1357 2718 Hae
1388 2686 1474 2718 sunt
1505 2686 1657 2718 sanctae
1689 2681 1870 2727 reliquiae

460 2739 605 2776 Fidelis
634 2739 792 2784 animae,
1276 2737 1366 2775 Piae
1397 2738 1613 2787 memoriae,

460 2796 581 2843 Saepe
613 2801 737 2832 mente
769 2795 963 2831 revolvere
1275 2794 1375 2840 Quos
1408 2794 1542 2832 devote
1574 2793 1741 2831 recolere

461 2852 626 2890 Humilia
656 2856 732 2895 tua.
1276 2851 1318 2887 In
1350 2850 1521 2888 absentia
1553 2856 1615 2888 tua

462 2909 544 2944 lesu
577 2908 739 2946 Christe.
1278 2907 1355 2945 Vis.
1389 2907 1561 2945 Domine.

1271 2567 1369 2605 Dum
1401 2578 1470 2614 pro
1491 2567 1618 2604 multis
1651 2566 1905 2614 expendetur.
