1914 3223
760 181 816 186 —
875 158 1071 206 611,-

130 287 176 292 —
211 268 247 310 1,
282 269 302 302 5
336 271 429 302 Dum
463 270 645 303 mulcescis
679 272 787 303 FKM.
821 288 865 294 -
902 271 936 310 l,
970 271 991 304 6
1021 275 1125 303 cantu
1157 274 1217 303 tuo
1251 271 1289 302 A.
1315 287 1357 292 -
1392 268 1420 309 l,
1447 268 1466 302 7
1491 270 1576 302 Avis
1603 280 1700 312 prae-

132 315 335 348 dulcissima
360 312 622 348 ABDEGHIL.
648 333 691 337 —
719 315 755 354 1,
789 314 810 348 8
835 327 941 358 quero
967 317 1007 349 E.
1034 332 1076 340 —
1105 315 1136 354 2,
1165 315 1179 348 1
1207 316 1314 355 Veni,
1341 325 1478 358 precor,
1505 317 1639 347 mittam
1664 320 1698 348 te

131 362 170 393 L.
203 378 248 382 —
278 359 309 400 2,
335 359 356 394 3
388 362 436 394 Ut
467 361 632 393 dilectum
659 362 711 402 H,
747 362 908 395 dilectam
935 363 1004 395 FG.
1030 379 1072 383 —
1103 360 1133 401 2,
1160 360 1180 393 5
1206 363 1280 394 eius
1306 363 1420 393 tristia
1445 361 1526 394 ΚΜ.
1560 379 1594 384 -
1620 358 1652 401 2,
1676 358 1698 392 6

132 407 208 438 vice
233 406 345 438 dulcis
373 406 473 446 BE1;
497 417 582 437 sono
609 407 720 438 dulcis
746 408 782 439 F.
808 425 852 429 -—
877 406 908 446 2,
935 406 953 438 7
980 408 1091 447 Quam
1118 408 1228 447 FGH,
1256 407 1357 439 modo
1383 408 1500 438 nescio
1527 407 1635 438 FHK.
1657 423 1699 428 —

131 449 164 491 3,
188 449 211 483 4
235 461 294 484 cor
318 451 404 483 mihi
431 451 596 483 dilectum
615 452 684 484 FG.
710 469 753 474 —
779 450 810 486 3
830 451 851 484 8
876 453 919 484 ad
943 454 1018 485 eius
1036 454 1071 492 1,
1097 453 1287 494 profectum
1306 452 1437 494 FGHI,
1463 453 1499 484 in
1517 455 1696 493 aspectum

129 497 172 529 A.
204 515 246 520 -—
281 495 315 535 4,
345 495 367 528 4
397 497 511 528 sciant
535 498 561 528 Ι.
589 516 630 520 -
656 496 686 535 4,
713 496 732 529 7
762 498 808 529 Et
833 502 951 540 optato
978 509 1118 530 munere
1145 499 1190 535 K,
1218 497 1391 540 Adoptata
1418 495 1565 539 mystica
1589 497 1630 529 G.
1655 513 1699 519 —

129 541 162 581 4,
195 539 216 574 8
249 552 383 573 summo
418 542 556 584 placent
590 543 663 574 BE.
689 560 732 564 -—
758 541 789 578 5,
818 543 831 575 l
863 545 1045 575 carissima
1071 543 1255 576 ABEFGI.
1283 560 1327 564 -—
1359 542 1390 581 5,
1416 540 1437 574 3
1462 546 1566 574 cantu
1590 542 1631 575 G.
1657 559 1700 563 —

130 586 164 627 5,
193 585 216 618 4
250 596 367 619 serves
401 587 505 618 huius
539 588 587 625 A,
623 598 742 619 servas
773 588 850 620 GH.
885 606 925 610 —
958 588 988 626 5,
1022 587 1042 619 5
1076 588 1123 620 Et
1154 592 1292 620 secutus
1323 585 1429 620 fueris
1464 588 1508 619 H.
1544 605 1586 609 —
1618 586 1649 625 5,
1680 585 1700 618 7

130 633 299 664 musicam
325 633 390 673 ΑΙ;
422 633 546 664 tibiam
571 633 657 672 GH,
684 635 773 665 scire
798 638 893 666 tuam
920 635 1088 666 musicam
1114 634 1153 665 L.
1180 652 1223 656 —
1249 633 1346 665 Naoh
1372 634 1441 665 Str.
1466 632 1496 664 5.
1525 633 1701 674 „Explicit

131 675 330 721 prologus“.
382 679 512 718 Incipit
543 689 682 710 carmen
717 679 924 711 Philomena
955 681 1001 711 M.
1036 697 1080 700 ——
1114 681 1151 716 6,
1184 677 1205 710 2
1237 679 1448 721 deprehendi
1481 680 1522 711 G.
1558 696 1593 700 —
1623 677 1654 716 6,
1679 675 1701 709 3

132 725 309 766 propriam
340 723 382 756 E.
419 740 456 746 —
489 720 521 761 6,
546 722 568 755 4
593 724 733 756 ascendi
759 724 799 756 G.
824 742 867 747 —
893 726 924 764 6,
951 726 970 754 15
995 728 1144 756 rostrum
1166 735 1301 756 sursum
1329 724 1512 757 FGHKM:
1538 723 1632 755 tendi
1658 724 1699 756 G.

133 786 173 790 —-
201 768 232 807 6,
259 767 278 799 7
303 769 352 800 Et
376 769 524 800 diversis
549 769 593 807 Ἐς
622 770 778 801 Diversis
804 770 964 801 melodiis
989 771 1029 801 L.
1056 787 1097 791 —
1123 768 1154 808 6,
1172 768 1192 801 8
1211 780 1246 801 se
1264 773 1370 801 totam
1390 770 1521 809 BDEI,
1549 768 1703 811 impendi

132 814 173 847 G.
199 832 241 837 —-
268 812 299 851 7,
325 812 345 845 2
369 816 528 856 praeviat
553 815 599 846 M.
627 832 666 836 -—
695 813 724 852 7,
749 813 771 846 3
796 816 918 847 rutilat
941 815 1016 846 dies
1041 815 1067 846 1.
1092 831 1137 836 —
1162 813 1192 853 7,
1219 814 1239 846 5
1264 815 1413 846 Elevata
1432 815 1568 846 dulcius
1587 815 1633 845 M.
1657 830 1700 836 —

133 857 164 897 7,
190 858 210 892 6
236 860 273 891 in
298 869 463 892 canoram
488 860 686 891 ABDEFL.
713 879 755 884 ——
782 859 812 899 7,
837 858 858 892 8
884 871 996 902 neque
1022 869 1152 892 moram
1178 861 1236 892 IL.
1263 877 1305 881 —
1330 857 1360 899 8,
1386 858 1407 891 2
1433 870 1563 892 moram
1589 860 1700 891 nescit

132 905 176 936 H.
210 922 254 926 —
285 902 318 942 8,
348 903 371 936 4
404 906 479 936 eius
513 905 626 936 cordis
663 907 696 944 1;
731 906 844 938 cordis
879 907 909 938 ei
943 907 983 937 L.
1017 925 1058 928 —
1093 903 1125 943 8,
1152 903 1171 936 7
1204 905 1260 937 Ex
1284 916 1352 947 quo
1380 906 1414 938 I:
1450 909 1568 937 cantat
1592 905 1699 936 altius

130 950 329 982 FGHIKM.
354 967 398 971 —
423 947 454 988 8,
480 947 501 982 8
527 950 607 982 hinc
633 951 710 993 plus
737 952 787 991 D,
811 951 869 982 hic
895 951 972 993 plus
998 951 1045 989 A,
1073 952 1182 992 magis
1208 950 1396 982 inardescit
1420 951 1465 982 H.
1493 970 1532 973 -—
1559 948 1590 989 9,
1612 949 1627 980 1
1654 949 1700 981 At

129 1005 208 1027 cum
235 996 287 1035 H,
323 995 391 1028 Sed
416 1005 493 1026 cum
519 996 598 1027 LM.
623 1014 668 1018 -
699 995 729 1034 9,
754 994 776 1028 2
803 996 891 1028 solet
915 997 952 1028 in
978 996 1111 1028 fervore
1136 996 1174 1027 F.
1200 1012 1243 1017 —
1273 994 1305 1034 9,
1328 993 1349 1028 3
1373 995 1540 1038 discerpit
1564 996 1700 1027 viscera

129 1040 237 1073 FGH.
267 1058 306 1061 —
335 1039 366 1079 9,
393 1038 413 1072 5
440 1041 624 1073 clamitans
649 1041 833 1074 CDEFIL.
860 1059 901 1064 —-
927 1040 958 1078 9,
985 1039 1004 1073 6
1030 1041 1115 1073 fehlt
1139 1042 1184 1080 G,
1213 1041 1275 1072 illa
1301 1051 1363 1073 suo
1382 1042 1426 1073 H.
1446 1059 1490 1062 —
1506 1039 1536 1077 9,
1556 1039 1574 1072 7
1594 1050 1698 1072 sensu

130 1086 214 1125 FH,
240 1096 363 1118 sensus
389 1085 461 1118 CD.
486 1104 530 1108 —
555 1084 586 1122 9.
612 1084 633 1119 8
655 1087 773 1119 dolore
791 1087 831 1119 L.
857 1105 902 1108 —
930 1085 982 1125 10,
1011 1086 1025 1119 1
1052 1088 1200 1118 cassatis
1219 1086 1385 1118 ABCDE.
1413 1104 1454 1109 -—
1474 1083 1526 1124 10,
1544 1084 1564 1118 3
1582 1089 1699 1117 tamen

130 1131 308 1174 palpitans
343 1131 458 1164 HLM.
492 1148 537 1153 —
573 1130 629 1171 10,
663 1131 683 1164 5
717 1132 775 1164 Sic
808 1133 851 1165 ad
883 1142 1010 1164 nonam
1044 1133 1095 1171 H,
1128 1133 1194 1163 iam
1227 1142 1312 1173 pene
1338 1131 1377 1164 G.
1404 1149 1447 1153 ⁷-—
1476 1130 1527 1169 11,
1554 1130 1569 1163 1
1597 1131 1698 1170 Ecce,

130 1176 361 1208 dilectissima
386 1177 467 1216 FG,
500 1177 604 1216 Ecce,
638 1188 657 1209 o
683 1177 887 1210 dulcissima
912 1178 1021 1216 ABE,
1055 1177 1156 1216 Ecce,
1190 1179 1261 1209 iam
1285 1177 1491 1208 dulcissima
1516 1178 1564 1208 D:
1599 1177 1697 1214 Ecce,

130 1231 222 1254 nunc
255 1222 459 1254 dulcissima
491 1224 543 1261 H;
577 1222 650 1260 En,
685 1223 810 1255 dilecte
839 1223 946 1255 frater
971 1224 1016 1254 mi
1043 1224 1083 1255 L.
1108 1241 1152 1244 —
1181 1221 1231 1259 11,
1257 1220 1278 1253 2
1302 1223 1386 1264 quia
1410 1223 1563 1254 breviter
1587 1222 1626 1253 L.
1653 1238 1697 1243 —-

133 1265 185 1305 11,
210 1265 231 1298 5
255 1267 415 1299 Dicimus
435 1269 485 1307 D,
511 1268 638 1300 Factus
665 1279 739 1299 sum
765 1272 836 1300 tam
854 1269 894 1300 L.
918 1285 963 1289 -—
990 1266 1041 1307 12,
1070 1267 1084 1299 1
1116 1272 1154 1299 ut
1179 1267 1380 1309 intellegam
1397 1268 1446 1307 G,
1473 1272 1509 1299 ut
1529 1267 1694 1309 intellego

130 1313 207 1344 ΕΜ.
232 1329 275 1334 -
304 1310 354 1350 12,
378 1311 399 1345 5
426 1316 538 1345 mente
565 1317 727 1355 peragrat
751 1314 937 1353 FGHKM,
963 1316 1078 1346 mente
1102 1316 1292 1354 pertractat
1316 1314 1343 1344 I.
1371 1330 1413 1334 —
1441 1310 1492 1351 12,
1509 1311 1528 1344 7
1546 1312 1696 1345 delecta-

129 1358 236 1390 bilem
259 1358 373 1390 GKM.
398 1376 442 1380 —
470 1356 522 1397 12,
547 1356 568 1390 8
594 1361 676 1391 tesit
700 1360 739 1390 L.
765 1377 810 1381 —
837 1356 888 1398 13,
914 1357 935 1390 2
960 1362 1100 1391 sanctae
1127 1368 1211 1390 suae
1236 1359 1272 1389 F.
1298 1375 1342 1379 —
1369 1356 1419 1396 13,
1445 1355 1466 1389 3
1492 1360 1589 1398 Quae
1615 1358 1696 1389 dum

129 1404 279 1444 mystica
304 1403 378 1435 dies
405 1405 447 1438 F:
476 1404 617 1445 quidam
642 1404 717 1436 dies
742 1405 881 1446 mystici
906 1404 952 1435 M.
978 1423 1022 1427 —
1049 1401 1100 1442 13,
1127 1402 1148 1435 4
1173 1404 1452 1435 demonstrantur
1469 1403 1516 1435 M.
1542 1420 1586 1425 —-
1606 1401 1657 1441 13,
1676 1400 1698 1435 8

130 1451 212 1480 sunt
243 1448 351 1480 horae
384 1449 528 1482 FGHM.
564 1467 605 1471 —
638 1448 689 1488 14,
714 1447 736 1481 4
759 1450 862 1481 homo
889 1453 941 1481 est
966 1451 1003 1481 F.
1030 1468 1071 1471 —
1100 1447 1150 1486 14,
1177 1448 1197 1480 5
1223 1449 1341 1480 Prima
1367 1449 1504 1490 quando
1530 1448 1621 1480 filius
1647 1449 1692 1480 H.

130 1512 173 1517 —
210 1491 261 1530 14,
297 1493 317 1525 5
350 1495 418 1526 Dei
452 1496 652 1527 incarnatus
685 1496 730 1527 H.
762 1513 809 1516 —
841 1493 892 1534 14,
927 1493 947 1526 5
976 1505 1029 1536 sq.
1058 1494 1218 1526 Christus
1244 1498 1296 1525 est
1320 1494 1359 1525 A.
1385 1511 1429 1515 —-
1457 1492 1507 1532 14,
1534 1492 1552 1524 7
1576 1494 1696 1526 Tertia

130 1543 183 1572 est
216 1541 368 1581 spatium
394 1540 439 1580 C,
471 1541 593 1572 Tertia
624 1540 705 1572 dum
732 1541 858 1572 Pontio
891 1540 936 1571 H.
973 1557 1016 1561 —
1051 1538 1109 1575 14.
1142 1537 1163 1571 8
1196 1550 1271 1571 esse
1296 1539 1468 1570 incolatus
1494 1537 1547 1579 M;
1582 1539 1697 1570 Pilato

129 1585 331 1616 immolatus
357 1586 402 1617 H.
427 1602 472 1607 —
500 1584 550 1625 15,
580 1584 595 1617 1
623 1585 730 1618 Sexta
757 1596 834 1617 cum
860 1585 933 1624 CG,
961 1585 1067 1617 Sexta
1091 1585 1170 1617 dum
1196 1585 1242 1616 H.
1268 1601 1310 1605 —
1338 1582 1388 1622 15,
1406 1582 1428 1615 4
1444 1584 1528 1616 dure
1546 1585 1694 1616 cruciari

130 1630 218 1670 GM,
245 1630 320 1662 dire
344 1632 494 1663 cruciari
519 1632 568 1670 D,
596 1632 708 1673 spinis
733 1632 894 1663 coronari
919 1632 959 1662 L.
985 1648 1030 1652 -—
1056 1629 1106 1671 15,
1134 1629 1154 1662 5
1179 1630 1249 1661 und
1274 1629 1294 1662 6
1321 1629 1436 1662 fehlen
1460 1631 1500 1662 L.
1527 1648 1570 1652 -——
1598 1628 1647 1667 15,
1674 1627 1694 1660 5

130 1676 186 1708 bis
210 1673 231 1708 8
256 1676 376 1708 lauten
401 1677 438 1708 in
463 1677 650 1709 FGHKM:

497 1755 664 1797 Crucifigi
688 1755 848 1797 denique,
874 1755 984 1787 clavis
1010 1755 1177 1787 terebrari

498 1800 682 1842 caputque
706 1801 964 1832 sanctissimum
991 1801 1101 1842 spinis
1126 1801 1298 1832 coronari.

221 1879 321 1912 Nach
349 1877 401 1919 15,
426 1877 447 1911 8
471 1880 509 1911 in
533 1879 582 1911 L:

494 1953 655 1985 Pendens
680 1963 759 1985 cum
783 1953 980 1985 latronibus
1005 1952 1144 1985 tandem
1169 1952 1335 1984 lanceari.

132 2025 194 2066 16,
230 2026 245 2058 1
282 2028 385 2060 Nona
416 2037 494 2059 cum
530 2028 581 2059 sic
611 2028 758 2059 moritur
790 2027 838 2059 G:
872 2028 974 2058 Nona
1005 2037 1087 2058 vero
1113 2027 1259 2057 moritur
1283 2026 1334 2064 H,
1367 2026 1522 2062 Nonam,
1556 2024 1694 2066 quando

129 2074 277 2104 moritur
301 2073 350 2112 F,
377 2072 446 2105 Sed
470 2082 563 2104 nona
589 2082 666 2104 cum
691 2073 732 2104 L.
755 2090 801 2094 —
828 2070 879 2110 16,
905 2071 925 2104 6
951 2072 1176 2103 conturbatus
1201 2071 1249 2110 G,
1276 2070 1445 2113 effugatus
1472 2071 1508 2100 L.
1535 2087 1579 2091 -—
1603 2068 1654 2107 16,
1673 2067 1694 2101 7

129 2119 286 2160 Vespera
317 2118 446 2151 GHIL.
478 2135 523 2140 —
558 2115 619 2157 17,
654 2116 670 2149 1
707 2119 814 2149 ictum
846 2118 924 2150 GH.
957 2134 1001 2138 —
1036 2115 1094 2154 17,
1128 2114 1148 2146 2
1182 2116 1354 2148 meditans
1386 2117 1423 2146 iu
1454 2115 1490 2146 F.
1523 2132 1568 2137 —
1598 2113 1649 2151 17,
1673 2112 1697 2146 4

131 2164 296 2205 specialis
330 2164 367 2196 C.
403 2180 447 2186 —
484 2162 542 2201 17,
579 2161 599 2194 5
632 2163 755 2195 Crucis
789 2162 957 2194 scandens
990 2163 1030 2193 A.
1061 2179 1106 2183 -—
1139 2160 1196 2200 17,
1231 2159 1251 2193 8
1285 2162 1404 2192 mortis
1438 2161 1556 2192 fractis
1585 2161 1696 2202 portis

132 2210 252 2240 mortis
278 2209 415 2241 ABCH.
439 2226 484 2231 —
512 2206 562 2246 18,
593 2208 607 2240 1
636 2208 764 2250 sicque
782 2208 897 2239 cordis
916 2208 962 2246 L,
989 2207 1102 2238 cordis
1121 2217 1288 2248 organum
1308 2206 1423 2245 FGM,
1448 2205 1568 2237 fractis
1586 2206 1696 2247 portis

129 2253 179 2294 G,
197 2255 322 2286 mentis
341 2263 509 2297 organum
528 2254 599 2286 CD.
624 2271 667 2275 ——
688 2252 740 2291 18,
758 2250 779 2284 3
796 2253 886 2284 Eum
905 2263 926 2284 a
942 2252 1094 2284 diluculo
1113 2252 1157 2284 C:
1185 2254 1395 2292 Summoque
1412 2251 1566 2282 diluculo
1586 2251 1630 2282 H.
1653 2267 1695 2271 —

132 2297 182 2339 18,
201 2297 222 2331 5
239 2299 384 2331 Pandat‘
401 2303 436 2331 et
459 2300 498 2331 B.
524 2316 568 2321 -—
593 2296 644 2337 18,
665 2298 685 2331 6
704 2298 902 2330 meditando
920 2298 957 2329 F.
975 2316 1020 2321 —
1040 2294 1089 2336 18,
1108 2295 1127 2328 7
1146 2297 1187 2328 Εἰ
1207 2307 1310 2339 quam
1329 2295 1532 2338 magnificus
1551 2295 1695 2335 ABFH,

128 2345 174 2376 Ei
207 2355 313 2387 qnam
346 2344 513 2376 mirificus
538 2345 573 2382 I,
606 2344 681 2377 Sibi
717 2353 820 2385 quam
855 2342 1019 2375 mirificus
1044 2343 1099 2381 M,
1131 2339 1379 2383 Quantumque
1407 2341 1573 2372 mirificus
1599 2341 1626 2373 I.
1652 2357 1694 2363 -

132 2388 183 2429 19,
218 2389 234 2422 1
270 2391 348 2428 Die,
383 2391 498 2431 inquit
531 2391 582 2430 D,
613 2389 782 2426 Clemens,
816 2389 932 2430 inquit
954 2389 992 2419 L.
1017 2405 1061 2409 —
1089 2385 1139 2425 19,
1165 2385 1186 2419 3
1211 2386 1322 2428 Quam
1349 2388 1399 2418 sic
1424 2387 1476 2425 H,
1511 2386 1624 2426 Quam
1649 2387 1697 2417 sit.

127 2435 227 2478 larga
258 2437 370 2478 pietas
404 2436 447 2475 F,
489 2436 602 2475 Quam
637 2435 736 2476 larga
766 2435 811 2465 sit
842 2435 953 2475 pietas
985 2434 1026 2465 L.
1057 2450 1102 2455 —
1136 2431 1188 2472 19,
1214 2431 1237 2464 4
1261 2437 1321 2464 tua
1346 2432 1534 2463 declarasti
1559 2431 1628 2463 1³1..
1652 2447 1696 2452 —

130 2479 183 2520 19,
217 2480 238 2513 6
269 2485 351 2513 tuae
383 2482 556 2522 coaptasti
589 2482 629 2513 L.
662 2497 706 2501 —
742 2477 794 2517 19,
819 2477 838 2510 7
872 2480 1061 2520 gratuitam
1086 2479 1131 2510 H.
1156 2495 1199 2500 —-
1227 2475 1279 2516 19,
1304 2475 1325 2509 8
1350 2487 1451 2519 quem
1477 2476 1697 2508 ABCEFIM.

127 2543 173 2549 —-
211 2523 272 2566 20,
311 2523 332 2557 2
371 2529 424 2558 est
456 2526 542 2557 mihi
577 2525 713 2558 BCDE.
746 2541 786 2546 --
820 2522 881 2562 20,
919 2525 939 2556 6
971 2524 1125 2565 dignitas
1156 2533 1322 2555 concessa
1355 2523 1407 2561 H,
1447 2532 1501 2554 res
1534 2531 1696 2564 possessa

126 2571 174 2603 M.
207 2588 252 2593 —-
283 2569 345 2612 21,
380 2570 396 2602 1
432 2581 566 2603 summa
599 2571 710 2603 deitas
745 2570 785 2602 G.
816 2587 859 2591 ——
891 2567 946 2606 21,
979 2567 1001 2600 4
1034 2572 1216 2611 tecumque
1250 2567 1378 2600 habere
1411 2567 1487 2607 AC,
1520 2571 1554 2599 et
1581 2570 1695 2598 tecum

127 2616 256 2649 habere
282 2617 326 2656 F,
358 2619 471 2648 tecum
503 2617 633 2648 habere
658 2616 701 2647 D.
728 2633 768 2637 —
797 2613 852 2654 21,
879 2613 899 2646 5
923 2615 977 2646 bis
1002 2611 1056 2652 32,
1083 2612 1103 2645 5
1132 2614 1246 2646 fehlen
1272 2613 1311 2646 G.
1336 2630 1382 2634 —-
1406 2610 1460 2651 21,
1486 2611 1504 2644 7
1532 2622 1584 2644 me
1609 2611 1695 2643 fehlt

127 2663 178 2701 D,
210 2662 259 2694 Et
291 2672 345 2694 me
376 2662 465 2694 velis
499 2662 607 2694 filiam
641 2662 689 2699 A,
721 2661 767 2692 Et
801 2672 853 2692 mc
888 2660 984 2691 velut
1006 2659 1115 2691 filium
1142 2660 1205 2690 IM.
1232 2676 1275 2680 —
1300 2656 1361 2696 21,
1393 2655 1413 2689 8
1440 2662 1472 2689 et
1497 2657 1619 2689 docere
1646 2657 1692 2695 D,

129 2707 277 2739 fovendo
302 2707 426 2740 docere
450 2709 490 2739 L.
515 2724 560 2729 —-
584 2704 639 2744 22,
668 2704 683 2737 1
711 2707 785 2737 Iam
810 2710 891 2737 tuuc
917 2705 954 2736 F.
979 2721 1023 2726 -
1048 2702 1103 2741 22,
1129 2703 1149 2735 5
1174 2714 1236 2745 pro
1262 2707 1321 2735 tua
1346 2704 1460 2744 gratia
1478 2703 1514 2734 F.
1540 2719 1584 2724 —
1600 2700 1692 2739 22,-7

128 2752 267 2784 Possim
298 2753 415 2785 BFIL.
447 2769 493 2774 —
523 2750 579 2787 22,
614 2749 635 2783 8
667 2751 753 2782 fehlt
789 2751 826 2783 F.
859 2767 903 2772 —
932 2747 985 2787 23,
1011 2747 1033 2780 4
1065 2749 1252 2781 salvatoris
1277 2748 1405 2790 praedo
1431 2748 1503 2780 CD.
1532 2765 1570 2769 -
1597 2745 1651 2785 23,
1675 2745 1697 2778 5

129 2801 240 2830 totum
272 2798 374 2840 quod.
413 2799 454 2830 D.
487 2815 531 2820 —
562 2795 616 2834 23,
649 2796 669 2828 6
703 2800 764 2827 aut
795 2805 869 2826 sum
902 2795 947 2833 L,
981 2795 1045 2826 tibi
1077 2794 1160 2826 oudo
1196 2795 1279 2826 BH:
1313 2794 1378 2826 tibi
1408 2793 1489 2825 redo
1515 2793 1598 2833 AD,
1629 2793 1694 2824 tibi

128 2843 234 2875 reddo
266 2844 294 2875 Ι.
327 2860 370 2865 -
403 2841 466 2881 23,
494 2841 513 2874 7
549 2843 733 2883 Meumque
760 2841 956 2882 depositum
983 2841 1020 2871 L.
1045 2857 1089 2862 —
1115 2837 1168 2878 23,
1193 2837 1214 2871 8
1239 2839 1315 2875 tibi,
1341 2839 1432 2878 Iesu,
1457 2838 1558 2870 credo
1586 2839 1625 2870 1..
1649 2854 1694 2859 --

128 2885 184 2927 24,
218 2887 234 2920 1
269 2888 398 2920 clamat
427 2888 472 2927 F,
505 2891 648 2920 cantant
682 2887 723 2918 D.
755 2904 799 2908 —
831 2883 885 2923 24,
922 2884 935 2916 1
970 2896 1019 2927 sq.
1053 2884 1283 2926 Congaudens
1316 2884 1386 2916 tale
1419 2888 1537 2915 cantat
1569 2885 1622 2915 oci
1656 2884 1692 2914 in

1417 2937 1488 2971 39*
