2031 3289
979 191 1029 194 —
1092 165 1172 207 280
1230 188 1283 194 —-

364 280 428 318 19.
461 278 580 316 Tuum
613 283 669 316 est
700 279 797 316 enim
829 280 1037 328 proprium,
1177 281 1241 319 21.
1274 281 1341 318 Pia
1372 284 1504 324 mater,
1534 281 1756 329 indigneris,

460 336 512 373 Ut
542 341 644 373 tuum
677 347 787 383 cogas
815 335 934 373 filium
1274 336 1354 373 Nec
1384 341 1544 386 avertas,
1578 349 1647 374 nec
1677 338 1836 384 mireris,

516 393 674 429 Pietatis
706 391 860 429 foedere
1331 393 1425 439 Quia
1456 404 1542 430 caro
1574 393 1733 443 fragilis,

459 448 563 485 Sicut
595 453 716 486 mater
746 449 960 495 salvatoris,
1274 449 1326 486 Et
1356 460 1437 486 cum
1469 451 1608 487 mundo
1635 451 1750 488 Satan
1772 451 1901 501 hostis,

459 505 512 542 Ut
542 505 591 542 sit
621 506 653 541 ei
685 515 835 552 semper
865 505 979 542 moris
1275 506 1380 543 Sicut
1411 507 1513 544 Deus
1545 511 1581 543 et
1610 506 1653 544 tu'
1680 507 1812 554 nostis,

514 561 634 598 Nobis
667 562 985 599 condescendere.
1331 562 1382 599 Et
1411 573 1515 600 mens
1545 568 1674 600 nostra
1703 563 1840 604 labilis,
2017 577 2031 667 Γ

2024 623 2031 644 Ι

358 698 422 735 20.
455 697 557 745 Ergo
591 697 720 745 debes,
752 697 858 745 virga
889 699 1003 743 Iesse,
1174 699 1239 735 22.
1273 697 1484 748 Nunquam,
1518 697 1598 735 fere
1625 710 1813 746 nunquam
1834 701 1902 737 mi-
2016 671 2031 736 f

459 754 606 791 Memor
635 754 709 790 mei
740 765 888 801 semper
919 765 1001 791 esse
1632 760 1755 803 grant,
1991 759 1994 761 ’
2018 758 2020 807 Ι

513 811 564 848 Et
596 810 748 848 humani
778 812 939 858 generis.
1274 811 1349 848 Sed
1380 809 1553 858 affligunt
1584 816 1621 847 et
1653 812 1853 860 denigrant
2016 812 2022 860 l

458 867 531 904 Sed
564 878 611 904 ne
641 867 762 912 nobis,
795 868 882 914 quia
911 879 1036 904 sumus
1331 867 1409 904 Nos
1439 872 1479 904 ut
1510 868 1636 905 hostes
1666 869 1786 916 impii.
2016 862 2019 909 ἶ

461 924 544 960 Vile
574 924 705 969 lutum,
737 924 823 961 vilis
854 924 999 973 humus,
1277 924 1389 963 Unde
1420 930 1484 962 tua
1515 935 1613 961 nunc
1643 925 1794 963 alumna
2016 921 2018 962 Ι

518 980 648 1026 Nobis,
680 981 842 1029 inquam,
875 981 1036 1026 miseris,
1276 982 1319 1017 In
1351 981 1480 1018 labore
1512 985 1549 1017 et
1579 992 1757 1020 aerumna
2014 970 2019 1049 j

1330 1038 1450 1075 Huius
1482 1038 1696 1075 exterminii

745 1163 809 1200 23.
843 1161 906 1198 Ad
937 1165 974 1198 te
1005 1161 1143 1199 clamat
1171 1162 1229 1199 his
1257 1161 1297 1199 in
1326 1161 1412 1198 imis

844 1218 893 1254 Et
923 1218 962 1254 in
992 1218 1100 1255 huius
1134 1219 1231 1256 vitae
1262 1218 1361 1255 limis

900 1275 1063 1311 Humilis
1094 1279 1132 1312 et
1162 1275 1329 1321 minima,

843 1331 906 1368 Ad
938 1335 975 1368 te
1006 1331 1138 1382 spirat,
1172 1342 1271 1369 nunc
1301 1332 1338 1368 in
1371 1332 1499 1379 caelis,

842 1388 1016 1425 Ecclesia
1048 1389 1106 1426 vel
1138 1388 1262 1426 fidelis

900 1445 949 1482 Et
980 1445 1178 1492 paenitens
1208 1447 1345 1483 anima.
1923 1468 1925 1471 .
2010 1467 2012 1485 μ

969 1588 990 1611 ss
1109 1622 1130 1641 >k
1251 1589 1272 1613 ἢκ
2008 1599 2010 1645 Ι

2 1643 13 1687 ,Α
1118 1637 1122 1645 Ι
2007 1665 2010 1687 l

2 1697 9 1739 c„
2006 1695 2009 1755 ε

2 1754 15 1814 {¹
355 1766 419 1801 24.
454 1764 483 1801 O
517 1764 592 1801 dux
623 1764 734 1811 alma,
1170 1765 1235 1803 27.
1270 1764 1431 1802 Nostrae
1459 1765 1540 1812 spei
2004 1768 2008 1815 ,ἰ

6 1824 14 1830 ’“
453 1819 517 1857 Vis
557 1824 592 1856 et
623 1821 750 1867 palma
1268 1821 1356 1858 Dux
1387 1826 1423 1858 et
1453 1822 1508 1858 rei
2005 1832 2007 1864 ς

0 1876 13 1925 ξ’·
508 1877 640 1914 Totius
671 1877 866 1925 ecclesiae,
1327 1878 1539 1915 Cohaerens
1571 1878 1810 1921 vestibulum,
1988 1872 2007 1920 's

0 1936 13 1972 ·.³
451 1934 532 1970 Lux
564 1937 602 1970 et.
632 1935 720 1983 vita,
1270 1935 1450 1981 Helisaei,

0 1978 12 2042 ff]
450 1990 569 2027 Nobis
600 1991 673 2028 sita
1268 1992 1357 2028 veri
1389 1991 1472 2040 Dei,

0 2047 12 2121 ἱ
508 2048 551 2084 ln
582 2048 665 2084 loco
697 2048 930 2094 clementiae,
1326 2049 1466 2085 Currus
1498 2054 1535 2086 et
1564 2049 1788 2096 vehiculum,
1855 2069 1858 2071 >

0 2171 13 2252 ᾗ
356 2186 420 2222 25.
453 2184 521 2228 Qui
555 2187 767 2233 caecantur,
1169 2186 1233 2224 28.
1266 2186 1408 2222 Manna
1439 2185 1537 2222 roris

0 2234 5 2251 ''
452 2241 502 2278 Ut
533 2238 705 2277 ferantur
1265 2242 1316 2279 Et
1348 2242 1523 2279 candoris
1997 2238 2002 2286 J

1 2284 14 2371 ’ς
508 2298 598 2335 Post
629 2297 759 2334 mundi
790 2296 975 2346 fallacias,
1323 2298 1547 2336 Germinans
1581 2299 1841 2346 vermiculum,
1998 2290 2000 2306 ¹

450 2354 724 2391 Dementantur
1267 2356 1383 2400 Quem
1415 2355 1546 2392 Iudaei
1848 2354 1852 2358 ⁴

0 2372 13 2466 :3
449 2410 500 2447 Et
531 2411 770 2457 damnantur,
1266 2411 1373 2449 More
1405 2413 1459 2448 rei

0 2466 12 2516 ἧς
509 2467 593 2504 Nisi
624 2471 664 2504 tu
695 2467 907 2505 subvenias.
1322 2468 1508 2506 Contrivit
1540 2467 1760 2518 patibulum,

1 2646 3 2651 .
353 2605 417 2641 26.
450 2603 479 2639 Ο
511 2603 677 2639 mellitae
1167 2605 1232 2642 29.
1266 2604 1381 2641 Porta
1412 2603 1520 2650 caeli,

0 2669 4 2714 j
452 2660 576 2696 Instar
605 2659 704 2696 vitae
1267 2661 1407 2698 Norma
1438 2660 1521 2705 zeli,

0 2729 12 2779 't
507 2715 728 2753 Sanctitatis
759 2715 965 2762 speculum,
1323 2717 1433 2763 Legis
1464 2717 1760 2762 tabernaculum,

452 2772 541 2809 Viae
574 2773 686 2809 tritae
1263 2774 1405 2811 Manna
1437 2774 1581 2820 pluens,

0 2785 12 2922 g
450 2829 536 2874 Iter,
572 2829 678 2866 mitte
1263 2830 1379 2867 Melle
1409 2829 1527 2867 fluens

505 2886 713 2923 Salomonis
745 2886 940 2927 ferculum,
1321 2887 1433 2935 Regis
1464 2887 1731 2938 habitaculum,
