1914 3223
857 190 938 230 413

61 336 64 339 .
112 303 156 338 72
181 305 240 337 Nr.
269 304 478 341 xxxvllh
504 303 591 335 doch
620 304 665 334 ist
690 313 732 334 zu
758 298 957 341 hemer-keu,
983 303 1058 334 dass
1082 302 1138 334 dic.
1156 276 1371 333 Miinchener
1388 302 1451 332 Hs.
1477 297 1563 332 8304
1591 300 1687 331 nicht

114 350 300 383 Hildebert
332 350 384 381 als
410 349 593 380 Vei-fussen-
617 352 742 386 neunt,

777 348 925 379 soudcru
955 358 1104 389 anonym
1133 349 1186 381 ist,
1214 346 1302 378 auch
1329 346 1425 378 nicht
1449 345 1511 377 das
1535 344 1684 378 Gedicht

118 395 332 433 Hildeberts,
359 394 509 426 sondern
536 395 613 425 eine
639 392 877 434 xxeitgeliendc
897 394 943 424 Bi
947 394 1133 433 arbeituw
1157 393 1340 424 desselben
1361 392 1477 423 hient.

1518 390 1683 422 Dieselbe

115 442 216 482 zeigt,
241 450 312 472 was
339 441 396 472 ein
422 438 592 480 1)ι·ἰεο1]ει’
610 437 752 469 Dichter
778 448 819 468 zu
845 448 918 479 (νων
922 439 1057 490 iii-tigeri
1082 437 1152 475 hat,
1179 448 1277 469 wem]
1297 448 1333 469 er
1351 438 1462 469 einem
1481 435 1685 477 Theologen

116 487 151 518 in
177 485 233 517 die
260 485 386 517 Hande
410 473 499 521 fiillt,
525 484 595 515 und
622 484 687 515 wie
713 483 792 514 sehr
817 464 891 514 sich
920 484 977 514 ein
1002 483 1149 515 (uedicht
1175 483 1281 514 dunch
1309 482 1418 514 blusso
1444 482 1600 521 Zus'itze
1627 481 1683 512 die

115 530 213 563 nicht
238 530 365 562 emm-11
393 529 568 561 schlechte
595 530 669 560 sein
695 530 852 564 miissen,
886 528 1077 560 v·erde1ben
1103 527 1195 560 lust.

115 578 162 608 im
189 575 375 617 folgenden
400 579 502 606 uuter
527 575 586 606 Nr.
616 573 665 605 lb
690 573 893 615 mitgeteilt:

1245 529 1352 560 Diese
1380 527 1613 567 Iicarbeitung
1638 527 1688 557 ist,

354 731 433 773 (lb)
470 729 683 766 Confessio
712 729 806 764 fidei
833 729 1064 764 catholicae
1090 729 1137 763 «lc
1164 738 1196 764 s.
1225 728 1441 764 Trinitate-

752 801 778 831 Ι.
817 801 877 831 De
904 801 1050 831 Patre.

210 892 359 930 Adonai,
386 900 511 933 magne
536 891 642 927 Deus,

208 937 303 975 Heli,
328 937 399 969 heli
426 936 521 967 Deus
549 946 658 973 meus,

208 983 317 1015 Cuius
342 983 454 1013 virtus
480 984 590 1012 totum
618 991 729 1022 posse,

209 1029 317 1060 Cuius
345 1036 468 1059 sensus
494 1029 604 1057 totum
631 1036 744 1063 nosse,

163 1071 184 1105 5
209 1074 317 1105 Cuius
345 1082 420 1104 esse
447 1082 618 1102 summum
644 1071 784 1110 bonum,

209 1118 316 1150 Cuius
343 1127 431 1160 opus
457 1127 557 1148 omne
582 1117 722 1148 bonum.

210 1164 321 1205 Super
346 1165 480 1195 cuncta,
508 1162 627 1193 subter
651 1164 787 1200 cuncta,

210 1209 322 1240 Extra
347 1211 484 1245 cuncta,
510 1209 602 1239 intra
628 1211 763 1245 cuncta,

212 1255 310 1285 Intra
336 1257 462 1284 cuncta
486 1263 549 1285 nec
574 1252 744 1291 inclusus,

144 1298 186 1332 10
211 1299 323 1330 Extra
348 1301 475 1330 cuncta
499 1308 563 1329 nee
588 1299 760 1335 exclusus,

211 1344 338 1376 Subter
362 1346 487 1375 cuncta
514 1353 577 1374 nec
602 1343 811 1381 substratus,

210 1389 322 1431 Super
346 1392 472 1420 cuncta
496 1399 559 1420 uec
585 1388 708 1425 elatus,

209 1436 322 1476 Super
346 1437 457 1466 totum
485 1433 727 1474 praesidendo,

209 1482 336 1513 Subter
361 1482 472 1511 totum
502 1479 718 1517 sustinendo,

141 1524 181 1558 15
208 1525 320 1557 Extra
345 1528 457 1556 totum
483 1524 756 1566 complectendo,

205 1572 302 1603 Intra
329 1574 439 1602 totum
466 1580 501 1602 es
527 1569 714 1611 implendo.

205 1617 303 1648 Intra
327 1625 502 1656 nusquam
527 1616 709 1653 coartatis,

205 1661 317 1694 Extra
343 1670 516 1702 nusquam
542 1660 714 1699 dilataris,

208 1707 335 1739 Subter
359 1706 457 1737 nullo
483 1706 653 1747 fatigaris,

138 1750 183 1785 20
210 1753 322 1794 Super
347 1751 444 1782 nullo
471 1752 691 1788 sustentaris,

208 1797 378 1829 Mundum
404 1805 549 1828 movens
574 1806 645 1827 non
670 1797 831 1833 moveriS,

210 1844 342 1875 Locum
369 1845 491 1873 tenens
517 1852 586 1873 non
613 1841 753 1879 teneris,

210 1889 362 1929 Tempus
387 1890 527 1918 mutans
553 1897 623 1918 non
648 1887 806 1925 mutaris,

209 1934 310 1975 Vaga
338 1932 479 1963 firmans
506 1942 576 1963 non
598 1933 750 1973 vagaris,

141 1976 184 2010 25
208 1979 273 2010 Vis
299 1981 442 2010 externa
467 1977 521 2009 vel
548 1987 690 2009 necesse

1030 889 1107 920 Non
1133 888 1309 921 alte-:nant
1334 893 1430 920 tuum
1460 899 1546 920 esse.

1030 935 1114 966 Heri
1141 937 1307 973 nostrum,
1335 944 1411 965 cras
1438 939 1471 965 et
1496 934 1628 975 pridem

1030 980 1174 1021 Semper
1200 980 1265 1011 tibi
1290 989 1381 1011 nunc
1407 984 1440 1011 et
1466 979 1566 1010 idem.

1029 1025 1151 1062 Tuum,
1181 1026 1286 1063 Deus,
1313 1024 1517 1056 hodiernum

961 1068 1006 1102 30
1031 1070 1238 1108 lndivisum,
1263 1070 1530 1111 sempiternum3

1029 1116 1070 1147 In
1094 1115 1159 1147 hoc
1185 1119 1295 1147 totum
1322 1115 1536 1157 praevidisti,

1028 1161 1155 1192 Totum
1183 1161 1287 1193 simul
1314 1161 1488 1202 perfecisti

1028 1206 1081 1237 Ad
1107 1207 1283 1248 exemplar
1308 1207 1393 1237 artis
1419 1215 1527 1247 purae

1030 1253 1190 1284 Formam
1215 1255 1397 1294 praestans
1422 1255 1615 1283 creaturae.

962 1294 1005 1330 35
1031 1298 1129 1329 Haec
1153 1307 1209 1328 ars
1236 1297 1362 1334 lumen,
1388 1298 1510 1335 virtus,
1536 1298 1612 1328 vita

1030 1344 1070 1374 In
1095 1343 1239 1374 facturis
1264 1344 1362 1384 viget
1386 1343 1445 1379 ita,

1030 1389 1079 1421 L't
1102 1388 1163 1419 lux
1188 1388 1276 1419 lucis
1302 1389 1501 1419 inaccessae

1029 1434 1173 1466 Cunctis
1199 1434 1302 1465 rebus
1328 1436 1481 1474 praestet
1504 1443 1580 1464 esse

1027 1479 1076 1510 Et
1099 1478 1160 1510 lux
1185 1479 1303 1510 lucens
1328 1480 1365 1509 in
1390 1478 1548 1510 obscuris

959 1521 1004 1556 40
1028 1524 1191 1555 Formam
1216 1524 1321 1555 donet
1344 1525 1525 1555 creaturis,

1028 1570 1164 1601 Lumen
1187 1579 1308 1600 verum
1336 1569 1429 1600 lucet
1453 1569 1585 1600 clarum

1028 1615 1068 1646 In
1095 1615 1242 1646 obscuro
1268 1615 1507 1654 tenebrarum,

1027 1660 1158 1691 Lucem
1183 1660 1347 1692 tenebrae
1373 1660 1601 1701 perpendunt,

1031 1705 1100 1737 Sed
1125 1716 1193 1736 non
1219 1715 1295 1737 eam
1322 1705 1619 1746 conprehendunt.

960 1747 1004 1782 45
1030 1751 1209 1792 Quotquot
1233 1760 1309 1782 eam
1335 1754 1548 1792 receperunt,

1030 1797 1109 1827 Lux
1134 1798 1171 1827 iu
1195 1796 1433 1837 luce.semper
1457 1799 1569 1828 erunt.

1030 1841 1128 1873 Haec
1152 1841 1213 1872 lux
1237 1842 1323 1878 vita,
1348 1842 1503 1879 verbum,
1529 1851 1636 1873 causa

1031 1886 1134 1928 Apud
1158 1889 1292 1928 patrem
1316 1886 1384 1918 fuit
1408 1887 1538 1925 clausa,

1034 1932 1101 1964 Sed
1125 1942 1187 1973 per
1209 1932 1354 1964 verbum
1380 1936 1584 1971 eructatum,

965 1974 1009 2009 50
1034 1977 1214 2019 Quidquid
1239 1980 1364 2017 exstat,
1389 1982 1442 2009 est
1466 1981 1633 2010 creatum.

563 2101 608 2132 II.
648 2101 707 2132 De
742 2101 1071 2133 Incarnatione
1105 2101 1252 2133 Verbi.

211 2192 364 2223 Verbum
391 2190 500 2222 altum
527 2192 562 2222 et
586 2190 805 2232 profundum,

211 2237 279 2269 Per
303 2235 395 2278 quod
422 2236 504 2268 fecit
527 2236 623 2267 Deus
650 2235 825 2273 mundum,

213 2283 280 2314 Est
303 2282 341 2312 in
366 2281 495 2313 mundo
521 2281 650 2313 factum
675 2291 767 2320 caro,

213 2327 352 2360 Gaudet
377 2326 525 2358 mundus
550 2326 642 2358 facto
667 2336 757 2358 raro.

169 2372 189 2405 5
214 2373 368 2405 Verbum
394 2381 558 2414 magnum
584 2375 618 2404 et
641 2372 859 2409 immensum,

216 2417 317 2458 Quod
343 2417 480 2449 excedit
505 2427 639 2449 omnem
668 2427 819 2456 sensum,

216 2462 317 2504 Quod
344 2462 486 2494 excellit
510 2462 738 2502 intellectum,

215 2509 326 2548 Virgo
352 2509 456 2549 capit,
484 2517 546 2539 vas
572 2507 730 2539 electum.

217 2553 373 2585 Verbum
399 2553 520 2594 patris,
549 2553 693 2585 verbum
719 2553 859 2592 bonum,

151 2599 192 2634 10
217 2599 285 2630 Per
312 2597 494 2629 amborum
519 2607 654 2630 sacrum
679 2598 806 2630 donum

217 2645 259 2676 In
284 2653 346 2674 cor
371 2643 493 2674 matris
522 2646 716 2675 eructatum

218 2690 328 2729 Virgo
354 2689 450 2729 parit
474 2689 706 2720 incarnatum.

218 2733 408 2766 Eructavit
431 2733 576 2765 verbum
601 2737 710 2775 pater,

219 2777 323 2819 Quod
349 2780 509 2820 concepit
534 2779 634 2822 virgo
660 2782 786 2819 mater3

153 2825 194 2860 15
220 2825 386 2856 Ventrem
412 2824 560 2865 virginis
585 2825 754 2856 intactum

221 2868 348 2910 Implet
372 2869 517 2901 verbum
543 2878 624 2901 caro
649 2870 790 2902 factum.

218 2915 373 2948 Verbum
400 2917 499 2955 pater
523 2916 707 2953 eructavit,

1032 2192 1109 2230 Quo
1134 2193 1305 2233 virginem
1331 2191 1545 2231 fecundavit3

1033 2237 1142 2279 Virgo
1167 2240 1288 2275 mater,
1315 2247 1445 2278 sponsa
1470 2238 1548 2276 Dei,

966 2278 1010 2314 20
1033 2282 1228 2314 Parturivit
1250 2286 1371 2314 natum
1396 2284 1438 2314 ei.

1035 2327 1207 2369 Splendor
1232 2329 1343 2369 patris
1369 2331 1403 2360 et
1427 2327 1547 2370 figura,

1034 2373 1145 2404 Verus
1171 2374 1267 2405 Deus
1294 2375 1330 2404 in
1354 2376 1490 2411 natura,

1035 2418 1148 2450 Verus
1172 2418 1276 2450 homo
1303 2418 1340 2450 fit
1364 2429 1406 2450 ex
1431 2422 1540 2450 matre

1036 2463 1142 2495 Nullo
1168 2465 1239 2495 nisi
1265 2465 1339 2495 Deo
1365 2467 1475 2505 patre.

968 2506 1011 2540 25
1037 2509 1164 2540 Vultus
1191 2509 1300 2551 patris
1326 2513 1360 2540 et
1384 2510 1510 2551 imago,

1037 2554 1142 2586 Pater
1167 2556 1289 2586 matris
1315 2557 1349 2586 et
1373 2564 1539 2596 propago,

1036 2597 1163 2631 Portus
1187 2600 1337 2641 virginis
1364 2599 1554 2639 mirandus,

1038 2644 1154 2676 Homo
1180 2646 1277 2676 Deus
1303 2644 1512 2683 adorandus,

1038 2690 1192 2721 Verbum
1218 2690 1327 2731 patris
1353 2696 1388 2722 et
1412 2690 1537 2731 sophia

973 2732 1018 2766 30
1043 2735 1190 2767 Carnem
1215 2736 1364 2776 sumpsit
1387 2735 1429 2767 de
1453 2735 1578 2768 Maria.

1043 2780 1196 2812 Verbum
1221 2789 1302 2812 caro
1328 2780 1370 2812 de
1394 2781 1518 2819 Maria,

1043 2826 1138 2858 Deus
1163 2825 1279 2863 homo,
1304 2828 1341 2857 tu
1366 2827 1508 2863 Messia,

1044 2871 1138 2902 Deus
1164 2871 1259 2902 solus
1290 2874 1324 2902 et
1348 2881 1529 2913 supernus,

1044 2916 1154 2955 Quem
1178 2926 1241 2948 nec
1266 2916 1367 2958 polus
1392 2927 1456 2948 nec
1480 2917 1650 2955 infernus,
