2031 3289
923 192 971 196 —
1037 170 1115 209 190

342 283 379 320 9.
413 281 552 319 Cruces
583 282 670 319 hinc
702 283 899 320 duodecim

469 338 723 375 chrismantur
753 340 952 389 parietum,

411 395 545 432 Altare
577 396 787 441 contegitur

467 454 504 487 et
534 451 574 488 fit
605 451 847 492 sacrificuim,

1128 286 1191 323 10.
1224 287 1326 332 Quae
1357 285 1450 322 fiunt
1481 288 1659 329 exterius,

1280 343 1380 379 intus
1411 343 1493 388 ipse
1524 344 1721 391 compleat,

1224 399 1359 435 Mundi
1390 399 1648 445 penetralibus

1283 455 1406 491 cordis
1439 455 1502 502 qui
1532 456 1568 492 in
1602 457 1759 495 habitat.

721 532 784 569 11.
817 532 897 568 Deo
929 533 1027 579 patri
1059 534 1192 580 gloria,

874 600 944 634 par
971 590 1019 626 sit
1050 590 1168 626 honor
1200 590 1288 636 filio,

821 646 983 693 Compar
1013 646 1063 682 sit,
1094 647 1243 692 spiritui

883 703 1087 749 gratiarum
1119 704 1229 741 actio.

389 792 416 822 l}
449 791 505 821 fol.
540 789 623 821 Uli).
654 809 676 811 -κ

717 789 755 829 4,
790 789 804 822 1
834 791 979 832 Ligatis.
1007 811 1048 814 -
1072 790 1112 832 4⁷
1146 790 1166 823 2
1195 794 1295 824 inter.
1323 811 1363 814 ἕ
1389 791 1426 829 4,
1458 791 1478 822 4
1503 803 1659 834 quosque
1685 794 1738 825 vel
1767 798 1856 826 vota.

853 926 922 961 186.
959 927 1037 969 (76.)
1073 925 1126 962 Ad
1151 925 1305 962 Laudes,

344 1021 380 1058 1.
413 1020 525 1065 Ecce,
560 1021 691 1057 domus
724 1021 887 1067 Domini,

470 1088 527 1114 en.
560 1077 683 1113 fidelis
714 1078 888 1127 popuIUS,

415 1133 586 1170 Psalmis.
620 1134 779 1181 hymnis,
813 1135 968 1171 canticis

471 1201 608 1227 vacans
637 1191 882 1237 spiritalibus.

342 1282 378 1320 2.
413 1280 597 1326 Christus,
631 1281 734 1317 cuius
768 1282 897 1319 domus
929 1287 997 1327 est,

467 1337 587 1385 ipsam
620 1338 690 1374 sibi
720 1343 892 1386 protegat

413 1394 463 1430 Et
493 1395 591 1430 ovile
623 1395 767 1441 proprii

469 1451 590 1497 gregis
623 1457 753 1498 pastor
783 1453 936 1493 muniat.

343 1544 378 1580 3.
414 1543 555 1579 Canum
587 1543 815 1587 spiritalium

470 1600 624 1635 tutelam
655 1600 846 1641 adhibeat,

416 1656 543 1701 Lupos
574 1656 784 1693 invisibiles

470 1723 586 1758 super
616 1713 702 1750 illos
733 1719 872 1753 arceat.

345 1805 383 1840 4.
416 1803 646 1848 Angelorum
681 1805 901 1850 praesidens

469 1870 619 1906 semper
649 1861 683 1897 in
717 1861 889 1898 custodia

413 1917 472 1953 Ad
506 1916 629 1953 fidelis
660 1918 790 1965 populi

472 1974 599 2020 vigilet
633 1974 835 2020 praesidia.

347 2055 383 2090 ἴ».
417 2053 476 2089 Ad
510 2053 711 2099 superbum
745 2054 903 2090 zabulon

471 2111 739 2147 conterendum
771 2111 948 2159 Michael‚

413 2167 474 2203 Ad
507 2167 730 2203 medendum
765 2168 902 2204 sauciis

472 2223 656 2269 dirigatur
688 2224 870 2270 Raphael.

343 2304 379 2341 6.
414 2303 540 2340 Corda
571 2302 812 2339 titubantium

470 2359 625 2397 Gabriel
657 2360 876 2396 corroboret

412 2416 464 2453 Et
493 2416 776 2462 perseverantia

469 2477 611 2509 stantes
642 2473 741 2510 idem
773 2474 940 2513 adiuvet,

345 2554 380 2590 7.
414 2553 619 2599 Nusquam,
654 2564 733 2589 cum
767 2553 813 2588 sit
846 2553 944 2599 regis
975 2553 1043 2589 1100

472 2609 643 2645 caelestis
674 2610 868 2657 palatium,

413 2666 601 2702 Ministris
634 2666 858 2702 caelestibus

471 2723 575 2759 «locet
610 2733 689 2759 esso
723 2734 890 2762 vacuum,

1158 1022 1193 1059 8.
1226 1023 1368 1059 Horum
1401 1023 1608 1059 ministerio

1286 1079 1534 1125 disponantur
1563 1080 1700 1128 omnia,

1227 1136 1296 1182 Qui
1328 1140 1478 1182 norunt,
1511 1147 1604 1182 quae
1636 1137 1796 1173 Domino

1284 1192 1356 1228 sint
1399 1193 1456 1228 vel
1492 1204 1564 1229 non
1596 1193 1672 1229 sint
1702 1193 1857 1241 placita.

1158 1285 1194 1321 9.
1229 1283 1369 1320 Christi
1400 1289 1497 1320 vota-
1518 1284 1647 1330 populi

1282 1340 1354 1386 ipsi
1387 1351 1518 1386 preces
1549 1340 1720 1388 offerant,

1226 1397 1286 1444 Et,
1321 1397 1410 1442 quid
1441 1397 1523 1443 ipse
1554 1401 1700 1443 voveat,

1282 1454 1371 1500 quid
1403 1458 1591 1500 precetur.
1625 1454 1796 1494 doceant,

1134 1547 1196 1584 10,
1231 1544 1332 1581 Nihil
1366 1544 1482 1580 cassis
1513 1544 1702 1591 precibus,

1284 1601 1376 1637 nihil
1410 1601 1505 1637 votis
1536 1601 1655 1637 irritis

1231 1657 1301 1694 Hic
1331 1657 1462 1694 fideles
1494 1658 1685 1703 postulent

1286 1714 1343 1750 vol
1375 1714 1447 1751 sibi
1479 1715 1536 1751 vel
1569 1714 1664 1752 aliis.

1136 1806 1197 1842 11.
1232 1805 1403 1851 Quisquis
1437 1805 1497 1841 hic
1526 1804 1691 1842 fidelium

1287 1872 1417 1907 preces
1449 1861 1529 1898 Deo
1562 1860 1715 1904 fuderit,

1230 1919 1457 1964 Impetrasse
1488 1918 1651 1965 gaudeat

1286 1985 1337 2014 se,
1369 1974 1551 2021 quidquid
1584 1975 1748 2021 petierit.

1138 2055 1201 2092 12.
1235 2054 1381 2091 Giezita
1413 2054 1537 2090 nullus
1569 2055 1640 2102 hic,

1285 2111 1409 2147 nullus
1441 2110 1673 2148 simoniacus

1230 2168 1453 2214 Corrumpat
1486 2168 1685 2204 haereticis

1287 2235 1435 2271 gregem
1469 2225 1609 2262 Christi
1640 2226 1822 2271 pestibus.

1134 2306 1196 2341 13.
1229 2304 1327 2350 Quos
1359 2314 1381 2339 a
1413 2303 1522 2340 domo
1553 2305 1710 2350 propria

1283 2371 1352 2406 per
1382 2365 1499 2396 semet
1531 2361 1732 2409 expulerit,

1230 2418 1327 2453 Iram
1361 2417 1440 2453 eius
1472 2417 1622 2463 sentiat,

1282 2473 1449 2520 quisquis
1477 2473 1544 2510 hos
1576 2474 1782 2514 reduxerit.

1130 2554 1194 2591 14.
1227 2552 1308 2589 Deo
1340 2552 1438 2599 patri
1469 2552 1601 2601 gloria,

1282 2620 1351 2655 par
1381 2609 1432 2645 sit.
1462 2609 1581 2645 honor
1612 2608 1702 2657 filio,

1227 2666 1390 2711 Compar
1420 2666 1466 2701 sit
1501 2665 1651 2711 spiritui

1283 2722 1486 2769 gratiarum
1520 2722 1630 2759 actio.

394 2800 419 2830 B
456 2801 512 2830 fol.
555 2799 637 2831 9111.
674 2819 715 2822 μ
755 2800 788 2833 6,
827 2798 847 2831 ‘2
879 2801 1032 2832 Gabriel.
1070 2818 1112 2821 -—
1153 2800 1208 2837 10,
1247 2798 1267 2830 ‘2
1303 2802 1408 2831 vovis.
1448 2817 1489 2821 -
1530 2798 1587 2833 ll,
1630 2799 1643 2831 l
1682 2801 1768 2841 Quis
1802 2799 1857 2832 hic

300 2846 462 2878 fidelium.
491 2863 529 2866 Μ
564 2843 613 2878 12.
644 2845 654 2876 l
689 2846 825 2877 lliozita
864 2865 904 2868 —
