2031 3289
949 154 1254 195 —102—

334 273 400 310 23.
433 271 616 318 vitaeque
646 270 770 319 prima
800 268 946 306 sabbati
1145 268 1211 307 28.
1241 268 1320 313 Quo
1349 278 1417 304 nos
1449 267 1590 314 venire,
1615 276 1851 314 quaesumus,

430 327 627 374 Surgendo
658 326 790 373 pandit
821 325 970 362 ianuam
1244 324 1434 371 Concede,
1468 327 1600 360 sancta
1630 323 1792 371 trinium,

431 383 590 430 Suisque
621 380 946 429 congaudentibus
1242 380 1442 426 Unumque
1472 383 1509 415 te
1540 389 1764 425 cognoscere

430 439 615 477 Ascendit
645 438 695 476 ad
725 438 901 474 thronum
924 436 1059 483 patris.
1248 436 1382 472 Verum
1413 435 1533 472 Deum
1561 445 1631 481 per
1661 435 1823 480 saecula.

339 521 404 559 24.
436 519 487 556 Et
517 528 583 554 sex
614 518 652 554 in
684 516 794 554 huius
824 516 965 553 saeculi
1152 516 1216 553 29.
1247 515 1321 551 Hic
1351 515 1468 561 igitur
1497 513 1737 562 sperantibus

434 573 636 612 Aetatibus
668 584 736 610 nos
768 572 955 618 praecipit
1249 570 1370 608 Nobis
1403 574 1516 616 atque
1547 569 1743 607 orantibus

431 631 609 668 Nostram
636 628 796 666 ferendo
820 629 893 665 iam
917 638 1064 664 crucem
1250 629 1294 665 In
1326 627 1462 673 spiritu
1494 626 1680 673 paraclito

431 687 494 724 Ius
525 696 634 723 omne
664 686 731 722 leti
763 685 930 724 vincere.
1249 683 1307 721 Sit
1336 683 1450 729 plena
1481 682 1700 720 consolatio.

336 767 401 805 25.
439 763 674 804 intrabimus
705 767 792 811 post
822 763 946 800 omnia
1153 763 1218 800 30.
1251 761 1334 799 Sint
1365 761 1481 798 corda
1513 761 1616 798 clara
1646 765 1684 797 et
1711 759 1837 806 fortia,

436 822 598 860 Devicta
629 820 760 857 mundi
792 819 939 867 praelia
1251 818 1309 855 Sit
1340 828 1428 855 caro
1459 816 1724 864 frugalissima,

437 877 573 916 Carnis
605 876 720 914 soluti
749 876 910 913 vinculis
1252 872 1299 913 In
1330 874 1481 911 modum
1509 873 1599 910 solis
1631 872 1800 910 fervidus

435 935 545 971 Vitae
577 933 754 980 perennis
787 932 997 971 sabbatum.
1250 931 1450 977 Nunquam
1481 934 1651 976 tepescat
1680 929 1838 967 animus.

335 1015 402 1052 26.
437 1012 622 1059 Sequetur
651 1023 727 1049 una
757 1011 906 1048 sabbati
1153 1011 1219 1049 31.
1251 1010 1345 1047 Alas
1377 1009 1557 1046 virtutum
1588 1008 1754 1055 geminas

435 1069 659 1107 Claudenda
689 1068 794 1105 nullo
825 1067 999 1115 termino,
1249 1064 1430 1103 Biformis
1463 1065 1605 1102 donans
1636 1064 1775 1101 caritas

433 1125 524 1163 Cum
555 1125 681 1162 carnis
712 1124 978 1161 immortalitas
1250 1122 1424 1160 Creatori
1457 1121 1689 1158 consimilem

431 1183 599 1219 Aeterna
630 1180 739 1218 nobis
770 1180 960 1218 redditur.
1249 1179 1364 1216 Suam
1396 1178 1534 1215 reddat
1564 1177 1778 1224 imaginem.

336 1263 401 1300 27.
435 1261 497 1298 Sic
528 1260 651 1297 carnis
682 1263 794 1306 atque
825 1259 982 1306 spiritus
1149 1260 1214 1298 32.
1248 1258 1302 1296 Ut
1332 1256 1554 1294 sabbatismi
1584 1256 1712 1302 requie

432 1317 528 1354 Bino
562 1316 672 1363 potiti
703 1316 840 1364 gaudio
1249 1314 1412 1351 Nostrae
1444 1311 1618 1350 fruantur
1648 1312 1806 1361 animae,

436 1374 668 1412 Scandemus
696 1373 745 1410 ad
778 1372 956 1409 caelestia
1248 1370 1378 1407 Donec
1409 1372 1586 1416 surgente
1617 1379 1775 1415 corpore

435 1430 555 1478 Regni
585 1429 763 1476 perennis
793 1428 954 1468 moenia.
1247 1426 1303 1464 Sit
1334 1427 1454 1463 stolae
1486 1426 1599 1462 decus
1630 1425 1812 1471 geminae.

741 1510 807 1546 33.
840 1508 1009 1552 Praesta,
1043 1511 1152 1553 pater
1183 1505 1351 1552 piissime

839 1563 1018 1610 Patrique
1050 1574 1203 1610 compar
1232 1562 1354 1604 unice,

840 1620 934 1658 Cum
966 1619 1103 1666 spiritu
1133 1618 1319 1667 paraclito

839 1676 949 1713 Nunc
980 1681 1017 1712 et
1046 1687 1116 1724 per
1146 1675 1307 1712 saecula.

411 1756 553 1789 Collect.
590 1766 654 1787 ms.
696 1754 963 1795 Salisburgense
1001 1763 1090 1785 saec.
1125 1751 1176 1785 12.
1235 1752 1318 1785 Cod.
1351 1752 1592 1783 Vindobonen.
1633 1749 1728 1783 1743.
1760 1752 1799 1782 A.
1835 1768 1877 1774 —

320 1801 530 1839 Cassander,
556 1801 687 1842 Hymni
712 1800 833 1831 eccles.
859 1797 902 1831 &6
928 1809 1000 1841 sqq.
1028 1800 1066 1831 B.
1091 1815 1135 1819 —

413 1845 442 1885 7,
469 1845 484 1878 1
513 1846 644 1878 saeculi
661 1846 702 1877 A.
727 1863 772 1867 -
797 1843 828 1883 9,
853 1842 874 1875 2
898 1845 1049 1876 micabat
1066 1844 1104 1875 B.
1130 1861 1175 1866 —-
1199 1841 1228 1881 9,
1255 1840 1276 1875 3
1293 1842 1379 1874 Polo
1408 1842 1551 1883 soloque
1569 1843 1609 1874 B.
1634 1859 1678 1863 —
1705 1839 1755 1880 12,
1784 1839 1796 1872 l
1827 1851 1876 1884 sq.

319 1903 359 1924 zu
389 1889 544 1925 Chaldea
569 1891 639 1923 und
663 1888 773 1923 Iudea
797 1890 866 1931 vgl.
891 1889 1064 1922 Miracula
1089 1900 1116 1920 s.
1142 1889 1325 1921 Cuthberti
1350 1888 1473 1926 XLIV,
1504 1885 1543 1918 12
1569 1897 1624 1928 sq:

554 1937 713 1978 Namque
740 1946 826 1977 opus
852 1935 928 1975 hoc,
955 1935 1120 1967 Salomon
1145 1934 1240 1965 fulvo
1267 1933 1359 1976 quod
1383 1933 1511 1965 fecerat
1536 1943 1633 1970 auro,

553 1979 708 2013 Chaldea
734 1985 909 2023 petrarum
935 1981 1079 2017 obtexit,
1106 1980 1184 2017 heu,
1210 1980 1348 2011 flamma
1374 1979 1488 2010 minis.

320 2026 370 2066 15,
396 2026 418 2059 4
443 2038 581 2059 carnem
606 2027 781 2069 proferens
799 2026 838 2057 B.
866 2043 908 2047 -
936 2023 987 2065 18,
1013 2024 1033 2056 2
1048 2026 1134 2057 Post
1158 2025 1224 2057 hoc
1245 2025 1361 2056 futura
1385 2027 1438 2055 est
1462 2023 1637 2055 saeculum
1656 2023 1695 2054 B.
1721 2040 1765 2044 —
1782 2020 1839 2060 21,
1859 2019 1874 2054 l

317 2074 428 2113 Quam
459 2073 561 2104 nobis
595 2072 639 2104 ad
675 2083 712 2104 se
737 2072 894 2103 semitam
919 2072 958 2103 B.
983 2089 1028 2092 —-
1054 2068 1112 2108 22,
1139 2068 1159 2101 2
1185 2071 1322 2102 sabbati
1347 2069 1433 2101 fehlt
1456 2069 1503 2108 Β;
1535 2068 1636 2100 dabei
1662 2078 1715 2099 am
1741 2067 1875 2100 Rande:

321 2120 447 2159 „Deest
471 2121 639 2150 tartarum
664 2117 719 2149 vel
745 2117 831 2149 feria
855 2116 911 2148 vel
940 2116 1073 2158 aliquid
1098 2113 1198 2147 tale.“
1243 2115 1309 2147 Str.
1336 2113 1378 2146 24
1403 2113 1489 2146 fehlt
1506 2114 1545 2145 A.
1571 2131 1612 2136 ——
1631 2111 1684 2151 25,
1710 2110 1730 2144 2
1751 2113 1877 2144 Debita

318 2164 435 2195 mundi
460 2164 501 2195 A.
533 2180 576 2184 —
602 2163 669 2195 Str.
702 2160 745 2194 29
777 2173 810 2194 u.
843 2162 876 2194 ff.
908 2161 1022 2194 fehleu
1050 2163 1085 2193 B.
1119 2178 1160 2183 —-
1188 2161 1254 2192 Str.
1280 2158 1323 2192 33
1347 2170 1413 2191 nur
1438 2161 1501 2191 mit
1524 2159 1590 2190 den
1617 2157 1875 2201 Anfangsbueh-

317 2210 438 2241 staben
470 2208 530 2240 der
560 2209 682 2240 Worte
713 2209 752 2239 A.
788 2226 829 2230 —
856 2208 979 2239 Dieser
1004 2207 1164 2247 Hymnus
1190 2206 1283 2237 steht
1307 2205 1393 2236 auch
1421 2210 1521 2236 unter
1545 2204 1657 2235 Bedas
1683 2205 1816 2235 Namen
1840 2204 1875 2234 in

316 2255 371 2286 «lex
401 2255 465 2285 Hs.
493 2251 556 2285 106
580 2254 640 2285 des
665 2253 797 2285 Kolner
822 2252 1066 2293 Domkapitels
1094 2252 1187 2291 (saec
1224 2249 1276 2289 9.),
1304 2250 1362 2281 fol.
1380 2248 1415 2281 6:
1445 2251 1550 2290 „Item
1572 2249 1718 2290 hymnus
1736 2248 1876 2280 Bedae

317 2300 509 2340 presbyteri
541 2299 583 2331 de
615 2309 718 2340 opere
752 2309 812 2330 sex
845 2298 977 2329 dierum
1013 2297 1275 2339 primordialum
1306 2300 1340 2328 et
1364 2296 1406 2327 de
1431 2306 1489 2327 sex
1515 2295 1687 2327 aetatibus
1713 2290 1872 2332 mundi-“3

315 2345 374 2377 der
406 2345 494 2377 Text
523 2345 580 2376 fol.
610 2342 698 2376 441).
745 2343 872 2375 Leider
903 2345 949 2374 ist
982 2345 1047 2374 mir
1079 2342 1175 2373 nicht
1208 2341 1368 2383 moglich,
1403 2341 1458 2372 die
1492 2341 1682 2372 Varianten
1717 2339 1777 2370 der
1813 2339 1874 2370 Hs.

318 2390 540 2422 mitzuteilen.
559 2407 603 2411 —
627 2390 694 2422 Str.
714 2387 766 2427 19,
784 2387 827 2421 20
844 2388 912 2421 und
929 2386 972 2420 28
991 2387 1079 2419 auch
1096 2389 1132 2419 in
1152 2387 1294 2420 Colleet.
1315 2397 1375 2417 ms.
1395 2386 1427 2417 S.
1447 2385 1630 2418 Michaelis
1651 2385 1874 2426 Bambergen.

320 2446 407 2468 saec.
436 2433 522 2467 ¹⁰l11.
570 2435 653 2468 Cod.
681 2435 909 2476 Bambergen.
942 2435 970 2465 B
997 2434 1027 2465 11
1057 2431 1096 2465 10
1119 2434 1168 2471 (in
1194 2432 1343 2464 Alkuins
1368 2431 1515 2463 Traktat
1541 2432 1614 2473 „De
1640 2429 1741 2461 laude
1767 2426 1876 2469 Dei“).

317 2499 357 2502 —
383 2479 436 2519 20,
466 2479 481 2512 1
508 2484 678 2522 perpetes.

742 2567 800 2604 81.
825 2567 886 2609 (3.)
918 2567 962 2601 Ιιι
989 2565 1126 2602 Natali
1152 2564 1444 2601 Innocentium.

335 2642 367 2678 1.
402 2641 436 2676 H
449 2652 472 2687 y
485 2651 520 2675 m
533 2651 591 2676 nu
604 2650 637 2676 m
671 2650 691 2676 c
704 2650 760 2676 an
773 2649 825 2676 on
839 2643 851 2674 t
865 2648 914 2675 es
935 2649 971 2674 m
984 2649 1060 2675 ar·
1147 2639 1183 2675 2.
1217 2637 1371 2673 Vultum
1403 2635 1523 2682 patris
1554 2645 1624 2681 per
1654 2632 1804 2670 saecula

722 2699 735 2732 t
749 2707 772 2742 y
787 2707 805 2732 r
817 2706 840 2731 u
855 2706 890 2731 m
1216 2694 1380 2739 Quorum
1412 2696 1565 2728 tuentur
1595 2689 1716 2737 angeli

405 2811 504 2855 Quos
545 2813 648 2846 terra
684 2807 817 2845 flentes
848 2807 1030 2855 perdidit,
1214 2806 1250 2843 H
1263 2818 1286 2854 y
1301 2817 1332 2841 m
1347 2817 1402 2842 nu
1412 2816 1446 2841 m
1480 2815 1499 2840 c
1510 2815 1531 2841 a
1542 2815 1566 2841 n
1579 2813 1599 2840 e
1609 2807 1658 2840 nt
1671 2813 1690 2838 c
1702 2813 1719 2838 s
1750 2811 1783 2837 m
1797 2811 1818 2837 a
1828 2810 1846 2836 r
1857 2819 1872 2826 -

403 2866 582 2903 Gaudens
604 2865 670 2901 sed
693 2865 825 2901 aethra
855 2864 1024 2910 suscipit,
1543 2865 1592 2906 ty
1605 2870 1624 2896 r
1636 2870 1659 2895 u
1671 2869 1719 2898 ιιι.

1894 3082 2031 3289 Α

1979 2356 1983 2381 ι

1980 2391 1982 2407 Ι

1977 2415 1982 2661 i

1978 2666 1980 2705 ἔ

1978 2710 1980 2728 Ι

401 2754 581 2791 Dicamus
612 2752 879 2796 innocentium,
1216 2750 1382 2796 Eiusque
1413 2748 1571 2785 laudant
1600 2746 1757 2794 gratiam
1976 2733 1980 2842 ⁴l

1976 2847 1979 2866 l
