1914 3223
787 168 1096 219 —579—

246 283 299 322 Ut
329 287 510 321 exorante
541 283 687 331 virgine

249 339 322 377 Pro
352 340 461 378 nobis
492 344 529 377 te
560 340 786 387 suppliciter

981 285 1034 322 45
1065 284 1101 320 A
1132 287 1373 329 peccatorum
1403 281 1555 319 turbine

1067 339 1190 377 Simus
1221 339 1344 376 securi
1375 338 1523 386 iugiter.

721 486 935 524 Quartum
968 485 1171 516 Verbum.

247 566 345 611 Iesu,
377 565 498 611 patris
530 564 687 612 ingeniti

247 621 378 658 Virtus
409 626 447 658 et·
477 621 679 668 sapientia,

248 679 345 727 Iesu,
379 678 559 724 cuiusque
591 677 734 715 conditi

247 734 374 771 Tenor
404 739 442 771 et
473 734 730 781 consistentia,

190 794 212 829 5
242 791 300 828 Tu
331 791 471 828 virtute
503 790 670 828 mirabili

246 847 404 885 Stellam
434 845 560 884 infans
591 847 840 896 produxeras,

247 904 304 941 Tu
335 905 476 941 virtute
509 904 696 940 consimili

249 961 371 998 Panes
402 960 739 1009 multiplicaveras,

245 1016 403 1054 Morbos
435 1027 564 1054 omnes
595 1027 811 1064 sanaveras,

162 1072 214 1111 10
245 1072 457 1110 Defunctos
488 1073 755 1122 suscitaveras,

241 1130 366 1176 Opera
397 1130 493 1167 mira
523 1128 683 1177 feceras,

244 1187 383 1231 Totum
412 1186 542 1224 orbem
574 1185 818 1236 formaveras,

243 1243 301 1280 Tu
333 1242 473 1280 virtute
504 1243 668 1280 terribili

243 1299 453 1337 Daemonia
484 1300 663 1345 eieceras,

159 1356 210 1394 15
244 1357 303 1394 Tu
334 1356 475 1394 virtute
507 1356 693 1394 consimili

244 1412 384 1450 Hostes
416 1417 500 1450 tuos
531 1417 810 1460 prostraveras‚

248 1469 324 1508 Sed
359 1468 496 1507 affixus
527 1468 712 1516 patibulo,

244 1526 351 1564 Patri
385 1525 507 1563 factus
539 1526 758 1572 oboediens,

248 1584 355 1620 Iussu
386 1583 507 1629 patris
538 1583 576 1619 in
609 1582 758 1619 vinculo

162 1639 212 1677 20
247 1639 404 1676 Vinctus
436 1649 591 1677 manens
622 1643 659 1676 et
690 1639 851 1688 patiens,

243 1696 314 1742 Qui
336 1696 428 1742 vult,
457 1696 557 1742 quod
579 1695 676 1733 hanc
697 1696 909 1743 angustiam

241 1752 295 1791 Ut
324 1751 495 1789 infirmus
527 1753 714 1789 sustineas

244 1809 325 1846 Nec
357 1809 523 1846 divinam
555 1809 763 1855 potentiam

1069 565 1123 602 Te
1154 563 1320 602 liberans
1350 575 1550 612 exerceas3

985 620 1036 660 25
1070 622 1310 668 Quapropter
1340 626 1403 658 tuo
1434 622 1558 658 sensui

1070 678 1282 716 Condolens
1316 679 1552 722 naturaliter,

1069 731 1282 771 Clamorem
1313 734 1463 771 confers
1494 735 1662 781 planctui

1068 791 1210 828 Dicens
1241 791 1556 828 lamentabiliter:

1065 846 1169 896 Heli,
1201 847 1305 893 Heli,
1339 848 1446 886 Cama
1475 847 1690 893 sabactani,

1065 903 1135 941 hoc
1146 906 1200 941 est
1212 915 1224 942 .·
1240 904 1347 941 Deus
1359 915 1478 949 meus,
1490 904 1598 941 Deus
1610 914 1728 949 meus,

1066 962 1107 997 ut
1138 960 1233 1006 quid
1262 960 1497 1007 dereliquisti
1531 961 1618 998 me?

1207 1069 1229 1092 *
1490 1070 1512 1093 *

1348 1101 1371 1126 ,ιε

1067 1187 1097 1225 Ο
1128 1187 1333 1224 lamentum
1364 1186 1538 1224 mirabile

983 1245 1035 1282 30
1068 1243 1236 1282 Salutem
1265 1254 1380 1291 agens
1412 1243 1618 1287 hominum,

1067 1301 1097 1338 O
1127 1300 1307 1337 innocens
1339 1311 1404 1338 cor
1434 1300 1574 1338 humile

1068 1357 1214 1393 Poenas
1263 1357 1465 1404 deplorans
1511 1356 1727 1393 criminum!

1067 1413 1130 1450 Ad
1161 1417 1199 1450 te
1229 1423 1288 1450 me
1319 1412 1394 1450 fert
1426 1413 1648 1461 compassio,

1068 1470 1122 1506 Te
1152 1480 1222 1516 pro
1253 1480 1312 1506 me
1342 1471 1422 1517 pati
1453 1470 1587 1518 sentio,

984 1528 1035 1565 35
1068 1527 1170 1564 Ante
1200 1531 1237 1563 te
1267 1537 1327 1563 me
1357 1527 1502 1573 proicio

1069 1583 1283 1630 Tecumque
1313 1584 1454 1620 luctum
1486 1581 1596 1620 facio.

1068 1639 1165 1676 Nam
1196 1639 1269 1676 iste
1299 1640 1421 1677 luctus
1451 1640 1556 1676 utilis

1065 1696 1135 1733 Est
1167 1696 1258 1732 mihi
1278 1707 1357 1744 ¹pro
1387 1696 1539 1743 solacio,

1065 1753 1136 1798 Qui
1166 1752 1258 1789 mihi
1289 1752 1548 1799 praemiabilis

984 1810 1036 1847 40
1069 1808 1126 1845 Sit
1156 1809 1194 1845 in
1225 1812 1380 1846 aeterno
1411 1808 1561 1856 gaudio.

718 1954 937 1993 Quintum
969 1954 1170 1986 Verbum.

246 2036 346 2082 Iesu,
379 2035 501 2072 dulcis
531 2035 724 2081 memoria,

247 2091 451 2129 Sitibunda
483 2091 650 2139 dilectio,

246 2149 345 2194 Iesu,
380 2148 502 2185 dulcis
533 2148 685 2197 fiducia,

247 2204 498 2242 Laetabunda
528 2203 699 2252 refectio,

191 2263 213 2299 5
246 2261 346 2299 Dum
378 2265 555 2298 extensus
586 2261 788 2298 exsisteres

247 2317 370 2364 Super
399 2328 504 2355 oram
535 2317 710 2365 patibuli,

245 2374 345 2412 Dum
377 2374 592 2412 immolatus
623 2384 754 2421 ageres

247 2431 564 2477 Redemptionem
595 2431 739 2479 populi,

248 2487 347 2524 Dum
380 2489 583 2524 lamentum
615 2487 835 2526 ostenderet

162 2546 214 2583 10
247 2543 370 2590 Super
399 2548 436 2580 te
467 2544 590 2581 vultus
622 2544 776 2591 saeculi,

246 2601 344 2638 Dum
376 2605 414 2637 te
444 2601 586 2638 nudum
617 2601 806 2647 aspiceret

244 2656 414 2694 Mundus
444 2657 566 2694 instar
596 2657 817 2703 spectaculi,

246 2713 345 2751 Dum
377 2714 503 2751 hostes
534 2718 572 2750 te
604 2713 829 2751 deluderent

246 2769 298 2806 Et
328 2770 408 2807 noti
438 2770 493 2806 tui
525 2768 710 2817 fugerent,

165 2826 214 2864 15
247 2826 347 2863 Dum
383 2827 480 2863 clavi
512 2827 681 2863 membra
711 2825 911 2862 tenderent

247 2882 297 2919 Et
327 2883 434 2920 nervi
465 2893 505 2920 se
537 2882 815 2928 contraherent,

1068 2034 1166 2072 Dum
1199 2036 1356 2073 vulnera
1386 2040 1639 2073 tumescerent

1069 2091 1119 2128 Et
1149 2092 1324 2130 humores
1357 2092 1578 2139 defluerent,

1067 2147 1167 2184 Dum
1219 2160 1350 2186 carnes
1395 2149 1730 2186 contremiscerent

983 2206 1036 2242 20
1067 2204 1117 2241 Et
1150 2206 1308 2244 virtutes
1343 2210 1571 2249 arescerent,

1068 2260 1176 2298 Sitim
1209 2263 1360 2299 sensisti
1391 2261 1591 2309 fervidam,

1066 2316 1175 2354 Sitim
1205 2329 1333 2356 amore
1363 2319 1594 2365 languidam,

1067 2373 1175 2410 Sitim
1208 2376 1388 2413 virtutum
1421 2375 1608 2423 cupidam,

1067 2430 1230 2469 Nostrae
1261 2433 1393 2469 salutis
1425 2431 1590 2477 avidam,

981 2488 1033 2524 25
1066 2487 1235 2536 Benigne
1267 2489 1415 2526 dicens:
1448 2488 1560 2530 Simo,

1067 2544 1270 2582 Hominum
1300 2544 1414 2582 fidem
1447 2545 1555 2591 cupio

1068 2600 1310 2648 Salutemque
1342 2602 1531 2647 desidero,

1068 2657 1141 2695 Pro
1172 2669 1245 2704 qua
1276 2669 1333 2695 me
1363 2659 1443 2705 pati
1474 2658 1601 2695 offero.

1203 2738 1224 2762 ³1<
1487 2739 1508 2762 *

1343 2771 1365 2795 *

1068 2828 1097 2866 Ο
1129 2828 1212 2864 sitis
1243 2828 1495 2866 saluberrima

984 2885 1036 2922 30
1069 2884 1266 2931 Exoptans
1298 2886 1496 2929 amicitias,

1447 2949 1490 2983 37
1502 2950 1519 2968 *
