2031 3289
894 214 1198 255 -578—

356 331 453 369 Dum
484 329 670 367 insultans
699 329 912 376 insurgeret

358 388 408 425 Et
439 386 737 433 blasphemando
769 385 932 422 diceret:

359 443 423 493 „Si
452 447 494 479 tu
524 453 563 479 es
594 442 666 479 Dei
695 441 807 489 filius,

360 500 472 538 Salva
502 499 740 545 temetipsum
769 501 806 533 et
836 506 916 543 nos,

274 557 324 595 15
356 556 451 593 Esto
480 555 550 592 tibi
580 554 780 603 propitius,

356 613 425 659 Tu,
457 612 520 658 qui
552 610 708 649 salvasti
738 606 883 654 alios“;

354 668 454 705 Dum
486 668 583 704 alter
612 667 712 703 hunc
743 665 953 711 corriperet

356 725 409 762 Et
436 724 536 761 hunc
565 724 720 759 stultum
751 721 981 770 ostenderet,

357 781 457 818 Dum
488 791 528 817 se
558 780 698 817 malum
730 778 955 815 concederet

271 839 323 876 20
358 837 409 874 Et
441 841 478 873 te
508 836 647 873 iustum
677 838 877 883 assereret,

358 894 455 930 Dum
488 893 536 929 ad
567 896 605 928 te
636 902 676 928 se
709 894 946 928 converteret

358 950 409 987 Et
441 949 603 996 supplex
634 947 705 985 tibi
737 947 903 984 diceret:

357 1006 549 1043 Memento
580 1004 667 1053 mei,
699 1004 872 1052 Domine,

355 1062 455 1099 Dum
487 1061 535 1098 ad
567 1066 668 1098 tuum
702 1057 921 1108 perveneris

271 1121 322 1157 25
358 1119 526 1165 Regnum
559 1118 711 1164 plenum
744 1116 958 1160 dulcedine,

357 1175 457 1212 Dum
487 1178 524 1210 te
555 1184 683 1221 regem
713 1172 945 1218 ostenderi83

357 1231 414 1268 Tu
444 1242 573 1268 amans
604 1229 887 1277 paenitentiam,

360 1287 484 1325 Corda
514 1287 668 1324 trahens
700 1296 770 1333 per
798 1286 971 1332 gratiam,

360 1344 444 1381 Non
477 1343 597 1380 solum
628 1343 726 1380 hanc
755 1341 971 1379 memoriam

274 1402 325 1440 30
360 1400 602 1447 Concessisti,
635 1400 702 1436 sed
733 1398 891 1445 gloriam

1171 328 1359 365 Dicens:
1378 326 1516 378 Amen,
1536 327 1619 365 dico
1633 327 1713 373 tibi,
1725 327 1838 365 hodie

1170 395 1321 421 mecum
1351 384 1424 422 eris
1454 383 1498 421 in
1519 384 1726 430 paradiso.

1299 464 1321 487 ³1<
1583 464 1605 487 *

1440 495 1462 519 >k

1173 553 1203 590 Ο
1233 557 1410 599 prompta
1441 552 1512 589 Dei
1543 552 1694 599 caritas,

1174 610 1356 655 Prompta
1386 608 1660 656 misericordia,

1175 666 1205 703 O
1237 670 1414 712 prompta
1443 665 1667 711 liberalitas,

1178 722 1358 767 Prompta
1388 719 1656 765 munificentia,

1095 780 1145 817 35
1177 778 1240 815 Ad
1274 782 1311 815 te
1341 777 1460 814 currit
1490 777 1652 824 devotio,

1175 834 1239 871 Ad
1269 837 1307 870 te
1337 833 1437 870 redit
1466 833 1658 878 memoria,

1175 890 1238 928 Ad
1269 893 1306 926 te
1335 890 1488 937 languet
1518 888 1667 927 affectio

1174 946 1224 984 Et
1255 946 1304 983 ad
1336 950 1374 982 te
1404 946 1647 992 paenitentia,

1175 1004 1313 1042 Coram
1342 1006 1380 1038 te
1404 1002 1447 1039 fit
1477 1000 1677 1047 confessio,

1092 1060 1144 1098 40
1176 1058 1263 1096 Tibi
1292 1062 1424 1107 patent
1453 1057 1702 1105 praecordia3

1176 1115 1268 1152 Ideo
1299 1125 1382 1151 cum
1414 1114 1551 1152 fiducia

1176 1171 1264 1208 Tibi
1294 1182 1504 1221 precamur,
1538 1170 1708 1219 Domine,

1176 1228 1248 1274 Qui
1279 1238 1318 1264 es
1349 1228 1430 1264 sine
1459 1227 1606 1264 malitia

1180 1284 1290 1322 Solus
1323 1288 1359 1321 et
1389 1284 1471 1320 sine
1503 1283 1671 1331 crimine,

1090 1341 1141 1379 45
1174 1341 1218 1378 In
1249 1344 1314 1378 tua
1343 1339 1530 1387 patientia

1174 1397 1367 1435 Memento
1399 1396 1532 1442 nostri,
1561 1395 1734 1435 Domine.

834 1543 1028 1575 Tertium
1063 1543 1268 1575 Verbum.

352 1627 452 1672 Iesu,
483 1625 549 1662 lux
584 1628 621 1661 et
651 1634 718 1661 rex
746 1623 901 1672 gloriae,

356 1682 431 1719 Fili
465 1681 536 1718 Dei
568 1685 606 1717 et
635 1680 810 1729 hominis,

354 1739 455 1785 Iesu,
486 1736 554 1775 flos
585 1737 803 1786 pudicitiae,

355 1795 432 1833 Fili
464 1795 612 1832 Mariae
644 1793 812 1841 virginis,

300 1855 322 1891 5
355 1852 455 1889 Dum
487 1851 580 1887 haec
610 1850 717 1897 virgo
747 1848 998 1894 sanctissima,

355 1908 452 1945 Tota
481 1907 594 1954 plena
627 1906 832 1951 doloribus,

356 1963 540 2002 Genetrix
571 1963 842 2009 amantissima,

356 2021 429 2059 Tot
461 2018 635 2057 confecta
665 2018 911 2067 maeroribus,

353 2078 436 2115 Tua
466 2081 588 2113 mater
619 2076 813 2113 carissima

272 2136 323 2174 10
356 2134 455 2171 Tota
487 2131 640 2181 perfusa
671 2131 833 2179 fletibus,

355 2189 495 2227 Nutrix
528 2189 827 2237 diligentissima,

355 2247 451 2284 Tota
483 2244 606 2282 fracta
636 2244 861 2292 singultibus

350 2303 463 2340 quta
494 2312 642 2339 crucem
673 2302 868 2339 assisteret

353 2360 404 2396 Et
435 2363 472 2395 te
503 2359 730 2406 pendentem
763 2361 947 2405 cerneret,

271 2416 320 2454 15
354 2416 452 2453 Dum
484 2418 671 2452 tormenta
703 2414 939 2461 conspiceret

353 2473 405 2509 Et
436 2481 527 2518 prae
558 2472 661 2508 luctu
694 2470 883 2516 deficeret,

353 2530 411 2567 Tu
442 2528 574 2565 videns
604 2532 762 2565 matrem
792 2525 970 2575 flebilem,

353 2587 527 2624 Pressam
557 2584 823 2631 amaritudine,

352 2642 516 2678 Matrem
548 2645 623 2677 tam
656 2640 923 2688 venerabilem,

269 2701 321 2736 2⁴)
353 2698 515 2744 Dignam
548 2697 792 2739 beatitudine,

354 2755 495 2790 Videns
526 2764 673 2800 quoque
701 2752 927 2799 discipulum

353 2814 529 2847 Amatum
562 2814 597 2846 et
628 2809 839 2857 amabilem,

353 2867 524 2904 Fidelem
556 2865 627 2903 Dei
659 2865 851 2913 famulum,

355 2923 556 2959 Iohannem
589 2924 666 2960 vita
695 2922 859 2959 nobilem

1091 1625 1143 1662 25
1175 1623 1399 1670 Adloquens
1429 1621 1558 1659 ambos
1589 1620 1755 1658 dulciter

1175 1680 1266 1717 Piae
1297 1680 1399 1716 vocis
1431 1678 1583 1716 oraculo

1176 1735 1460 1774 Commendasti
1490 1733 1704 1781 benigniter

1174 1793 1339 1830 Matrem
1371 1791 1473 1828 tristi
1505 1790 1692 1837 discipulo

1175 1849 1362 1886 Dicens
1383 1847 1552 1885 matri:
1582 1846 1739 1893 Mulier,
1763 1855 1843 1883 ecce

1172 1903 1280 1952 filius
1309 1907 1412 1943 tuus.
1463 1903 1654 1942 Deinde
1686 1902 1783 1940 dis-

1175 1961 1370 2009 cipulo,
1402 1961 1514 2007 Ecce,
1545 1962 1669 1997 mater
1699 1961 1780 1996 tua.

1319 2072 1342 2095 >,=<

1457 2099 1479 2124 ἠέ

1174 2187 1203 2226 Ο
1235 2187 1356 2234 qualis
1386 2185 1628 2233 permutatio,

1089 2246 1140 2284 30
1173 2245 1203 2282 Ο
1234 2246 1375 2290 quanta
1404 2242 1666 2290 inaequalitas,

1173 2301 1202 2338 Ο
1235 2299 1356 2346 qualis
1389 2298 1609 2344 consolatio,

1173 2357 1202 2395 Ο
1234 2367 1345 2403 quam
1377 2365 1514 2403 magna
1543 2354 1744 2400 acerbitas,

1172 2413 1271 2450 Dum
1303 2416 1426 2449 custos
1457 2413 1569 2448 matri
1601 2410 1778 2458 traditur,

1172 2470 1247 2506 Pro
1277 2469 1458 2515 magistro
1491 2467 1712 2514 discipulus,

1088 2528 1138 2565 35
1172 2526 1272 2563 Dum
1305 2536 1373 2571 per
1403 2528 1562 2561 matrem
1593 2523 1800 2569 suscipitur

1173 2583 1249 2620 Pro
1280 2581 1361 2618 Deo
1393 2581 1451 2618 vir
1480 2580 1747 2627 pauperculus,

1174 2639 1273 2675 Dum
1304 2638 1415 2674 matri
1447 2642 1571 2675 custos
1602 2636 1768 2674 mittitur

1174 2696 1249 2733 Pro
1280 2704 1369 2740 rege
1397 2694 1558 2740 simplex
1591 2691 1775 2730 famulus!

1173 2751 1235 2789 Sic
1265 2754 1362 2795 tuae,
1396 2751 1492 2792 Iesu,
1525 2749 1670 2796 gratiae

1088 2809 1140 2847 40
1172 2808 1237 2845 Me
1269 2807 1488 2844 commendo
1519 2806 1711 2843 humiliter

1172 2864 1348 2910 Tuaeque
1379 2862 1644 2909 providentiae

1172 2921 1235 2958 Me
1266 2919 1457 2957 committo
1488 2918 1720 2966 perenniter,
