1914 3223
139 435 176 473 1.

134 730 155 766 [Ο

130 1608 151 1643 ίὺ

737 145 1042 187 —199—

595 314 676 351 ⁴204.
713 315 793 356 (94.)
829 315 873 350 In
897 315 933 351 2.
961 315 1182 351 Nocturuo.
1234 368 1237 371 Ι
1283 339 1286 342 «

207 433 390 471 Torcular
420 443 509 470 crux
542 438 599 468 est
633 431 831 480 dominica,

205 490 355 527 Botrum
375 489 434 525 hic
446 489 632 526 Christum
647 488 856 532 considera,

206 546 318 582 Vecte
339 556 557 592 suspensum
581 545 678 581 hunc
699 545 857 592 mystica

207 602 476 649 Praetiguravit
508 601 675 641 historia.

163 758 171 766 .
202 728 309 765 Hunc
355 725 569 764 deserentes
600 710 646 763 ad
679 727 856 773 populum

207 785 429 822 Fertilitatis
461 783 639 820 indicium

207 841 253 877 lli
280 846 378 887 sunt,
410 841 470 887 qui
493 841 616 877 crucis
638 840 854 886 mysterium

204 897 335 934 Mundi
367 897 523 934 sulutem
555 898 738 943 aperiunt,

943 434 979 472 3.
1015 432 1122 469 Prior
1138 443 1211 469 non
1223 431 1367 476 videns,
1389 443 1497 479 quem
1513 431 1668 477 baiulat,

1013 488 1155 525 Christi
1187 489 1393 535 prophetas
1424 488 1623 537 significat,

1011 545 1047 581 Is
1076 545 1138 591 qui
1171 545 1352 594 succedit,
1385 550 1423 582 ut
1456 545 1595 593 videat,

1013 602 1101 638 Visa
1131 606 1328 639 narrantes
1360 602 1427 638 lios
1460 603 1625 640 denotat.

973 757 981 766 .
1015 726 1146 764 Gloria
1176 728 1274 774 patri
1309 731 1345 764 et
1375 726 1453 764 filio

1013 784 1245 830 Spirituique
1277 784 1474 832 paraclito,

1014 841 1088 879 Uni
1130 846 1203 877 tani
1245 841 1321 877 Deo
1352 851 1462 887 quam
1494 839 1667 884 Domino,

1012 898 1103 935 Cum
1121 899 1194 934 sint
1211 908 1395 944 personae
1412 902 1488 934 tres
1501 907 1666 935 numero.

209 1009 235 1040 B
261 1009 318 1042 fol.
343 1006 427 1040 93³.
454 1026 492 1030 —
521 1008 547 1039 C
571 1009 627 1039 fol.
655 1007 757 1041 20521.
788 1026 825 1048 T
855 1007 882 1044 l,
908 1006 929 1038 3
953 1009 1080 1041 Vestel.

595 1193 676 1228 205.
713 1194 793 1235 (95.)
828 1194 870 1228 In
896 1193 931 1229 3.
961 1194 1181 1229 Nocturno.

161 1339 167 1346 .
201 1314 385 1358 Quattuor
414 1311 505 1362 llaec
535 1311 714 1348 animalia

202 1367 324 1404 Variis
356 1366 486 1404 formis
519 1368 711 1414 distantia,

202 1423 306 1460 Visio
337 1423 450 1460 refert
484 1424 706 1471 prophetica

200 1481 525 1528 Apocalypsisque
555 1482 727 1529 mystica.

202 1610 230 1643 A
266 1606 408 1644 dextris
439 1605 548 1642 homo
580 1606 802 1653 concipitur,

198 1662 316 1709 Eique
348 1663 405 1699 leo
436 1662 683 1709 coniungitur,

201 1719 327 1756 Vitulo
359 1719 463 1756 laeva
497 1720 728 1767 conceditur,

202 1775 333 1821 Aquila
364 1776 685 1822 superextollitur.

204 1899 228 1929 Β
261 1898 319 1929 fol.
353 1896 432 1930 931).
467 1917 509 1921 —
543 1899 569 1931 C
601 1899 658 1930 fol.
689 1896 754 1931 207
768 1910 798 1932 a.
831 1917 875 1921 —
907 1899 940 1938 1,
976 1898 991 1931 1
1025 1900 1182 1939 Quatuor
1207 1904 1288 1932 sunt
1319 1900 1404 1932 haec
1437 1902 1474 1932 Β.
1503 1919 1544 1924 —
1572 1900 1610 1938 l,
1649 1906 1667 1933 ἱ.

113 1943 276 1975 distentia
302 1944 338 1975 C.
365 1962 406 1966 ——
431 1941 462 1981 3,
487 1942 509 1976 4
533 1948 613 1976 sunt
637 1946 674 1977 C.

135 2199 167 2235 1.

129 2494 150 2530 to

111 2830 326 2862 elevantibus
353 2832 389 2862 Β.

941 1313 979 1349 3.
1008 1312 1093 1349 Alis
1124 1312 1314 1358 quaternis
1346 1312 1416 1348 hae
1446 1311 1620 1358 praedita

1014 1368 1082 1405 Vel
1115 1366 1283 1405 faciebus
1315 1374 1399 1405 sunt
1431 1368 1590 1416 singula,

1011 1424 1138 1462 Oculis
1169 1425 1282 1471 plena
1312 1428 1399 1461 sunt
1431 1436 1601 1471 corpora,

1010 1481 1060 1519 Ut
1099 1492 1167 1518 nec
1200 1482 1256 1518 his
1288 1482 1400 1519 dorsa
1431 1481 1507 1518 sint
1539 1493 1667 1521 vacua.

940 1610 976 1646 4.
1010 1606 1141 1644 Gloria
1172 1607 1272 1653 patri
1305 1611 1342 1643 et
1371 1606 1449 1644 filio

1005 1663 1238 1710 Spirituique
1268 1664 1466 1710 paraclito,

1008 1720 1082 1759 Uni
1115 1726 1191 1757 tam
1223 1720 1303 1757 Deo
1335 1732 1446 1767 quam
1478 1721 1651 1765 Domino,

1008 1777 1099 1814 Cum
1117 1777 1191 1814 sint
1209 1787 1394 1823 personae
1407 1782 1484 1814 tres
1498 1789 1666 1818 numero,

1655 1901 1669 1923 )

635 2084 716 2120 206.
753 2085 833 2127 (96.)
868 2085 924 2121 Ad
948 2085 1115 2122 Laudes.

202 2198 301 2235 Eunt
333 2209 414 2236 cum
444 2199 520 2236 illis
551 2201 723 2238 euntibus

198 2256 322 2301 Atque
336 2260 434 2293 stant
448 2261 551 2293 rotae
565 2267 645 2294 cum
654 2258 853 2305 stantibus,

203 2310 390 2350 Levantur
421 2323 501 2349 cum
533 2324 573 2350 se
603 2314 829 2361 levantibus,

199 2368 289 2404 Cum
320 2368 366 2405 iis
398 2370 496 2406 vitae
525 2370 572 2406 sit
603 2371 771 2417 spiritus.

157 2522 165 2529 .
199 2492 318 2530 Pedes
350 2504 476 2530 eorum
505 2495 621 2542 pedes
652 2496 756 2544 recti,

202 2549 408 2596 l'lantaque
439 2551 546 2598 pedis
576 2556 617 2588 ut
649 2553 768 2600 vituli,

198 2605 401 2652 Tamquam
415 2617 458 2644 ex
471 2617 557 2644 aere
570 2608 642 2644 sint
662 2610 850 2653 candenti,

199 2661 393 2700 Scintillae
422 2663 522 2701 visae
552 2671 636 2701 sunt
659 2667 850 2713 progredi.

926 2205 963 2242 3.
982 2203 1195 2242 Carbonum
1226 2205 1348 2242 instar
1377 2206 1604 2253 ardentium,

980 2261 1072 2298 Lam
1078 2262 1216 2307 padum
1227 2261 1364 2299 habent
1373 2263 1665 2309 splendentium,

980 2318 1023 2354 In
1055 2318 1206 2355 modum
1238 2320 1318 2356 visa
1346 2319 1562 2356 micantium

981 2375 1054 2423 Ire,
1088 2375 1214 2412 redire
1245 2380 1330 2412 sunt
1363 2375 1565 2424 fulgurum.

923 2500 960 2538 4.
979 2498 1111 2536 Gloria
1141 2501 1241 2547 patri
1273 2505 1310 2537 et
1337 2500 1415 2537 filio

980 2554 1213 2603 spirituique
1245 2558 1443 2606 paraclito,

979 2612 1054 2649 Uni
1086 2618 1159 2649 tam
1193 2613 1274 2650 Deo
1306 2626 1415 2661 quam
1448 2615 1621 2663 Domino,

979 2668 1071 2706 Cum
1099 2670 1171 2706 sint
1195 2681 1379 2716 personae
1400 2676 1476 2708 tres
1498 2684 1665 2710 numero.

201 2785 228 2816 Β
258 2785 315 2816 fol.
347 2784 430 2818 931).
467 2803 506 2807 --
540 2787 566 2819 C
598 2786 655 2818 fol.
682 2785 787 2820 207a.
820 2806 863 2811 —
901 2788 936 2827 l,
970 2789 985 2822 l
1022 2790 1108 2822 Sunt
1139 2802 1215 2823 cum
1244 2792 1314 2824 illis
1340 2795 1377 2825 13.
1403 2811 1444 2815 —-
1473 2792 1506 2832 l,
1539 2791 1560 2825 3
1585 2805 1661 2826 cum

111 2874 280 2917 fulgorum
309 2877 373 2908 130.

419 2849 455 2852 ⁷-
487 2830 513 2870 1,
539 2830 561 2863 4
589 2834 674 2866 Cum
699 2833 753 2865 his
780 2835 825 2873 133
851 2838 936 2867 Cum
959 2837 1027 2868 hiis
1052 2838 1089 2869 (J.
1116 2855 1158 2858 νῆ
1184 2835 1214 2873 2,
1241 2838 1261 2867 :3
1286 2849 1327 2870 ex
1352 2839 1437 2870 fehlt
1462 2841 1499 2871 C.
1521 2857 1559 2861 —-
1587 2838 1617 2877 53,
1644 2838 1666 2871 4
