1914 3223
124 296 188 335 21.

92 439 95 442 ’
125 454 192 491 22.

125 613 190 650 23.

123 770 189 808 24.

123 930 188 967 25.

122 1078 188 1115 26.

124 1225 187 1262 27.

123 1372 189 1410 28.

123 1520 190 1559 29.

127 1668 193 1706 30.

124 1815 190 1855 31.

126 1964 191 2002 32.

128 2107 192 2144 33.

129 2254 194 2291 34.

127 2401 192 2440 35.

127 2548 193 2586 36.

128 2695 193 2734 37.

127 2843 193 2882 38.

642 202 698 208 -
813 182 980 220 55.-

220 295 324 332 Area
353 293 474 330 vellus
505 293 632 339 habet,
666 294 820 332 madido
851 296 917 332 sed
952 296 1093 332 vellere
1124 297 1226 333 sicca
1256 300 1337 344 est3

277 350 426 388 Siccam
459 354 539 387 tota
568 350 726 387 madens
757 362 847 388 arca
879 352 999 389 vellus
1030 352 1158 390 habet.

225 451 353 489 Vincis
383 451 527 488 honore
558 451 630 488 Dei
662 440 850 498 promisso
881 453 917 489 in
951 463 1104 490 munere
1135 458 1277 503 gentes,

279 507 467 545 Affectum
500 512 613 545 natae
644 508 764 544 vincis
796 508 937 545 honore
970 510 1054 547 Dei.

223 610 280 647 Tu
313 610 426 647 decus
458 621 566 647 omne
598 610 686 658 tuis,
721 611 783 657 qui
815 611 955 647 sternis
987 611 1104 648 caede
1135 612 1301 659 Goliam

280 667 350 713 Qui
380 666 500 704 vincis
531 667 724 712 mundum,
757 671 797 703 tu
829 667 944 704 decus
975 678 1084 704 omne
1115 669 1202 707 tuis.

222 769 393 806 Maxima
424 769 522 806 dona
555 770 624 806 Dei
655 771 780 806 cuncti
813 770 984 807 cecinere
1016 771 1238 819 prophetae,

279 825 456 872 Implevit
488 825 662 863 Christus
694 826 857 863 maxima
889 827 989 864 dona
1020 827 1105 865 Dei.

222 928 397 966 Pondera
429 928 524 965 dura
555 928 641 964 tulit
673 928 891 966 mandatum
924 929 1017 976 legis
1049 933 1086 966 et
1117 930 1225 977 iram,

278 985 411 1025 Gratia
443 985 613 1022 mandati
646 986 817 1032 pondera
851 985 946 1022 dura
977 986 1076 1026 tulit.

220 1076 338 1123 Virgo
368 1076 495 1113 Maria
525 1076 621 1112 nitet
651 1076 755 1112 nullo
787 1081 997 1114 temerante
1029 1077 1187 1125 pudore,

276 1134 370 1171 Post
400 1136 550 1179 partum
581 1133 690 1179 pueri
722 1133 828 1180 virgo
858 1133 985 1170 Maria
1016 1134 1123 1172 nitet.

220 1223 342 1260 Filius
374 1224 435 1260 hic
466 1224 627 1261 hominis
657 1223 699 1261 fit.
730 1225 894 1261 maxima
924 1226 1096 1271 quaestio
1126 1226 1269 1272 mundi,

278 1280 485 1317 Nobiscum
517 1280 619 1317 Deus
651 1285 707 1317 est
739 1280 838 1317 filius
870 1282 932 1318 hic
962 1282 1137 1320 hominis.

222 1370 539 1427 Gaudiaumagna
569 1371 640 1409 Dei
673 1372 835 1409 mundus
867 1373 1041 1419 percepit
1072 1377 1109 1409 et
1139 1373 1280 1421 ambit3

278 1428 451 1475 Respuit,
484 1428 568 1473 heu,
602 1429 763 1465 mundus
795 1430 932 1475 gaudia
964 1441 1099 1477 magna
1126 1430 1209 1468 Dei.

224 1518 339 1566 Signa
367 1522 520 1555 movent
550 1519 721 1567 populos,
757 1525 915 1556 cernunt
946 1520 1134 1567 magnalia
1166 1521 1279 1569 caeci,

279 1575 393 1612 Nulla
423 1579 548 1612 tamen
582 1575 697 1612 duros
728 1576 836 1623 signa
866 1581 1017 1614 movent
1046 1577 1223 1625 populos.

223 1668 374 1713 Aspera
403 1677 505 1704 mors
537 1667 688 1713 populis
720 1667 821 1713 ligno
854 1667 1019 1704 deducta
1051 1668 1228 1712 cucurrit,

275 1722 464 1761 Aufertur
493 1724 595 1770 ligno
626 1734 763 1770 aspera
791 1735 892 1761 mors
923 1725 1089 1771 populis.

222 1815 311 1861 Ipse
339 1814 428 1850 tulit
459 1814 642 1851 Dominus
674 1825 743 1861 pro
772 1815 905 1861 poenis
936 1826 1092 1852 munera
1123 1815 1256 1865 servis,

278 1872 353 1909 Pro
384 1871 504 1908 servis
535 1882 676 1918 poenas
707 1871 790 1918 ipse
821 1871 910 1908 tulit
942 1872 1137 1910 Dominus.

221 1963 309 1999 Vita
339 1962 451 2000 beata
481 1973 610 1999 necem
643 1963 791 1999 miseris
823 1967 998 2000 avertere
1028 1964 1146 2011 venit,

280 2019 444 2057 Pertulit
474 2031 496 2056 a
527 2020 675 2056 miseris
707 2020 786 2056 vita
818 2019 929 2057 beata
959 2031 1102 2060 necem.

223 2105 370 2143 Lumen
401 2106 536 2142 adesse
567 2105 641 2143 Dei
671 2105 862 2151 persensit
892 2109 1060 2142 tartarus
1090 2106 1234 2152 ingens,

279 2161 361 2198 Nec
392 2165 551 2199 cernunt
581 2162 751 2199 homines
782 2162 908 2199 lumen
939 2162 1073 2199 adesse
1105 2162 1190 2200 Dei.

224 2252 331 2290 Mors
364 2250 446 2290 fera
476 2263 546 2300 per
575 2252 763 2290 hominem
797 2253 973 2289 miserum
1006 2253 1078 2289 sibi
1109 2252 1281 2290 subdidit
1311 2253 1455 2299 orbem,

283 2309 445 2346 Subdita
476 2310 688 2356 congemuit
717 2321 818 2347 mors
850 2308 932 2347 fera
965 2320 1032 2356 per
1064 2310 1264 2350 hominem.

225 2399 404 2443 Suscitat‚
438 2411 537 2450 ecce,
569 2411 686 2447 genus
717 2401 829 2438 morti
861 2406 972 2448 pater
1001 2401 1066 2437 ille
1093 2399 1288 2448 profanus,

280 2457 343 2494 Ad
374 2457 489 2494 vitam
522 2457 696 2496 Christus
727 2458 900 2504 suscitat,
932 2468 1031 2502 ecce,
1065 2468 1195 2505 genus,

223 2547 298 2584 Hic
328 2547 490 2595 populus
522 2548 723 2586 Dominum
756 2548 852 2584 dura
883 2548 1029 2584 cervice
1060 2548 1223 2594 negavit,

281 2603 457 2650 Suscepit
487 2604 631 2651 primus
663 2604 724 2641 hic
755 2604 919 2651 populus
950 2604 1164 2642 Dominum.

225 2695 415 2742 Sanguine
446 2695 547 2732 laeta
579 2695 679 2731 redit
711 2694 794 2732 fuso
825 2706 916 2742 gens
948 2695 1064 2741 impia
1097 2695 1255 2739 Christi,

283 2750 444 2788 Gustato
475 2752 618 2790 Christi
650 2752 831 2798 sanguine
862 2752 961 2788 laeta
993 2752 1105 2789 redit.

224 2842 391 2881 Crimina
420 2847 554 2881 cuncta
587 2843 663 2880 suis
694 2847 866 2879 terrenus
899 2842 1058 2879 contulit
1088 2847 1231 2892 auctor,

280 2899 466 2938 Dissolvit
496 2900 669 2938 Christus
701 2899 859 2937 crimina
891 2904 1026 2936 cuncta
1056 2899 1145 2940 suis.
