2031 3289
0 3095 1 3110 l
6 3094 7 3106 l

0 3174 2 3182 r

957 174 1266 216 —270—

824 289 915 335 Nos,
948 289 1096 335 plebem
1128 289 1344 337 pessimam,

825 346 877 382 Et
908 356 1042 392 penam
1073 346 1229 383 azimam

822 402 873 439 Et
903 402 1009 449 pacis
1041 402 1231 439 victimam

825 459 877 496 Et
908 469 1058 504 precem
1090 459 1267 505 optimam

881 515 956 552 Det
987 515 1094 552 nobis
1125 514 1235 552 filius.
1253 512 1287 564 ¹)

335 651 341 658 .
394 603 454 683 N5,
484 603 678 690 {tlsslpfflcfm'
705 621 749 628 —
775 606 847 637 Das
874 605 1021 637 Schema
1045 605 1104 636 des
1130 605 1256 636 Liedes
1279 602 1361 645 (und
1390 605 1464 636 also
1490 605 1578 637 auch
1600 604 1805 647 Singweise)
1828 607 1892 638 wie

333 661 368 682 in
429 662 454 683 r.
622 675 628 681 .
1248 660 1251 662 ·

723 760 805 797 284.
842 762 922 804 (10.)
957 762 1013 796 De
1040 771 1073 796 s.
1099 761 1230 797 Maria
1255 761 1508 804 Magdalena.

339 855 406 893 la.
449 855 694 901 Voluptatum
726 854 828 891 sitim
859 854 970 892 sedat
1152 855 1172 893 1
1192 855 1228 893 b.
1266 855 1394 892 Instar
1424 853 1516 892 ferri
1547 865 1651 892 mens
1682 855 1853 903 ignescit,

448 911 716 960 Fervorignis,
741 912 827 948 dum
842 922 946 948 mens
960 921 1000 948 se
1014 910 1080 948 dat
1265 911 1340 948 Sed
1371 916 1411 948 ut
1440 923 1572 950 aurum
1605 916 1691 959 post
1720 912 1893 959 liquescit

506 968 678 1015 Spiritali
709 968 855 1016 studi03
1321 969 1502 1006 Resoluta
1533 969 1681 1016 gaudio.

336 1072 404 1109 23.
449 1070 596 1107 Crescit
625 1070 731 1120 fides,
767 1068 888 1107 fervet
919 1081 1035 1119 amor,
1151 1070 1224 1109 ab.
1263 1070 1377 1107 Dolet
1407 1071 1569 1120 laetum,
1600 1069 1723 1107 fidens
1753 1071 1891 1120 tremit,

448 1126 600 1164 Gaudet
622 1137 721 1175 spes,
744 1126 917 1164 ascendit
938 1127 1080 1164 clamor
1262 1128 1306 1164 In
1338 1127 1509 1165 cavernis
1540 1131 1671 1174 petrae
1701 1128 1817 1174 gemit

504 1184 567 1221 Ad
598 1184 765 1221 tribunal
795 1183 944 1222 iudicis.
1324 1183 1398 1221 Cor
1429 1184 1624 1221 columbae
1654 1184 1850 1232 simplicis

336 1287 406 1324 33.
439 1286 515 1323 Dat
546 1287 719 1332 privatae
749 1287 850 1333 leges
883 1286 986 1335 legis,
1152 1286 1224 1324 3b.
1266 1283 1536 1337 Hortum[que]
1572 1286 1790 1323 deliciarum

448 1343 561 1390 Legis
593 1343 704 1390 vitae,
737 1344 871 1380 summi
902 1343 1001 1390 regis
1264 1343 1405 1390 Rigans
1438 1343 1529 1380 rivis
1561 1343 1823 1391 lacrimarum3

504 1400 687 1437 Osculans
719 1400 889 1447 vestigia,
1323 1400 1352 1438 Ο
1383 1400 1483 1437 laeta
1514 1400 1724 1437 maestitia!

336 1503 407 1541 4a.
453 1501 528 1553 Sic,
562 1502 616 1538 sic
647 1502 727 1549 regi
757 1502 963 1548 propinare
1156 1502 1230 1540 4b.
1264 1503 1342 1539 Isto
1373 1506 1466 1548 potu
1495 1502 1707 1539 delectatur

450 1559 601 1596 Gaudet
631 1570 750 1607 amor,
781 1557 875 1595 flens
908 1570 1048 1608 amare,
1268 1559 1348 1596 Rex
1381 1559 1596 1605 convivans,
1629 1559 1684 1596 sic
1714 1559 1861 1597 cibatur

506 1616 598 1653 Suas
629 1616 760 1663 lugens
792 1615 990 1662 lacrimas3
1323 1615 1427 1654 Cibis
1460 1616 1589 1653 cibans
1621 1616 1775 1657 animas.

335 1721 405 1757 5a.
448 1718 500 1757 Ut
531 1719 730 1756 commissa
762 1719 838 1755 sint
870 1719 1036 1766 dimissa,
1151 1719 1223 1757 5b.
1266 1719 1341 1756 Cor
1371 1719 1556 1765 explorat,
1589 1719 1714 1768 gemit,
1744 1724 1838 1766 orat,

447 1776 665 1813 Instaurare
696 1776 776 1813 vult
806 1776 944 1814 amissa
1265 1776 1339 1813 Ver
1368 1775 1503 1812 aetatis
1535 1786 1574 1812 se
1606 1775 1781 1822 deplorat

505 1833 738 1879 Disciplinae
769 1833 927 1883 studiis,
1321 1832 1606 1878 Consumpsisse
1637 1832 1750 1873 vitiis.

335 1936 405 1973 ssa.
448 1933 523 1971 Sed
554 1945 702 1971 manum
733 1934 783 1971 ad
815 1933 929 1972 fortia
1151 1935 1223 1974 ssb.
1266 1934 1375 1972 Viola
1405 1933 1447 1970 fit
1478 1934 1610 1983 lilium,

447 1991 581 2038 Mittit,
616 1991 705 2027 colit
735 1992 862 2029 studia
1263 1991 1420 2028 Laetum
1452 1990 1545 2027 dans
1576 1991 1755 2028 solacium

504 2049 791 2094 Consummatae
823 2049 943 2094 vitae,
1318 2047 1531 2085 Paenitenti
1561 2048 1643 2086 rite.

337 2151 406 2190 7a.
448 2150 559 2188 Felix
591 2160 679 2197 ergo
710 2151 952 2200 Magdalena,
1152 2151 1224 2189 7b.
1263 2150 1343 2187 Fae
1373 2160 1440 2186 nos
1463 2149 1615 2187 Christo
1645 2150 1700 2186 sic
1726 2150 1889 2198 subesse,

450 2207 527 2244 Nos
558 2205 758 2244 transferri
788 2207 826 2243 in
857 2218 1011 2245 amoena
1263 2207 1315 2245 Ut
1345 2207 1530 2254 possimus
1562 2207 1745 2244 interesse

505 2264 582 2301 Fac
613 2264 786 2301 caelestis
818 2264 987 2314 patriae,
1321 2263 1489 2302 Canticis
1518 2263 1699 2303 laetitiae.

723 2430 805 2467 285.
840 2431 921 2472 (ll.)
957 2432 1013 2465 Do
1040 2442 1073 2466 s.
1101 2431 1231 2466 Maria
1255 2430 1507 2474 Magdalena.

336 2528 403 2564 la.
446 2526 693 2573 Magdalenes
724 2526 856 2563 inclita
1153 2525 1221 2562 lb.
1261 2525 1479 2561 Florentem
1511 2525 1749 2572 amygdalum

447 2583 576 2628 Gesta,
609 2594 744 2630 mores,
777 2583 911 2621 merita
1263 2582 1400 2619 Nobile
1432 2582 1497 2619 dat
1527 2581 1745 2629 Magdalum

500 2640 734 2685 Exaltemus,
1316 2639 1532 2686 Amygdnlo

499 2697 742 2734 Exsultemus
1316 2698 1349 2733 A
1383 2695 1561 2742 Magdalo

556 2754 685 2798 Vultu,
719 2764 823 2802 voce,
855 2756 991 2790 mente.
1374 2752 1518 2789 Nomen
1551 2752 1743 2789 sortiente.

423 2863 447 2904 ¹)
471 2866 548 2906 Vgl.
582 2865 680 2896 Anal.
717 2866 800 2903 XX,
837 2862 916 2903 140,
952 2864 1113 2895 wosvllist
1146 2865 1219 2896 dies
1245 2864 1330 2897 Lied
1361 2875 1423 2897 aus
1457 2865 1552 2896 einer
1576 2863 1742 2896 Oxsorder
1766 2862 1828 2895 Hs.
1854 2856 1891 2895 iu¹

329 2911 407 2943 sehr
433 2910 693 2944 abweiehcndur
720 2912 819 2943 Foru]
846 2909 1030 2953 mitgeteilt
1056 2911 1111 2942 ist.

1995 475 2000 524 l

1995 527 2003 752 ἒ
