1914 3223
141 483 204 521 15.

140 767 205 805 20.

138 1049 204 1087 25.

141 1331 206 1371 30.

142 1897 209 1935 40.

142 2181 209 2218 45.

144 2630 209 2668 50.

691 165 739 168 ,-
805 142 851 181 15
911 163 965 168 -.

251 253 386 295 Funde
419 265 551 302 preces
583 255 744 293 Domino
775 255 888 293 solita
919 255 1060 302 pietate
1091 266 1254 301 superno

336 313 410 350 Pro
441 311 621 358 nobisque
654 312 715 358 pio
746 310 862 348 funde
894 322 1024 359 preces
1057 311 1227 348 Domino,

250 365 401 409 Gaudet
433 369 573 405 honore
605 373 668 405 tuo
700 369 860 414 populus
893 368 1058 405 feliciter
1088 368 1169 412 iste,

333 425 383 463 Et
412 435 502 472 gens
534 425 742 472 Anglorum
776 424 913 467 gautlet
947 425 1086 461 honore
1118 430 1193 464 tuo,

251 477 355 520 Haec
386 481 587 518 benedicta
619 481 699 517 dics
731 481 843 518 astris
875 481 1019 518 arridet
1051 486 1085 518 et
1116 481 1241 528 arvis;

333 539 363 576 O
396 538 549 575 nimium
584 536 674 574 felix
707 537 799 574 haec
830 537 1031 575 benedicta
1062 538 1161 574 dies!

250 591 333 634 Iam
364 594 444 631 sine
474 593 548 631 tine
579 597 697 640 tenes,
729 604 824 640 quae
856 595 1023 640 praemia
1052 605 1202 640 semper
1232 594 1381 642 amasti,

335 651 484 689 Gaudia
514 662 597 687 cum
630 650 770 686 sanctis
801 651 874 686 iam
907 651 987 687 sine
1019 650 1092 688 tine
1123 657 1238 688 tenes.

251 704 395 748 Kastra
425 718 589 754 superna
623 706 691 743 Dei
722 713 758 743 te
789 707 949 743 lustrant
984 708 1065 744 luce
1097 707 1253 755 perenni

337 764 658 811 Congaudentque
688 763 758 799 tibi
790 771 915 800 castra
946 775 1109 810 superna
1141 764 1224 802 Dei.

247 817 442 860 Laudibus
473 820 652 867 angelicis
682 820 734 856 ibi
767 820 930 856 dulciter
960 821 1131 857 intonant
1164 821 1328 868 hymnis,

334 877 626 923 Coniubilasque
658 876 788 914 hilaris
820 876 994 913 laudibus
1026 878 1218 924 angelicis.

248 930 406 983 Magnus
436 933 573 980 ubique
604 938 689 969 tuus
722 931 837 979 fulget
869 944 936 979 per
967 934 1074 979 signa
1105 934 1328 981 triumphus,

332 991 475 1029 Rumor
505 995 541 1026 et
572 989 731 1026 irradiat
764 1001 920 1036 magnus
951 989 1088 1037 ubique
1120 996 1216 1028 tuus.

250 1044 365 1088 Nulla
396 1057 549 1085 camena
581 1051 664 1083 tuas
696 1046 795 1093 potis
827 1051 881 1083 est
914 1047 1088 1084 evolvere
1119 1047 1263 1095 laudes,

334 1104 478 1142 Narrat
508 1103 668 1140 virtutes
700 1103 801 1139 nulla
836 1114 989 1140 camena
1020 1108 1114 1141 tuas.

251 1158 281 1200 Ο
315 1161 503 1198 medicina
535 1165 681 1206 potens,
711 1170 806 1206 quae
837 1160 1016 1207 languida
1047 1171 1207 1206 corpora
1236 1171 1358 1210 sanas,

335 1217 447 1255 Salva
479 1227 545 1253 nos
576 1227 716 1261 omnes⁷
749 1227 770 1252 o
801 1216 989 1254 medicina
1016 1218 1166 1263 potens!

250 1270 326 1313 Pro
351 1274 502 1320 meritis
533 1273 706 1309 meritam
738 1273 979 1319 comprendis
1010 1273 1048 1310 in
1081 1283 1168 1310 arce
1200 1284 1388 1323 coronam,

335 1331 439 1368 Pelle
471 1329 602 1378 procul
634 1334 778 1375 pestem
810 1341 879 1376 pro
910 1330 1055 1366 meritis
1088 1330 1273 1368 meritam.

251 1384 351 1432 Quid
382 1386 451 1423 tibi
483 1384 640 1423 difficile
672 1391 738 1431 est!
773 1386 864 1433 quid
895 1397 968 1423 non
1000 1392 1064 1423 tua
1094 1397 1198 1423 meus
1231 1387 1294 1433 pia
1325 1385 1524 1434 praestat?

333 1443 387 1480 Es
418 1443 479 1490 qui
511 1453 593 1478 cum
627 1442 797 1484 Domino.
829 1443 919 1489 quid
951 1443 1019 1479 tibi
1049 1441 1205 1480 difficile
1237 1442 1322 1480 est?

253 1496 424 1547 Regibus
455 1510 498 1536 ac
529 1499 676 1535 miseris
706 1499 806 1535 idem
837 1504 1018 1545 patronus
1049 1499 1201 1537 haberis

340 1556 573 1594 Subveniens
605 1556 750 1602 pariter
780 1555 930 1602 regibus
961 1566 1005 1593 ac
1034 1555 1194 1594 miseris.

201 1643 208 1650 .
256 1609 369 1652 Solve
400 1611 507 1649 nefas
538 1613 721 1649 scelerum
756 1612 948 1659 disrumpe
979 1618 1014 1649 et
1047 1613 1172 1650 vincla
1202 1623 1364 1658 reorum,

336 1669 484 1708 Flebile
515 1675 729 1706 nostrorum
760 1669 865 1706 solve
896 1668 1001 1706 nefas
1033 1670 1230 1709 scelerum.

253 1722 308 1764 Te
340 1727 434 1763 duce
466 1737 532 1763 nos
563 1725 725 1773 patriam
758 1735 953 1772 speramus
984 1726 1091 1763 adire
1122 1736 1323 1773 supernam

337 1783 469 1820 Visere
499 1788 536 1819 et
566 1783 774 1829 angelicam
804 1787 841 1819 te
873 1782 967 1820 duce
997 1794 1064 1820 nos
1095 1783 1268 1830 patriam.

252 1835 355 1877 Vota
387 1850 524 1876 canora
553 1838 623 1875 tibi
655 1850 753 1876 nunc
783 1839 886 1876 edita
918 1839 1074 1876 caelitus
1104 1839 1193 1877 audi

340 1896 390 1933 Et
425 1906 519 1942 cape
550 1894 634 1933 fusa
663 1896 764 1942 patri
795 1901 881 1933 vota
911 1906 1049 1934 canora
1079 1896 1161 1944 tibi,

253 1947 410 1991 Xristus
442 1953 479 1989 in
510 1963 598 1989 arce
628 1953 707 1999 poli
737 1963 805 1989 nos
836 1958 875 1989 ut
907 1952 1121 1990 conscribat
1153 1952 1300 1990 amoeni

341 2009 494 2056 Nosque
524 2009 622 2046 locet
648 2009 777 2056 superi
809 2009 982 2048 Christus
1012 2010 1050 2046 in
1083 2020 1170 2047 arce
1202 2009 1293 2057 poli.

254 2062 403 2105 Ymnus
435 2066 469 2102 ei
499 2065 559 2102 hic
589 2066 750 2112 placeat,
784 2066 951 2103 canimus
982 2076 1091 2113 quem
1121 2066 1236 2103 corde
1266 2065 1440 2113 benigno,

341 2122 408 2160 Cui
437 2122 535 2159 bona
566 2129 701 2159 cuncta
731 2122 896 2169 placent,
929 2123 1089 2169 hymnus
1121 2123 1154 2160 ei
1184 2122 1247 2159 hic
1275 2122 1438 2170 placeat.

254 2174 368 2217 Zetus
398 2190 547 2216 amarus
578 2179 698 2226 abest,
730 2179 794 2215 ubi
825 2179 962 2226 gaudia
993 2179 1098 2226 pacis
1128 2179 1336 2225 abundant,

339 2236 417 2273 Pax
448 2235 512 2273 ubi
543 2246 694 2283 semper
725 2236 845 2285 adest,
877 2236 980 2273 zelus
1010 2247 1159 2274 amarus
1191 2235 1311 2274 abest.

679 2338 700 2362 ²1<
962 2342 984 2362 a<

821 2371 842 2394 *

254 2457 390 2500 Ardua
421 2466 521 2498 tecta
552 2462 629 2508 poli
663 2462 891 2498 concordent
923 2471 1016 2508 pace
1047 2462 1219 2511 perenni,

339 2518 475 2555 Pervia
508 2517 568 2555 fac
599 2518 707 2555 nobis
737 2519 856 2555 ardua
886 2522 984 2555 tecta
1016 2519 1107 2567 poli.

254 2568 361 2611 Mens
392 2574 567 2612 habitans
598 2575 691 2611 inibi
723 2575 823 2611 canit
855 2575 1021 2612 Alleluia
1051 2575 1208 2623 tonanti,

340 2630 498 2678 Semper
527 2636 566 2669 et
598 2631 760 2668 exsultat
791 2641 895 2668 mens
926 2631 1101 2668 habitans
1133 2632 1238 2668 inibi.

254 2680 328 2733 En,
361 2688 577 2725 venerande
608 2694 730 2737 pater,
763 2688 950 2725 modicum
982 2690 1054 2724 iam
1088 2688 1298 2725 claudimus
1332 2688 1512 2738 hymnum

340 2743 467 2790 Teque
497 2755 626 2781 omnes
658 2745 834 2792 petimus,
866 2756 924 2782 en.
958 2745 1173 2781 venerande
1205 2750 1324 2792 pater.

254 2794 330 2838 Nos
361 2800 498 2846 iugiter
530 2800 670 2849 refove⁷
698 2812 764 2838 nos
796 2812 945 2848 semper
976 2800 1022 2837 ab
1055 2801 1161 2837 hoste
1190 2808 1306 2851 tuere,

339 2856 387 2893 Et
421 2857 544 2903 patrio
575 2858 712 2895 affectu
745 2870 811 2895 nos
843 2858 979 2904 iugiter
1011 2855 1151 2895 refove.
