2031 3289
971 179 1252 218 —92—

332 302 398 332 que
427 292 519 333 iugis
536 293 582 324 B:
606 292 766 323 flammae
784 301 852 332 quo
870 292 963 333 iugis
980 291 1029 330 D;
1055 289 1225 331 aduret(‘?)
1248 291 1288 322 A.
1307 307 1348 313 —
1371 288 1403 328 9,
1427 287 1449 320 4
1466 290 1554 321 citra
1569 290 1688 322 mnndi
1705 291 1889 324 terminum

332 338 373 368 D.
407 354 450 358 —
487 335 544 374 10,
578 335 600 368 4
625 337 763 369 Christe
788 337 831 367 D.
855 352 900 356 —
924 333 980 374 10,
1006 334 1026 366 5
1051 337 1105 367 ira
1129 336 1306 367 refrenans
1331 336 1374 367 D.
1399 352 1444 358 —
1469 332 1527 374 lO,
1552 332 1572 366 6
1597 335 1701 367 donet
1725 336 1763 367 B.
1787 353 1832 357 —
1855 337 1887 368 D

330 382 407 424 fiigt
429 383 519 413 noch
545 383 619 414 bei:

695 426 817 458 Gloria
841 428 875 456 et
898 425 1009 457 honor
1033 425 1119 463 Deo,
1144 426 1255 457 virtus
1281 429 1315 457 et
1338 426 1522 466 imperium

695 472 776 504 Una
800 472 891 511 patri
915 470 1074 511 filioque,
1100 467 1261 512 incliti[!]
1286 470 1467 511 paraclito,

697 516 763 548 Cui
788 515 900 547 honor
925 519 959 547 et
983 518 1138 557 potestas
1163 517 1201 546 in
1225 519 1367 546 aeterna
1392 515 1543 547 saecula.

423 605 632 637 Aufschrift:
659 605 807 637 Carmen
824 605 865 636 de
891 605 1061 637 brevitate
1084 605 1179 636 vitae
1204 605 1248 645 C;
1274 605 1363 636 Item
1388 605 1543 637 eiusdem
1567 608 1675 637 metro
1701 605 1886 647 trochayco

329 651 570 737 {35b23bitate
595 650 699 682 huius
724 651 820 682 vitae
836 650 883 690 Α;
909 650 964 682 De
981 651 1247 682 annuntiatione
1266 651 1398 682 ruinae.
1417 651 1459 682 D.
1477 668 1520 673 —
1536 650 1650 682 Auctt.
1670 651 1778 693 antiq.
1795 651 1887 690 XIV,

798 806 855 842 75.
892 805 951 848 (3.)
986 806 1162 848 Hymnus
1187 805 1229 840 in
1255 806 1414 841 Pacem.

536 902 571 939 1.
603 896 716 938 Haeo
746 903 877 936 nostra
906 898 1014 936 nobis
1046 897 1245 936 conferunt
1275 899 1505 947 peccamina,

607 957 709 1001 Quae
740 959 996 1002 provocarunt
1025 955 1162 992 iudicis
1194 955 1430 1005 sententiam,

609 1013 727 1058 Quam
761 1013 867 1049 nulla
897 1011 1005 1048 flexit
1036 1012 1150 1058 digna
1180 1011 1435 1058 paenitentia3

891 1070 1023 1114 Parce,
1056 1068 1300 1114 redemptor!

533 1161 571 1197 2.
604 1155 784 1197 Iucunda
815 1158 923 1195 nobis
958 1158 1109 1205 quando
1140 1158 1255 1195 donat
1285 1164 1467 1206 tempora,

607 1216 672 1252 Nil
704 1215 829 1252 laudis
860 1215 939 1260 ille,
973 1214 1026 1251 nil
1058 1225 1250 1251 sacramus
1281 1217 1447 1265 gratiae3

608 1271 718 1309 Nunc
750 1282 839 1319 ergo
872 1272 990 1318 deest,
1024 1272 1086 1318 qui
1118 1276 1270 1308 ruentes
1301 1272 1451 1311 allevet.

879 1330 1011 1375 Parce,
1044 1326 1285 1374 redemptor!

531 1421 568 1458 3.
600 1416 746 1466 Kaptis
777 1419 910 1456 amicis
941 1423 978 1455 et
1008 1419 1172 1465 perustis
1203 1419 1375 1465 praediis

604 1476 726 1513 Deum
756 1486 958 1522 precemur
989 1475 1103 1512 corde
1135 1486 1217 1512 cum
1253 1476 1439 1523 suspiriis,

605 1533 658 1570 Ut
689 1536 822 1570 curvet
851 1532 979 1569 hostes
1011 1536 1048 1568 et
1079 1532 1233 1569 resistat
1263 1532 1459 1579 improbiS.

886 1589 1017 1637 Parce,
1051 1588 1286 1635 redemptor!

530 1680 567 1717 4.
600 1675 688 1717 Lux
720 1679 954 1726 angelorum,
986 1679 1059 1716 iam
1090 1678 1274 1726 benignus
1303 1679 1446 1725 accipe,

607 1735 813 1782 Compesce
844 1735 958 1779 bella,
991 1735 1112 1772 redde
1142 1735 1246 1781 pacis
1278 1735 1427 1782 gaudia,

608 1792 782 1829 Contrita
813 1793 930 1829 corda
960 1796 1070 1829 sanet
1098 1792 1346 1839 indulgentia.

882 1849 1014 1898 Parce,
1048 1849 1289 1895 redemptor!

529 1943 565 1979 5.
598 1936 718 1990 Mors,
753 1950 852 1984 ecce,
887 1939 971 1977 dira
1001 1942 1130 1976 nostra
1160 1939 1286 1985 pulsat
1317 1942 1482 1985 pectora,

603 1996 740 2033 Fames
772 2000 964 2043 perurget,
997 1996 1074 2032 tela
1103 1995 1195 2032 belli
1228 1999 1480 2041 concrepant3

603 2053 790 2100 Concede,
825 2052 989 2102 Christe,
1021 2053 1095 2089 iam
1128 2052 1255 2098 quieta
1285 2056 1466 2098 tempora,

882 2111 1012 2159 Parce,
1047 2109 1286 2155 redemptor!

529 2202 565 2239 6.
598 2195 682 2238 Non
714 2199 772 2236 ira
804 2199 927 2246 duret,
959 2199 1026 2236 sed
1055 2199 1219 2235 medella
1250 2198 1450 2245 proximet,

600 2256 681 2301 Qua
712 2256 911 2293 deleantur
941 2266 1074 2302 prava,
1107 2266 1202 2302 quae
1233 2255 1498 2301 commisimus,

601 2312 653 2349 Et
683 2311 864 2349 finiantur
896 2312 1004 2356 dura,
1036 2323 1130 2358 quae
1161 2312 1410 2358 pavescimus.

881 2369 1011 2417 Parce,
1045 2369 1284 2414 redemptor!

529 2460 565 2499 7.
597 2455 632 2499 0
665 2470 738 2506 pax
770 2459 959 2506 perennis,
992 2469 1013 2495 0
1043 2459 1221 2505 perennis
1251 2459 1392 2505 gloria!

603 2517 738 2553 Pacem
770 2527 956 2562 rogamus,
988 2515 1096 2561 pacis
1125 2513 1227 2551 infer
1258 2515 1416 2561 copiam,

604 2573 753 2610 Favore
784 2572 889 2619 pacis
921 2583 1011 2619 gens
1040 2572 1208 2618 quiescat
1239 2571 1414 2609 barbara.

879 2629 1009 2674 Parce,
1043 2629 1282 2675 redemptor!

535 2720 572 2756 8.
605 2716 728 2757 Pater
758 2719 912 2766 superni
944 2719 1106 2756 numinis
1137 2718 1319 2765 piissime,

599 2772 750 2814 Assiste
779 2774 889 2812 fessis
920 2780 957 2812 et
987 2775 1152 2812 iacentes
1185 2774 1297 2823 erige,

600 2832 748 2869 Bellum
781 2837 962 2879 paventes
993 2832 1067 2869 iam
1098 2832 1243 2878 quietos
1276 2831 1396 2874 effice,

879 2889 1011 2934 Parce,
1044 2888 1282 2934 redemptor!
