2031 3289
998 173 1274 213 —38-

833 329 886 364 29.
923 329 1002 369 (14.)
1037 327 1086 362 De
1112 327 1240 362 sancto
1265 325 1443 362 Andreas.

382 438 415 474 1.
448 435 626 472 Andreae
657 433 792 471 festum
825 434 970 482 colitur,

448 491 531 528 Lux
565 491 666 528 clara
697 491 770 537 piis
801 491 933 535 oritur,

445 549 519 586 Per
562 558 672 594 quam
703 547 879 583 tenebras
912 546 1103 589 deserunt,

447 604 509 642 Ad
543 614 669 640 verum
699 603 824 639 lumen
855 602 1027 640 redeunt.

382 698 402 733 [Q

409 725 417 733 .
451 697 596 741 Aegeas
627 694 665 730 in
696 692 906 739 apostolum

446 750 588 788 Minaei
620 748 772 786 frendet
803 748 951 795 spiritu,

446 807 518 843 Per
548 817 656 853 quem
687 805 855 844 Achaiae
886 805 1065 851 populum

451 863 579 901 Cernit
608 863 664 898 ire
693 866 781 909 post
810 861 1023 899 Dominum.

379 956 417 993 3.
448 952 582 990 Nescit
612 953 731 988 minas
762 961 979 998 pavescere,

398 1053 405 1059 ,
449 1008 591 1056 Nequit
620 1007 817 1045 tormentis
851 1008 997 1055 cedere,

448 1064 696 1102 Flammantis
727 1065 843 1101 ardor
872 1063 963 1101 fidei

451 1121 537 1159 Non
569 1122 684 1158 sentit
716 1121 790 1157 vim
821 1120 1012 1169 supplicii.
1077 1141 1079 1144 -

1191 434 1227 470 4.
1261 431 1391 469 Crucis
1422 430 1570 467 vinctus
1598 430 1767 479 patibulo

1260 488 1400 524 Laetus
1431 487 1622 533 pendebat
1654 487 1781 535 biduo,

1259 545 1301 581 In
1333 544 1416 590 ipsa
1445 548 1565 580 morte
1595 543 1740 590 positus

1258 601 1370 637 Vitae
1400 604 1526 636 manat
1561 600 1760 646 eloquium.

1189 695 1225 730 5.
1256 691 1359 728 Luce
1391 691 1548 736 delapsa
1578 690 1734 726 caelitus

1259 748 1429 794 Repente
1460 745 1787 793 circumfunditur,

1258 805 1328 849 Qui
1360 803 1413 840 sic
1444 803 1551 840 obire
1581 802 1728 848 meruit,

1261 860 1374 897 Lucis
1405 864 1597 897 auctorem
1628 858 1749 905 petiit.

1195 953 1233 989 6.
1266 951 1323 989 Sit
1353 950 1453 997 patri
1484 950 1566 987 laus
1596 949 1778 995 ingenito,

1265 1007 1322 1045 Sit
1353 1006 1466 1043 decus
1497 1005 1700 1053 unigenito,

1264 1063 1319 1101 Sit
1350 1063 1545 1109 utriusque
1575 1062 1688 1110 parili

1265 1119 1448 1157 Maiestas
1479 1129 1623 1155 summa
1653 1116 1808 1157 flamini,

454 1212 548 1244 Orat.
578 1221 640 1242 ms.
658 1211 850 1252 Campense
875 1211 958 1241 anni
986 1207 1082 1241 1462.
1116 1209 1198 1241 Cod.
1216 1208 1473 1240 Darmstadien.
1499 1206 1574 1240 521.
1595 1208 1634 1238 A.
1654 1224 1696 1228 —
1714 1208 1832 1248 Migne
1857 1207 1878 1238 l.
1897 1217 1925 1238 e.

366 1255 432 1289 942
457 1268 507 1296 sq.
533 1258 571 1288 B.
596 1273 639 1277 -
667 1255 694 1293 1,
722 1253 742 1287 3
767 1266 869 1296 quem
894 1256 964 1287 AB.
990 1272 1032 1276 ——
1060 1254 1126 1287 Str.
1151 1251 1172 1286 3
1197 1254 1282 1286 fehlt
1306 1256 1345 1285 A.
1371 1271 1414 1275 —
1438 1253 1470 1291 4,
1496 1252 1517 1285 3
1542 1254 1647 1295 positi
1674 1253 1701 1283 Β
1727 1263 1835 1294 gegen
1861 1252 1928 1284 den

364 1303 464 1334 Reim
488 1301 775 1342 (Endassonanz).
800 1318 844 1322 ——
872 1301 991 1341 „Alius
1020 1300 1062 1331 de
1087 1300 1221 1338 eodem,
1252 1300 1373 1331 Petri
1407 1296 1629 1331 Damiani“
1657 1299 1704 1330 A:
1732 1300 1767 1328 iu
1792 1299 1819 1329 B
1844 1297 1929 1329 wird

365 1349 424 1379 der
462 1349 621 1388 Hymnus
659 1347 709 1378 als
742 1343 886 1378 Divisio
924 1345 1144 1387 bezeichnet;
1185 1347 1248 1376 mit
1283 1345 1453 1382 Unrecht,
1491 1345 1556 1376 wie
1592 1343 1652 1375 der
1689 1342 1924 1385 selbstfiudige

365 1394 502 1434 Anfang
529 1392 629 1433 zeigt.

833 1501 888 1537 30.
925 1503 1004 1544 (15.)
1041 1501 1089 1537 De
1114 1501 1240 1536 saneto
1265 1499 1459 1545 Anthymo.

385 1611 419 1649 1.
454 1610 606 1656 Insigne
639 1609 752 1645 decus
782 1612 1004 1655 martyrum,

453 1666 552 1703 Laus
569 1667 698 1702 nostra
715 1669 865 1711 promat
878 1663 1112 1711 Anthimum,

455 1723 569 1762 Cuius
601 1726 790 1758 testantur
820 1721 944 1758 omnia

449 1780 650 1817 Elementa
681 1778 890 1815 victoriam.

1199 1609 1236 1645 4.
1268 1606 1342 1644 Sed
1374 1616 1395 1642 o
1428 1604 1575 1642 felicem
1606 1603 1849 1653 naufragum!

1264 1663 1355 1700 Mox
1389 1663 1530 1699 clarum
1563 1662 1682 1698 cernit
1713 1661 1900 1708 angelum,

1270 1719 1437 1765 Deponit
1467 1723 1618 1767 praesto
1651 1718 1853 1764 vinculum,

1270 1776 1386 1813 Liber
1415 1775 1515 1812 redit
1545 1775 1761 1821 hospitium.

382 1872 403 1907 Ν.)

413 1902 421 1910 .
452 1871 619 1908 Furores
653 1869 773 1906 calcat
803 1868 1030 1915 principum,
1202 1871 1237 1905 5.
1273 1866 1397 1913 Caput
1426 1875 1556 1902 caesus
1586 1864 1742 1915 interiit,

451 1927 590 1964 Manus
624 1926 724 1962 ridet
756 1924 986 1973 carnificum,
1272 1923 1346 1961 Sed
1379 1923 1500 1959 victor
1530 1927 1633 1959 astra
1664 1921 1784 1968 petiit,

453 1982 654 2019 Fundatae
683 1981 799 2019 robur
828 1980 919 2018 fidei
1273 1978 1374 2018 Dum
1406 1979 1537 2016 mortis
1568 1976 1643 2015 fert
1673 1977 1868 2026 atrociam,

454 2039 539 2076 Non
573 2044 724 2085 quassat
757 2039 813 2075 vis
844 2038 1036 2085 supplicii.
1275 2036 1385 2073 Vitae
1416 2039 1605 2072 mercatur
1633 2035 1803 2082 gloriam.

387 2131 425 2170 3.
457 2129 547 2166 Post
577 2139 770 2166 carcerum
803 2128 1007 2176 custodias,

459 2187 549 2224 Post
582 2185 778 2222 verberum
811 2185 989 2221 victorias

459 2242 558 2280 Saxo
589 2242 736 2278 vinctus
768 2242 1013 2288 suspenditur

456 2298 508 2336 Et
538 2298 592 2335 sic
623 2299 660 2335 in
691 2297 826 2335 fluctus
857 2298 1052 2344 mergitur.

1201 2129 1237 2166 6.
1271 2127 1327 2163 Sit
1358 2127 1458 2173 patri
1488 2127 1569 2163 laus
1599 2125 1778 2171 ingenito,

1273 2184 1329 2221 Sit
1361 2183 1474 2219 decus
1502 2182 1704 2229 unigenito,

1275 2240 1329 2277 Sit
1360 2240 1555 2286 utriusque
1584 2237 1697 2285 parili

1275 2296 1457 2334 Maiestas
1488 2305 1631 2332 summa
1661 2293 1813 2330 flamini.

457 2389 576 2429 Migne
612 2387 633 2418 l.
659 2398 687 2418 c.
713 2384 779 2419 949
805 2398 854 2428 sq.
880 2405 922 2409 -—
949 2387 1020 2418 Auf
1040 2387 1158 2418 diesen
1185 2386 1348 2427 Heiligen
1374 2385 1512 2417 bezieht
1537 2383 1610 2415 sich
1636 2383 1723 2415 auch
1750 2385 1845 2415 einer
1868 2383 1930 2415 der

369 2433 549 2465 Sermones
584 2433 786 2470 Damianis,
825 2435 884 2463 der
921 2433 1015 2464 XIX.
1053 2449 1096 2453 —
1132 2432 1181 2463 Zu
1217 2429 1256 2469 2,
1292 2429 1312 2463 3
1346 2442 1395 2473 sq.
1430 2431 1499 2472 vgl.
1530 2430 1596 2461 den
1624 2428 1930 2471 vorhergeheuden

368 2480 527 2520 Hymnus
553 2476 583 2517 3,
611 2476 631 2509 3
657 2488 707 2519 sq.

841 2611 889 2646 31.
925 2611 1005 2653 (16.)
1041 2610 1089 2646 De
1115 2612 1244 2645 sancto
1272 2608 1462 2654 Anthymo.

387 2719 422 2757 1.
454 2717 612 2763 Magnis
643 2721 812 2753 votorum
845 2716 1019 2753 laudibus

457 2773 603 2820 Dignus
635 2777 691 2809 est
721 2779 866 2819 martyr
890 2773 1114 2819 Antbymus,

457 2831 524 2877 Qui
559 2829 674 2876 signis
705 2836 743 2866 et
773 2829 943 2866 mirificis

460 2886 531 2924 Tot
563 2886 697 2923 claruit
730 2887 927 2933 prodigiis

1204 2717 1240 2753 2.
1273 2715 1346 2751 Hie
1379 2715 1525 2751 Piniani
1558 2713 1771 2760 languidam

1276 2772 1433 2808 Carnem
1467 2771 1575 2807 simul
1607 2777 1641 2805 et
1674 2770 1836 2806 animam

1272 2829 1426 2865 functis
1458 2827 1670 2864 morborum
1703 2825 1863 2862 nexibus

1271 2886 1395 2922 Sacris
1426 2884 1586 2921 absolvit
1619 2881 1808 2930 precibus.
