1914 3223
229 257 305 295 Ora
335 267 435 304 ergo,
467 259 506 293 ut
538 266 610 293 non
642 255 778 291 intrem
1043 254 1140 292 Nam
1171 263 1250 291 sum
1279 253 1408 301 lapsus
1431 256 1466 289 et
1491 253 1642 300 peccavi

133 314 204 352 80.
291 313 412 350 locum
444 312 548 349 illum
580 311 796 358 pessimum,
1097 311 1178 348 Deo
1210 320 1323 357 super
1353 319 1558 359 numerum,

237 370 277 407 ln
310 381 382 417 qua
413 369 515 406 nulla
541 380 615 415 pax
637 377 705 404 nec
726 368 830 414 quies
1044 367 1155 405 Canis
1186 366 1360 414 squalens
1393 366 1616 413 saepiusque

289 436 408 473 neque
439 423 689 473 refrigerium,
945 425 1010 463 90.
1101 434 1273 461 reversus
1305 423 1352 460 ad
1385 424 1577 461 vomitum.

234 482 308 520 Sed
340 482 484 529 rugitus
515 485 552 518 et
583 481 733 519 dolores
1044 481 1138 526 Ave,
1170 480 1251 518 sola
1280 483 1400 517 mater
1430 480 1548 527 virgo,

290 543 401 586 atque
430 538 573 575 stridor
602 537 782 575 dentium.
1100 542 1187 584 pete
1217 547 1286 583 pro
1317 547 1375 573 me
1406 535 1536 586 filium,

138 596 202 635 85.
233 595 447 642 Adquiesce
477 594 719 642 supplicanti,
1044 594 1138 631 Esto
1168 603 1318 640 semper
1347 603 1490 630 memor
1519 592 1604 638 mei,

292 652 454 697 domina,
486 662 554 699 per
584 651 798 695 Dominum,
1103 650 1224 697 gaude
1255 650 1292 687 in
1325 653 1560 697 perpetuum.

182 761 248 795 252
278 763 556 805 thyamaterium.
591 779 632 784 —
663 760 730 795 303
762 762 866 794 Ortus
900 762 1015 804 Regis.
1042 779 1084 784 —
1109 759 1176 793 342
1208 762 1370 794 claustris
1404 763 1487 793 suis.
1512 778 1554 783 —
1580 757 1646 792 :383

93 809 167 848 Que
191 809 453 851 comparationi.
477 825 520 830 —
546 806 608 839 741
636 808 692 839 Et.

183 855 254 886 Ans
287 854 415 886 diesem
442 853 608 886 Gediclite
642 853 754 885 finden
787 853 859 884 sicli
894 854 977 884 zwei
1007 852 1243 884 Bruchstiicke
1270 854 1331 884 mi:
1357 853 1422 884 den
1446 851 1646 893 Anffingen:

90 902 112 931 S
127 899 236 932 tella
255 900 402 938 marim
429 899 572 931 lumen
590 899 716 931 orbis
734 899 803 931 und
821 896 878 940 {Ol
898 900 1053 940 regina
1072 899 1304 929 castitatis
1324 897 1644 929 i11(,'‹›d.'l‘0l‹›san.

92 943 170 976 871.
212 945 396 977 Dieselben
422 945 560 976 wahren
586 943 683 976 nicht
706 945 761 975 die
781 944 1046 986 Stroplienfolge
1066 943 1125 976 (les
1143 944 1329 985 Originals,
1357 943 1504 975 sondern
1523 942 1645 974 stellen

93 991 169 1022 eine
206 990 377 1032 beliebige
410 990 575 1022 Answahl
610 1000 678 1022 von
711 990 884 1032 Strophen
920 989 989 1021 und
1022 990 1152 1021 Versen
1187 1000 1259 1020 vor.
1316 992 1362 1019 S«)
1394 990 1439 1020 ist
1471 988 1526 1020 «lie
1557 991 1645 1019 orsu·

91 1035 238 1078 Strophe
262 1036 321 1067 des
346 1039 613 1077 erstgenannten
637 1035 778 1068 Liedes:

606 1126 717 1158 Stella
741 1127 856 1165 maris,
883 1126 1000 1158 lumen
1026 1126 1132 1164 orbis,

653 1171 732 1204 fidei
758 1172 990 1214 praeconium,

604 1217 695 1249 Aula
719 1218 797 1255 Dei,
821 1227 922 1259 quem
948 1217 1094 1259 portasti

650 1262 800 1304 Spiritus
826 1264 1014 1295 sectarium

87 1353 240 1429 {eigildet
263 1362 325 1384 aus
355 1354 421 1385 (len
446 1353 577 1385 Versen
606 1351 632 1391 l,
659 1350 689 1394 2,
714 1350 758 1385 49
783 1353 852 1384 und
878 1350 936 1393 503
961 1353 1017 1385 die
1043 1354 1162 1385 zweite
1187 1363 1249 1384 aus
1278 1352 1344 1383 den
1369 1352 1487 1384 Zeilen
1515 1350 1565 1390 ll,
1595 1351 1646 1390 12,

179 1408 262 1430 usw.

591 1552 662 1591 104.
698 1554 757 1597 (2.)
791 1553 996 1599 Rhythmus
1021 1553 1136 1590 Alter.

199 1670 345 1718 Regina
375 1670 572 1718 virginum,
1012 1671 1177 1708 Visionis
1210 1672 1283 1709 Dei

256 1725 348 1765 felix
379 1737 580 1775 puerpera,
1068 1727 1164 1775 iugis
1195 1729 1355 1774 laetitia,

200 1783 383 1822 Genetrix
416 1784 601 1831 principis
917 1786 984 1824 25.
1016 1784 1118 1831 Quae
1149 1785 1196 1822 de
1228 1783 1333 1823 fonte
1364 1786 1464 1824 vitae

258 1841 422 1888 regentis
452 1841 618 1888 aethera,
1068 1842 1236 1889 percipis
1266 1843 1416 1889 pocula,

130 1900 168 1938 5.
200 1897 326 1935 Decus
356 1897 557 1946 sidereum,
1013 1898 1125 1937 Unde
1154 1903 1210 1936 tot
1241 1899 1390 1937 miseris

257 1954 367 1992 stella
399 1954 619 2004 clarissima,
1068 1956 1191 1993 stillas
1223 1957 1402 1994 remedia.

200 2011 389 2048 Virtutum
421 2011 612 2059 specimen
1011 2012 1096 2050 Huc
1126 2013 1283 2051 adverte
1313 2024 1427 2061 genas

255 2072 292 2104 et
323 2068 423 2105 vitae
451 2068 575 2117 ianua,
917 2070 981 2108 30.
1072 2073 1109 2106 et
1140 2070 1243 2107 clara
1273 2070 1415 2107 lumina

198 2124 281 2162 Lux
317 2135 492 2172 promens
521 2125 668 2162 radium
1013 2126 1066 2163 Et
1095 2131 1245 2164 nostras
1276 2127 1454 2164 tenebras

105 2181 168 2222 10.
255 2181 478 2219 lustrantem
508 2187 666 2228 pectora
1069 2183 1204 2221 videns
1235 2183 1391 2233 irradia,

197 2237 249 2275 Et
278 2238 435 2276 verbum
465 2249 650 2286 generans
1013 2241 1094 2278 Tua
1127 2240 1328 2278 dulcedine

257 2295 352 2333 dans
384 2295 491 2333 verbi
521 2306 690 2343 munera,
1070 2297 1262 2344 supplices
1293 2297 1390 2335 satia

200 2351 327 2389 Verba
355 2352 460 2402 mihi,
492 2363 587 2400 quae
617 2357 654 2390 te
914 2356 981 2393 35.
1013 2354 1064 2391 Et
1094 2365 1160 2391 suo
1193 2355 1343 2392 domino

260 2409 430 2456 deceant,
460 2409 634 2457 impetra,
1067 2421 1152 2448 reos
1184 2412 1354 2449 concilia.

101 2465 167 2504 15.
197 2466 277 2513 Quo
307 2466 376 2503 tibi
408 2467 554 2504 valeam
1013 2468 1059 2506 Id
1091 2468 1188 2504 enim
1221 2466 1347 2505 facere

255 2523 403 2560 solvere
434 2523 574 2564 debita.
1068 2535 1218 2572 semper
1248 2535 1287 2561 es
1319 2525 1442 2574 solita,

200 2579 230 2617 Ο
263 2579 491 2617 venerabilis
1014 2582 1118 2620 Haec
1148 2587 1213 2619 tua
1242 2582 1380 2629 iugiter

256 2641 293 2673 et
324 2635 534 2685 salutifera,
914 2640 980 2677 40.
1072 2637 1223 2676 fuerunt
1254 2649 1382 2685 opera,

197 2692 354 2740 Semper
385 2694 559 2731 amabilis
1012 2695 1045 2732 E
1077 2695 1211 2742 quibus
1242 2706 1367 2744 unum,
1400 2695 1500 2742 quod

100 2750 165 2788 20.
253 2755 366 2798 atque
398 2749 590 2797 melliflua,
1071 2752 1203 2798 pandit
1236 2752 1328 2788 haec
1359 2752 1515 2790 cartula.

199 2806 312 2844 Cuius
345 2807 512 2852 divitiae,
1012 2809 1144 2846 Fuisse
1175 2809 1343 2846 creditur

255 2864 359 2901 cuius
391 2868 448 2901 est
477 2864 611 2911 gloria,
1069 2866 1252 2912 quaedam
1283 2865 1493 2915 juvencula,

1382 2930 1431 2965 3*
