2031 3289
936 203 1239 245 —340-

311 321 578 362 Lintpurgensis
612 319 790 361 (Hymnol.
822 319 984 358 Beitriige
1007 316 1036 352 Ι)
1059 317 1206 357 Leipzig
1233 313 1328 353 1897,
1354 325 1417 346 aus
1442 314 1589 346 welcher
1612 313 1862 356 Monographie

313 368 360 398 im
385 366 568 407 folgenden
595 363 820 397 Gottsehalks
845 364 1048 403 Sequenzen
1074 362 1321 393 iibernommen
1346 360 1432 391 sind.
1478 359 1538 391 Ich
1564 359 1652 390 habe
1677 358 1863 390 denselben

313 422 377 443 nur
409 412 485 442 eine
518 411 656 441 weitere
687 408 759 444 (ΝΥ.
797 406 848 443 19)
879 406 1121 448 hinzugefiigt,
1155 416 1199 437 an
1232 405 1292 436 der
1325 405 1382 436 ich
1413 404 1633 446 untrfiglicho
1668 403 1862 435 Anzeiehen

316 455 638 489 Gottschalkischer
662 456 725 485 Art
748 453 1036 485 wahrzunehmen
1061 451 1214 492 glaubte.

785 752 866 790 264.
903 754 960 795 (1.)
995 753 1053 788 De
1079 753 1221 788 sancta
1247 751 1387 787 eruce.

779 837 815 874 1.
855 836 891 873 A
921 836 1011 872 solis
1042 839 1127 872 ortu

856 896 894 929 et
923 902 1073 938 occasu,

857 948 904 986 ab
934 948 1110 994 aquilone
1140 951 1177 983 et
1207 947 1314 995 mari,

861 1004 1021 1051 Christe,
1052 1004 1134 1041 laus
1165 1003 1214 1040 sit
1243 1003 1327 1049 tibi,

306 1068 312 1087 1

321 1102 392 1138 23.
434 1099 618 1143 Quattuor
648 1107 716 1142 per
747 1096 868 1132 crucis
900 1106 1038 1132 cornua
1133 1093 1205 1132 2b.
1247 1094 1431 1138 Quattuor
1460 1103 1530 1140 per
1559 1092 1689 1129 mundi
1720 1092 1873 1129 climata

432 1155 518 1192 viva
548 1152 653 1200 pacis
684 1152 820 1198 hostia,
1243 1160 1421 1196 rumpens
1452 1149 1583 1186 mortis
1613 1149 1776 1198 vincula,

321 1247 393 1285 Sa.
437 1244 522 1281 Non
553 1247 679 1280 tamen
710 1242 749 1278 in
776 1241 876 1278 omni
901 1240 1062 1289 homine,
1135 1239 1208 1278 3b.
1249 1240 1363 1286 Quem
1397 1238 1561 1275 clamant
1591 1238 1785 1284 evangelia

433 1302 499 1338 sed
530 1300 569 1336 in
599 1300 659 1336 his
689 1302 847 1343 tantum,
880 1296 943 1344 qui
972 1301 1010 1334 te
1246 1300 1423 1342 quattuor
1452 1295 1571 1332 Deum
1605 1294 1754 1331 missum

434 1357 593 1394 credunt
625 1359 662 1392 et
692 1354 861 1392 fatentur
1246 1364 1267 1389 a
1299 1357 1418 1398 patre.
1450 1351 1651 1388 Dominum

434 1414 554 1450 solum
584 1412 718 1456 Deum,
1245 1409 1367 1446 Iesum
1397 1408 1598 1447 Christum.

324 1506 395 1542 4a.
438 1502 592 1542 Peccati
624 1502 788 1538 destruis
821 1511 956 1547 corpus
1134 1498 1207 1538 4b.
1251 1499 1354 1544 Quae
1384 1503 1471 1535 sunt
1501 1498 1615 1545 aspis,
1648 1497 1844 1535 basiliscus

437 1560 500 1606 qui
531 1559 647 1607 Deus,
1248 1559 1286 1591 et
1315 1555 1374 1591 leo

437 1616 514 1653 suis
545 1619 725 1662 quattuor
1247 1611 1356 1648 simul
1389 1614 1426 1646 et
1457 1611 1583 1657 draco,

438 1671 611 1720 partibus
642 1670 743 1718 quod
776 1669 986 1707 construxit
1248 1668 1522 1714 quatriduanae
1552 1666 1684 1703 mortis

439 1728 624 1766 diabolus,
1249 1724 1446 1761 voeabula.

328 1824 402 1858 5a.
444 1818 654 1866 Suggestio,
688 1815 902 1859 delactatio‚
1139 1814 1213 1854 5b.
1252 1815 1437 1861 Quattuor
1453 1824 1548 1860 quae
1566 1813 1686 1850 erucis
1700 1811 1875 1850 cornibus

441 1885 656 1918 consensuS,
689 1873 919 1910 consuetudo
1252 1870 1421 1917 adfigens
1453 1869 1656 1907 mortificas

439 1931 542 1980 mali,
574 1930 708 1977 quibus
739 1929 840 1976 perit
870 1929 993 1967 homo.
1253 1932 1339 1964 tuae
1371 1927 1494 1965 carnis
1526 1925 1754 1963 vulneribus.

328 2038 398 2074 62.
439 2033 511 2071 His
542 2032 650 2068 malis
681 2031 870 2077 captivam
1139 2030 1212 2068 6b.
1254 2030 1473 2074 Revertere,
1505 2032 1710 2071 revertere,

439 2089 659 2127 Sunanitem
689 2087 851 2125 animam
1256 2089 1460 2129 revertere,

444 2146 604 2183 ecclesia
1253 2147 1444 2180 revertere

440 2206 594 2240 revocat
623 2201 672 2238 ad
703 2204 741 2237 te
1254 2200 1443 2247 despecta,
1477 2197 1599 2234 crucis

443 2263 577 2306 quater
608 2258 736 2294 dicens
767 2256 822 2293 ei:
1253 2261 1390 2293 notans
1421 2253 1732 2301 quadrangulum.

332 2361 401 2398 7a.
442 2359 555 2396 Hunc
584 2363 686 2396 artos
718 2362 755 2394 et
786 2357 899 2408 dysis,
1143 2356 1213 2395 7b.
1254 2358 1371 2403 Quem
1403 2355 1684 2392 disseminatum

444 2415 607 2465 anatole,
639 2415 750 2451 mesis
780 2418 924 2461 notant,
1255 2413 1314 2450 his
1345 2417 1522 2459 quattuor
1553 2411 1672 2458 plagis
1702 2414 1825 2448 terrae

444 2483 518 2519 qua
547 2472 624 2508 suis
655 2472 693 2507 in
723 2470 855 2517 primis
1253 2469 1330 2506 suis
1358 2469 1396 2505 in
1426 2467 1515 2505 filiis

443 2530 568 2566 Adam
599 2527 720 2564 literis
1255 2525 1304 2563 ad
1335 2530 1372 2562 te
1403 2534 1570 2567 revocas,

447 2586 598 2634 signant
628 2584 791 2622 nomine.
1255 2582 1352 2620 bone
1382 2579 1557 2618 crucifer.

336 2688 406 2726 Sa.
446 2687 543 2723 Nam
575 2686 635 2723 via
667 2685 787 2722 crucis
1145 2683 1218 2724 8b.
1261 2684 1304 2720 In
1336 2692 1447 2719 cruce
1476 2681 1599 2728 iungis

447 2753 539 2789 quos
572 2742 621 2779 ad
651 2747 688 2779 te
718 2753 792 2779 non
822 2741 955 2791 trahis,

445 2800 482 2835 in
513 2798 727 2845 quadrifida

446 2866 632 2901 nunquam

450 2912 543 2947 lucis
575 2911 790 2958 gaudebunt
818 2910 955 2957 patria.

1256 2740 1366 2777 simul
1397 2738 1577 2776 caelestia

1257 2801 1295 2833 et
1324 2795 1532 2840 terrestria,

1257 2863 1327 2900 per
1355 2856 1458 2888 tuum

1259 2909 1474 2956 sanguinem
1507 2910 1641 2943 cuncta
1666 2903 1879 2953 pacificans.
