2031 3289
974 189 1170 232 -468
1229 213 1284 219 -—

393 306 430 343 5.
466 305 538 342 Per
569 303 690 340 crucis
722 303 954 349 signaculum

519 360 606 409 Vas,
639 360 739 406 quod
770 363 993 395 venenatum

466 416 693 456 Continebat
724 415 912 463 poculum,

518 473 722 520 Rumpens,
755 475 1037 518 praesentatum

458 528 546 565 Tibi
575 540 597 565 a
629 528 838 574 discipulis,

514 586 614 631 Quos
646 585 693 621 ob
725 585 796 621 hoc
825 584 981 633 liquisti,

457 641 598 678 Locum
630 641 844 678 solitudinis

513 698 653 734 Iterum
684 697 812 735 adisti.

387 857 425 894 6.
458 855 574 892 Plura
604 855 834 892 monasteria

514 912 600 948 Illic
632 911 718 948 dum
750 911 935 958 struxisti,

458 969 550 1005 Post
580 972 645 1005 tua
674 968 834 1015 vestigia

514 1025 658 1062 Multos
689 1025 893 1071 attraxisti,

457 1082 655 1119 Placidum
687 1081 893 1117 Tertullius

515 1138 762 1184 Enticiusque
793 1138 967 1174 Maurum

457 1194 543 1231 Tibi
576 1195 745 1239 tradunt,
778 1205 870 1240 quos
900 1198 941 1230 tu
970 1194 1056 1241 plus

513 1251 651 1298 Diligis
683 1261 793 1297 quam
824 1261 968 1288 aurum.

386 1410 424 1448 7.
454 1410 545 1446 Fuit
581 1408 700 1446 frater
730 1409 882 1456 tepidus

510 1467 774 1513 Malorumque
805 1477 962 1514 morum,

453 1522 573 1569 Niger
604 1533 714 1569 quem
744 1523 925 1569 puerulus

514 1580 650 1617 Traxit
680 1583 787 1616 extra
818 1581 985 1626 chorum,

452 1635 564 1672 Hunc
596 1636 682 1673 dum
714 1636 820 1682 virga
850 1636 1031 1683 percutis,

514 1692 579 1730 Fit
608 1692 647 1728 in
678 1693 751 1730 Dei
784 1693 896 1730 laude

457 1749 673 1796 Promptus,
705 1760 814 1796 quem
845 1749 900 1786 sic
930 1749 1064 1786 eximis

509 1805 717 1842 Daemonis
746 1817 768 1843 a
799 1804 948 1845 fraude.

381 1965 419 2003 8.
449 1963 579 2001 Labor
609 1968 692 2001 erat
723 1963 904 2000 fratribus

507 2021 655 2067 Aquam
687 2020 908 2068 hauriendo,

451 2076 571 2114 Ferre
602 2077 816 2114 sitientibus

507 2134 677 2171 Montem
710 2133 988 2185 descendendo,

450 2190 556 2227 Tunc
587 2195 664 2227 tres
695 2195 823 2237 petras
854 2191 891 2227 in
922 2201 998 2227 una

507 2247 616 2293 Rupe
645 2247 816 2294 posuisti,

450 2303 604 2341 Orando
634 2304 673 2340 in
706 2304 814 2349 copia

504 2362 652 2407 Aquam
684 2359 911 2407 produxisti.

379 2510 417 2545 9.
450 2507 598 2545 Gothus
631 2507 718 2544 dum
750 2506 913 2553 quodam
943 2506 1027 2543 loco

504 2564 702 2600 Falcastro
735 2563 896 2600 succidit

451 2621 608 2668 Vepres,
643 2620 689 2657 de
720 2619 916 2657 manubrio

508 2677 667 2713 Ferrum
699 2677 890 2723 prosilivit

448 2734 490 2770 In
524 2734 719 2779 lacumque
751 2733 899 2776 cecidit,

506 2790 617 2826 Pater
649 2791 735 2826 (lum
767 2789 901 2834 oravit,

446 2846 503 2882 De
535 2845 724 2892 profundo
756 2846 882 2890 rediit,

503 2902 745 2939 Munubrium
777 2901 945 2939 intravit.

1181 304 1247 343 10.
1278 305 1467 352 Egressus
1498 309 1556 342 est
1587 305 1763 342 Placidus

1330 362 1477 408 Aquam
1508 361 1717 399 hauriendo

1276 417 1319 453 In
1349 417 1546 463 lacumque
1579 417 1727 464 longius

1333 473 1494 510 Tractus
1524 481 1581 510 est
1614 473 1808 523 cadendo3

1276 529 1412 566 Mauro
1442 535 1552 576 pater
1580 529 1759 576 imperat:

1331 585 1450 623 Curre
1481 586 1560 622 sine
1590 587 1716 623 mora!
1767 581 1771 585 ’

1276 641 1347 687 Qui
1378 652 1515 688 parens
1545 646 1763 680 extraxerat

1334 698 1463 744 Ipsum
1493 698 1532 735 in
1562 699 1633 735 hac
1662 699 1767 739 hora.

1175 856 1239 897 11.
1271 856 1478 904 Presbyter
1507 856 1724 893 Florentius

1330 912 1414 949 Non
1445 913 1575 950 valens
1605 912 1756 959 habere,

1272 969 1380 1015 Quod
1410 973 1464 1016 tu,
1496 969 1570 1006 tuis
1601 969 1748 1006 actibus

1331 1025 1464 1072 Coepit
1493 1025 1677 1071 invidere,

1272 1079 1400 1128 Panis,
1433 1092 1540 1128 quem
1572 1092 1808 1131 susceperas,

1329 1138 1483 1175 Veneno
1513 1136 1676 1175 infectus

1269 1195 1305 1231 A
1336 1204 1462 1242 corvo,
1494 1199 1533 1231 ut
1561 1194 1740 1241 iusseras,

1327 1251 1457 1298 Longe
1487 1255 1544 1288 est
1573 1252 1777 1300 proiectus,

1174 1409 1238 1450 12.
1272 1411 1306 1448 A
1338 1411 1441 1446 cultu
1469 1409 1658 1456 Apollinis

1327 1467 1513 1513 Populum
1539 1467 1693 1514 avertis,

1268 1524 1386 1560 Aram
1418 1523 1514 1560 tanti
1545 1523 1712 1559 criminis

1328 1580 1482 1616 Penitus
1513 1579 1714 1625 subvertis,

1269 1636 1376 1682 Quod
1407 1636 1523 1673 Satan
1554 1639 1790 1683 gravaverat,

1330 1693 1468 1730 Saxum
1499 1693 1686 1739 levigasti,

1271 1750 1413 1796 Ignem,
1445 1760 1554 1796 quem
1585 1749 1845 1800 succenderat,

1329 1805 1582 1852 Sophisticum
1614 1805 1845 1845 monstrasti.

1170 1964 1236 2004 13.
1266 1964 1397 2002 Paries
1429 1974 1536 2010 quem
1568 1963 1743 2012 triverat,

1325 2022 1486 2058 Parvum
1521 2020 1795 2057 monachellum

1267 2077 1390 2116 Orans
1422 2082 1529 2124 pater
1559 2077 1716 2114 suscitat

1323 2135 1450 2180 Atque
1481 2133 1737 2182 rusticellum3

1267 2190 1435 2239 Fratres,
1468 2201 1560 2237 quos
1592 2191 1803 2238 contigerat

1325 2246 1466 2284 Cellam
1497 2246 1672 2292 exivisse,

1267 2303 1536 2349 Prophetando
1568 2304 1712 2340 vicerat

1323 2359 1433 2397 Foris
1465 2359 1685 2400 comedisse.

1170 2507 1235 2544 14.
1267 2506 1393 2543 Totila
1425 2517 1490 2543 rex
1526 2506 1672 2554 dubius,

1322 2563 1455 2600 Utrum
1489 2568 1525 2600 te
1558 2564 1711 2600 decoret

1265 2620 1491 2665 Prophetiae
1522 2619 1691 2668 spiritus,

1320 2676 1453 2719 Mittit,
1485 2680 1524 2712 ut
1556 2676 1742 2722 exploret,

1265 2733 1333 2772 Cui
1365 2732 1445 2769 sine
1478 2732 1593 2769 dubio

1321 2789 1383 2826 Sic
1414 2789 1600 2835 propheta
1632 2788 1718 2836 eris,

1262 2847 1372 2883 Anno
1404 2847 1508 2892 regni
1543 2846 1700 2891 decimo,

1319 2902 1472 2943 Dicens,
1506 2901 1689 2939 morieris.
