1914 3223
738 143 794 148 —
853 120 950 179 625,
994 143 1048 148 —

114 233 184 266 und
211 233 462 275 Epigrammen
488 233 542 264 fiir
565 233 622 265 dic
647 233 870 265 Marienfeste
895 233 954 265 des
979 232 1117 271 Jahn-es,
1145 232 1201 265 die
1227 233 1273 264 im
1291 232 1473 275 folgenden
1491 233 1678 274 initgcteilt

111 279 200 311 sind.
263 279 392 310 Ferner
431 278 594 310 versasste
631 277 883 320 Steplianeschi
921 279 997 310 eine
1034 278 1168 310 Anzahl
1209 288 1275 309 von
1312 279 1568 319 Responsorien
1605 278 1674 309 und

111 323 336 366 Antiphonen
372 323 435 355 auf
466 322 531 355 den
568 323 616 354 hl.
650 324 773 355 Petrus
810 323 850 355 de
883 323 1065 359 Muri-one,
1105 325 1219 365 einigc
1255 322 1421 355 (larunter
1457 324 1493 354 in
1528 322 1674 354 Vcrsen.

108 369 260 402 Endlich
288 367 423 401 enthfflt
448 369 506 400 ein
530 368 705 400 Graduale
732 368 793 400 (les
819 368 1016 406 Kardinals,
1053 369 1137 401 Cod.
1166 366 1229 400 129
1255 368 1281 400 C
1307 368 1366 400 des
1390 368 1674 410 Kapitelarchivs

109 424 179 446 von
204 414 252 449 St.
278 414 382 446 Peter
406 415 443 445 in
468 413 575 452 Rom,
611 414 696 445 zwei
723 414 885 454 Hymnen
911 414 973 445 auf
993 413 1058 445 den
1083 413 1130 445 hl.
1156 414 1280 456 Georg,
1307 415 1363 445 ein
1388 414 1673 455 Responsmium,

109 461 194 492 zwei
231 458 456 501 Antiphonen
487 458 558 490 und
591 460 676 490 zwei
701 459 832 490 Versus
858 458 1073 490 Alleluiatici
1106 460 1168 491 auf
1196 458 1394 491 denselben.
1444 459 1521 490 Vou
1554 459 1674 490 diesen

108 504 273 537 scheinen
297 504 354 537 die
379 504 546 536 letzteren
570 505 633 535 mit
657 503 725 535 den
742 504 941 545 Anfiingen:
965 505 1155 546 „Detege
1182 503 1411 536 funestos“
1431 503 1500 535 und
1520 503 1675 545 „Miles

107 551 151 582 in
177 560 295 582 arma
318 546 464 582 ferox“
492 548 655 581 metrisch
682 560 724 581 zu
750 549 836 580 sein.
886 549 946 580 Bei
971 549 1037 580 ‹leu
1066 549 1438 588 Umstiindlichkeitem
1463 549 1593 581 welche
1617 548 1674 581 die

107 596 317 637 Benutzung
351 595 412 627 des
437 594 586 626 Archivs
621 605 663 626 zu
689 593 904 626 erschwereu
933 594 1002 625 und
1028 604 1070 625 zu
1095 595 1271 627 vei-leiden
1298 595 1473 626 bestimmt
1497 594 1673 631 scheinen,

107 640 238 673 konnte
274 641 330 672 ich
367 639 464 672 nicht
501 640 610 672 daran
647 639 804 678 denken,
842 640 963 680 irgend
998 640 1139 680 jemand
1177 644 1401 678 zuzumuten,
1439 650 1496 671 um
1533 639 1669 672 solcher

107 686 372 728 Kleinigkeiten
410 685 528 717 willen
560 685 641 726 jene
678 683 863 717 Barrieren
901 695 944 716 zu
981 685 1215 716 iiberwinden.
1281 686 1367 717 XVas
1404 684 1459 716 ich
1498 685 1582 717 iiber
1617 684 1674 716 die

108 731 338 764 Handschrift
362 731 469 772 weiss,
495 730 672 763 verdanke
697 730 754 762 ich
779 729 1028 771 Mitteilungcn
1054 731 1114 761 Dr.
1140 732 1166 762 1.
1193 730 1310 762 llosls.

560 998 641 1035 405.
678 999 736 1041 (1.)
770 999 828 1034 De
854 999 996 1034 sancto
1023 997 1216 1041 Georgio.

705 1068 758 1100 Ad
784 1068 890 1110 Vesp.
916 1070 950 1099 et
974 1068 1075 1100 Noct.

104 1162 142 1204 1.
190 1161 352 1200 scandit
383 1161 540 1209 caelum,
573 1159 717 1197 micans
738 1159 855 1196 telum
928 1161 965 1198 3.
1011 1158 1133 1196 Docet
1154 1158 1269 1196 rudes
1292 1158 1374 1207 hoc,
1406 1159 1506 1206 quod
1528 1164 1568 1196 tu
1590 1159 1668 1207 des,

246 1218 412 1255 Draconi
443 1215 561 1264 figens
592 1216 731 1265 aerim,
1068 1215 1218 1254 Christe
1250 1215 1364 1262 Deus,
1397 1215 1618 1263 potentiam,

189 1275 377 1321 Flagrans
408 1273 536 1321 miles,
578 1276 728 1310 nostras
760 1273 854 1310 viles
1014 1273 1114 1318 Quos
1146 1272 1331 1308 convertit
1363 1277 1400 1308 et
1430 1272 1566 1309 avertit

247 1332 387 1369 Terras
418 1330 593 1377 linquens
626 1329 825 1377 Georgius.
1067 1328 1255 1375 Baptismi
1286 1328 1475 1374 praebens
1497 1329 1669 1375 gratiam.

107 1435 144 1472 2.
191 1433 266 1470 Hic
297 1437 491 1480 venustus,
523 1431 624 1469 haud
655 1435 822 1479 exustus,
925 1435 963 1471 4.
1009 1431 1203 1469 Fraudem
1221 1432 1341 1469 cernit
1357 1432 1454 1469 hanc
1473 1435 1509 1468 et
1521 1431 1666 1482 sternit,

247 1489 402 1527 Florem
433 1489 589 1526 indutus
621 1488 785 1535 speciem
829 1511 832 1513 Α
1068 1489 1193 1527 Unum
1231 1492 1480 1537 prospectans
1520 1488 1669 1525 daemo-

191 1547 300 1584 Intus
330 1546 439 1594 nitet,
471 1556 553 1583 cum
585 1545 701 1582 evitet
1351 1556 1453 1594 num,

247 1602 483 1641 obscaenam
513 1602 646 1639 mundi
676 1601 825 1642 faciem.
1011 1603 1129 1649 Quem
1162 1601 1333 1639 delusum
1366 1611 1476 1639 cruce
1507 1599 1630 1638 fusum

1067 1658 1189 1696 Mittit
1219 1659 1374 1696 Averno
1407 1659 1611 1696 dissonum.

472 1763 510 1799 5.
556 1761 722 1807 Patrem,
753 1763 897 1808 natum,
930 1760 1052 1808 miles,
1085 1760 1214 1797 datum

613 1817 765 1854 Almum
799 1817 962 1864 deposce
992 1817 1149 1867 meritis,

558 1874 612 1912 Ut
642 1873 807 1911 victores
837 1873 1039 1910 allectores

615 1930 830 1967 Trudamus
860 1930 994 1978 procul
1024 1930 1179 1968 abditis.

197 2030 302 2063 Grad.
334 2041 397 2063 ms.
429 2031 550 2064 Iacobi
583 2030 625 2063 de
650 2031 908 2073 Stephanescis.
941 2033 1031 2063 saec.
1060 2029 1110 2062 14.
1167 2030 1249 2063 Cod.
1276 2030 1389 2071 Capit.
1414 2029 1575 2060 Vaticani
1604 2025 1668 2060 129

105 2077 144 2110 C.
177 2076 218 2109 A.
250 2095 295 2099 —
327 2077 428 2109 Brev.
458 2087 522 2108 ms.
546 2077 747 2109 Parisiense
781 2086 871 2108 saec.
900 2075 950 2108 14.
1000 2076 1083 2108 Cod.
1109 2077 1257 2108 Parisin.
1294 2073 1389 2107 1024.
1415 2075 1454 2106 Β.
1488 2092 1532 2096 -
1568 2075 1666 2105 lssrev.

103 2132 168 2154 ms.
199 2121 401 2154 Parisiense
434 2131 523 2154 saec.
559 2120 610 2154 14.
668 2121 751 2154 Cod.
785 2122 936 2153 Parisin.
973 2120 1069 2153 1263.
1102 2122 1138 2154 C.
1174 2140 1218 2144 —
1248 2122 1350 2152 Brev.
1382 2131 1443 2151 ms.
1470 2120 1668 2151 Parisicnse

105 2177 196 2200 saec.
225 2165 277 2199 15.
325 2167 409 2199 Cod.
435 2167 586 2199 Parisin.
615 2165 711 2199 1291.
738 2168 780 2200 D.
813 2183 858 2188 -
881 2168 981 2199 Brev.
1007 2177 1070 2198 ms.
1094 2164 1342 2205 parisiensem
1366 2175 1456 2196 saec.
1486 2163 1536 2195 15.
1585 2163 1667 2195 Cod.

103 2212 356 2254 Carlopolitan.
393 2210 466 2245 146.
499 2213 542 2244 E.
573 2231 618 2237 -—-
653 2213 755 2245 Brev.
788 2222 850 2244 ms.
884 2212 1083 2244 Parisiense
1115 2222 1205 2244 saec-
1239 2209 1324 2243 ¹³16.
1381 2210 1463 2242 Cod.
1497 2210 1667 2241 Parisien.

104 2257 252 2298 (Arsen.)
276 2255 352 2290 660.
380 2259 418 2290 F.

197 2301 226 2344 1,
254 2301 270 2334 1
298 2302 425 2335 Candit
448 2303 583 2336 caelum
609 2304 741 2335 micans
767 2303 815 2340 A;
850 2303 953 2335 Cadit
978 2303 1110 2334 micans
1135 2301 1270 2333 eaelum
1296 2302 1338 2339 Cg
1366 2299 1500 2331 caelum
1527 2300 1668 2330 mittens

103 2348 212 2381 telum
236 2347 314 2380 DE.
350 2365 390 2371 —
426 2347 463 2388 1,
495 2346 516 2380 2
544 2348 653 2381 fidens
679 2348 715 2380 C.
741 2365 785 2370 —-
810 2346 848 2387 2,
886 2347 901 2379 1
928 2349 997 2380 Hic
1022 2349 1076 2378 vir
1102 2349 1213 2378 iustus
1240 2346 1330 2377 hanc
1355 2348 1496 2377 exustus
1522 2344 1562 2381 C;
1599 2345 1667 2376 Hic

103 2404 174 2426 non
198 2397 297 2426 ustus
323 2397 384 2426 aut
408 2398 550 2426 exustus
574 2395 644 2426 BF.
669 2410 713 2415 —-
739 2392 771 2433 ⁶2,
795 2392 816 2425 3
842 2404 920 2425 cum
947 2394 1054 2425 enitet
1078 2393 1121 2424 D.
1142 2409 1178 2413 -
1203 2390 1233 2429 3,
1263 2390 1276 2422 l
1306 2392 1415 2423 Docet
1439 2389 1538 2421 vides
1564 2389 1603 2420 A.
1621 2404 1663 2415 —

103 2437 135 2479 3,
162 2437 183 2471 2
199 2439 296 2471 Deus
320 2439 542 2472 clementiam
567 2440 610 2471 D.
629 2456 671 2461 -
689 2437 721 2478 3,
746 2437 767 2471 3
792 2442 854 2471 aut
878 2440 1005 2470 avertit
1022 2439 1064 2477 C?
1091 2448 1131 2469 ac
1155 2438 1261 2468 vertit
1280 2437 1318 2467 A.
1336 2453 1380 2457 —
1397 2432 1428 2472 3,
1458 2433 1478 2466 4
1499 2434 1668 2481 praebens

102 2484 189 2517 fehlt
215 2484 254 2517 C.
270 2502 316 2506 —
331 2483 365 2525 4,
392 2483 408 2516 1
430 2485 601 2517 Fraudem
626 2485 693 2517 fuit
716 2489 750 2517 et
774 2484 926 2516 refundit
951 2483 987 2516 C.
1004 2500 1047 2505 -—
1065 2482 1096 2521 4,
1123 2480 1143 2514 2
1160 2482 1279 2513 Virum
1307 2485 1531 2523 prospectans
1549 2479 1664 2520 CDE3

104 2531 239 2562 Rumen
264 2534 490 2572 prospectans
516 2531 554 2563 C.
570 2547 616 2552 —-
631 2528 664 2568 4,
688 2528 710 2562 4
734 2531 845 2562 Mittit
870 2540 891 2561 a
914 2530 1019 2561 verbo
1046 2528 1082 2560 C.
1101 2547 1144 2551 —
1161 2526 1193 2565 5,
1219 2525 1239 2558 2
1264 2537 1338 2569 sqq.
1356 2526 1493 2557 Almiuu
1517 2524 1666 2563 deposce

104 2575 230 2608 mentis
254 2575 405 2607 victores
430 2576 626 2608 tuideamus
651 2575 772 2617 procul
797 2575 928 2607 abditis
947 2575 984 2607 C.
1002 2591 1046 2595 —
1068 2573 1356 2614 „Subsequentim
1373 2581 1485 2612 ynnos
1502 2570 1667 2601 videlicet

105 2620 210 2652 duos:
245 2617 416 2662 „Scandit
440 2619 595 2653 σαεῑίιηια
624 2624 658 2653 et
691 2621 738 2661 „0
759 2617 931 2658 athletae‘,
965 2620 1238 2661 Responsorium
1265 2627 1369 2648 uuum
1398 2613 1603 2656 „lau-surgat
1629 2613 1669 2646 in

104 2663 271 2704 laudes“‚
304 2666 525 2708 Antiphonas
557 2666 663 2698 duas:
700 2663 910 2707 „Georgrmo
942 2662 1038 2696 miles
1072 2661 1241 2705 e91·e[117e··'‚
1276 2667 1309 2693 et
1342 2659 1519 2702 „Im-ictus
1554 2658 1666 2692 vietor·

105 2708 304 2753 Georyius“
323 2721 387 2743 nec
410 2722 479 2743 non
499 2712 653 2745 Alleluia
677 2711 763 2743 duo:
785 2708 934 2752 „Deteye
950 2706 1133 2749 [ιιηεεΐοδίί
1153 2712 1187 2739 et
1206 2705 1334 2749 „Miles
1354 2705 1391 2737 in
1408 2712 1510 2737 arma
1529 2703 1666 2746 s'erooess

108 2757 248 2798 singula
282 2766 442 2799 quaeque
473 2761 544 2790 tam
577 2758 614 2789 in
647 2757 750 2788 litera
773 2755 891 2797 (prosa
914 2754 1078 2786 videlicet
1102 2757 1137 2784 et
1162 2756 1282 2786 metro)
1307 2761 1410 2793 quam
1434 2752 1471 2782 in
1496 2754 1600 2782 cantu
1623 2750 1665 2782 de

110 2802 212 2834 beato
239 2800 390 2844 Georgio
422 2807 574 2844 martyre
607 2802 698 2834 idem
723 2801 871 2833 Iacobus
898 2801 1008 2831 sancti
1033 2799 1176 2840 Georgii
1202 2798 1244 2829 ad
1270 2797 1394 2828 Velum
1419 2797 1569 2828 Aureum
1595 2795 1667 2827 dia-

109 2856 218 2880 conus
243 2847 433 2880 cardinalis
458 2845 688 2890 composuit“.
713 2846 754 2878 A.
778 2864 821 2868 —
846 2844 1064 2877 Wiederholt
1088 2854 1151 2875 aus
1177 2843 1276 2875 Anal.
1306 2842 1400 2880 XIX,
1429 2840 1502 2873 143.

176 2905 341 2939 Dreves,
368 2905 575 2933 Lateinische
595 2905 887 2938 Hymnendichter.
926 2902 968 2929 11.
1422 2897 1465 2930 40
