2031 3289
255 1914 308 1946 15.
335 1916 372 1946 B.
406 1932 449 1935 —
475 1914 541 1945 Str.
575 1912 596 1943 3

256 1961 383 1992 wieder
407 1957 582 1991 Joaehz‘m.
608 1960 648 1990 A.
673 1974 716 1981 —
741 1955 780 1996 5,
805 1955 826 1988 3
850 1958 892 1988 Iu
915 1956 982 1988 hoc
1006 1957 1117 1988 nobili
1142 1958 1241 1988 mari.
1267 1956 1311 1986 A.
1339 1974 1366 1978 —
1398 1954 1436 1993 6,
1462 1953 1482 1987 3
1510 1948 1602 1987 Uber
1629 1952 1817 1986 iambieent
1842 1992 1845 1993 ⁷

255 2005 470 2037 erlfiuternd:
498 2002 652 2035 titubent
676 2003 715 2034 A.
741 2020 785 2023 —
811 2001 848 2040 7,
882 2001 903 2033 3
927 2004 1088 2043 Reosque
1106 2002 1146 2033 A.
1171 2019 1213 2023 —
1235 2002 1303 2032 Vor
1328 2001 1405 2032 dem
1422 2002 1602 2042 Hymnus:
1632 2000 1739 2040 „Item
1765 2002 1817 2031 est

254 2055 400 2083 metrum
426 2051 613 2081 iambicum
639 2049 832 2086 dimetrum,
859 2048 962 2089 quale
987 2050 1040 2079 est
1056 2048 1165 2078 istud:
1198 2045 1277 2077 Iam
1295 2045 1386 2077 lueis
1404 2047 1484 2077 arto
1503 2043 1627 2083 sidere,
1651 2049 1814 2077 constans

254 2107 294 2128 ex
320 2097 445 2128 iambis
471 2096 594 2137 positis
620 2094 857 2125 indifferenter
881 2104 959 2124 cum
984 2093 1250 2134 interpositione
1274 2091 1538 2134 spond-aeorum,
1564 2091 1623 2132 qui
1641 2093 1816 2132 ponuntur

949 2137 1047 2170 Nach
1071 2138 1147 2169 dem
1173 2139 1350 2178 Hymnus:
1378 2138 1509 2169 Cantus
1534 2135 1637 2167 huius
1663 2135 1814 2177 rhythmi

251 2187 341 2218 idem
376 2190 428 2219 est
461 2197 538 2217 cum
570 2189 675 2217 cantu
706 2184 810 2215 huius
840 2183 978 2224 hymni,
1009 2184 1068 2225 qui
1103 2184 1153 2214 sic
1178 2184 1317 2222 incipit:
1358 2180 1496 2213 Veoez'lla
1521 2179 1613 2223 resjz's
1627 2178 1814 2222 prodeant.

252 2233 290 2263 A.
320 2249 359 2254 -
385 2233 447 2263 Bei
473 2231 628 2263 Zarncke
654 2242 683 2262 a.
710 2240 741 2261 a.
767 2229 806 2261 O.
833 2228 899 2260 Str.
927 2226 955 2267 l,
981 2226 1002 2260 2
1025 2228 1095 2260 und
1123 2227 1155 2259 7.

252 2152 386 2183 semper
419 2143 455 2172 in
481 2141 592 2182 primo
621 2141 714 2177 loco,
748 2142 787 2170 ut
811 2136 898 2170 hie.“

892 160 1199 202 —548—

262 277 399 320 plaudit
433 278 480 308 ist
513 287 554 308 zu
586 275 807 317 vergleichen
840 275 904 305 mit
928 274 987 306 Nr.
1020 272 1066 312 (1)
1096 271 1135 311 3,
1171 271 1192 305 3
1223 273 1351 315 gaudet
1381 277 1415 305 et
1446 273 1561 304 incola
1588 273 1659 304 und
1683 272 1742 305 der
1767 283 1826 304 zu-

262 323 452 365 gehorigen
477 321 611 354 Glosse.
643 338 686 344 —
711 320 867 351 Zarncke
904 329 935 350 a.
969 329 999 350 a.
1025 319 1067 352 V.
1094 318 1160 351 Str.
1189 316 1216 358 1,
1254 317 1274 350 2
1302 318 1372 350 und
1398 317 1428 350 7.
1455 336 1499 341 —
1522 318 1738 350 Wiederholt
1762 328 1826 350 aus

261 369 362 399 Anal.
388 368 447 407 IV,
473 364 518 398 42
543 376 592 407 sq.

583 531 664 567 374.
701 531 760 575 (3.)
794 532 852 566 De
879 530 1150 575 conceptione
1175 531 1319 566 beatae
1345 528 1515 564 Mariae.

877 614 1036 654 Hymnus
1062 613 1213 644 Tertius.

293 760 300 767 .
350 730 447 768 Solis
479 728 633 775 superni
663 727 779 775 regia,

348 787 402 824 Te
432 796 576 822 summa
607 783 716 821 fulcit
746 783 867 831 gratia

348 843 500 889 Septem
534 841 716 878 columnis
747 840 871 877 aureis

347 899 399 937 Et
431 898 608 935 clausulis
640 897 829 935 eburneis,

292 1043 301 1052 .
348 1013 522 1060 Pyropus
553 1010 634 1047 illic
663 1010 810 1053 emicat,

348 1069 525 1117 Opusque
555 1064 704 1106 fabrum
736 1065 945 1113 praedicat,

343 1125 532 1163 Materiae
562 1123 814 1170 praeiudicat,

345 1181 455 1219 Hanc
479 1180 628 1218 Christo
660 1180 788 1217 sedem
817 1178 1007 1217 vendicat.

290 1325 297 1333 .
343 1295 465 1332 Huius
498 1294 630 1331 domus
660 1292 827 1339 inceptio

344 1352 415 1389 Est
446 1350 603 1397 virginis
634 1349 844 1395 conceptio,

343 1408 461 1446 Casae
501 1407 629 1444 colunt
667 1405 766 1443 hanc
796 1415 1008 1452 corporum,

346 1465 397 1503 Ut
428 1467 528 1500 tecta
559 1463 716 1500 mundet
745 1465 953 1509 pectorum.

1079 728 1117 765 4.
1164 728 1299 766 semen
1329 726 1409 763 solo
1441 725 1700 770 committitur,

1164 783 1244 828 Quo
1274 783 1353 820 vita
1382 782 1521 819 mundo
1551 781 1739 830 redditur,

1163 839 1238 876 Suo
1270 839 1422 876 colonus
1453 839 1594 875 semine

1163 895 1259 932 Loto
1290 895 1427 933 revivit
1455 895 1622 934 erimine.

1109 1040 1116 1048 .
1164 1008 1306 1045 Serena
1336 1008 1441 1055 virgo
1470 1008 1668 1057 virginum,

1164 1064 1324 1101 Noctem
1355 1074 1489 1101 serena
1518 1062 1701 1111 flentium,

1164 1122 1208 1159 In
1238 1121 1309 1157 hoc
1338 1121 1434 1157 mari
1464 1124 1541 1157 tam
1572 1119 1702 1157 mobili

1163 1177 1221 1214 Tu
1251 1177 1348 1214 risus
1380 1181 1459 1214 esto
1489 1176 1619 1216 fiebili.

1109 1320 1117 1329 .
1164 1290 1286 1328 Pedes
1317 1300 1425 1337 regas
1456 1300 1526 1337 per
1554 1289 1740 1326 lubricum

1162 1347 1267 1384 Pede
1298 1347 1463 1394 regendo
1490 1345 1690 1395 lubricum,

1163 1403 1221 1440 Ne
1252 1414 1324 1440 vox
1356 1413 1526 1449 opusque
1555 1402 1759 1440 iambicent

1163 1459 1382 1506 Statumque
1413 1460 1548 1496 mentis
1578 1459 1787 1506 implicent.

671 1576 707 1614 7.
754 1574 874 1619 Oliva,
906 1573 1011 1620 pacis
1043 1573 1205 1621 virgula,

752 1631 831 1667 Nos
863 1630 990 1677 expiet
1020 1630 1246 1677 virguncula

751 1687 917 1733 Reisque
949 1696 1126 1733 rumpens
1161 1686 1318 1723 vincula

753 1743 883 1780 salvet
913 1753 999 1780 suos
1030 1753 1099 1790 per
1129 1743 1293 1780 saecula.

349 1870 434 1902 Clm.
452 1869 621 1900 Monacen
658 1865 757 1899 6911.
784 1876 872 1900 saec.
900 1864 951 1898 13.
976 1866 1017 1898 A.
1041 1883 1085 1887 —
1111 1866 1194 1898 Cod.
1213 1865 1325 1897 Palat.
1343 1865 1584 1897 Vindobonen.
1606 1861 1705 1895 3121.
1724 1873 1816 1895 saec.

629 1914 682 1945 bis
709 1910 729 1943 6
763 1912 879 1943 fehlen
902 1913 942 1943 B.
976 1928 1019 1932 —
1042 1909 1083 1949 4,
1118 1909 1133 1942 l
1162 1910 1286 1942 Semel.
1313 1912 1352 1942 A.
1382 1929 1425 1933 —
1451 1909 1490 1949 4,
1516 1908 1537 1941 3
1561 1910 1646 1941 iiber
1671 1907 1815 1941 colonus

653 2420 735 2456 375.
771 2419 829 2461 (4.)
867 2419 924 2453 De
948 2419 1072 2454 beata
1097 2417 1228 2452 Maria
1252 2416 1433 2459 Virgine.

254 2540 321 2576 la.
361 2539 477 2585 Virgo
507 2541 628 2574 mater
658 2535 871 2584 salvatoris,

367 2595 486 2633 Stella
520 2593 647 2640 maris,
680 2592 783 2629 stilla
815 2591 923 2637 roris,

421 2651 472 2688 Et
503 2651 600 2687 cella
631 2648 855 2696 dulcedinis,

251 2767 321 2802 221.
362 2766 403 2801 ln
435 2765 506 2801 hoc
537 2763 633 2800 mari
664 2763 716 2799 sis
747 2761 915 2799 solamen

367 2821 498 2867 Nobis,
533 2819 680 2867 cymba,
709 2819 797 2867 dux,
821 2822 1004 2864 tutamen,

420 2877 574 2921 Remox,
606 2887 710 2926 aura,
743 2875 869 2921 statio,

1073 2534 1145 2577 lb,
1191 2536 1250 2572 Da
1280 2534 1471 2580 spiramen
1501 2532 1582 2570 veri
1613 2530 1727 2579 floris,

1192 2591 1343 2627 Florem
1376 2588 1521 2626 fructus
1552 2592 1589 2625 et
1619 2587 1760 2632 odoris,

1248 2647 1429 2684 Fructum
1461 2644 1709 2682 fortitudinis.

1069 2761 1140 2800 2b.
1187 2761 1293 2798 Aura
1323 2758 1468 2806 perfles
1496 2758 1534 2795 in
1565 2758 1637 2795 hoc
1668 2755 1780 2804 mari,

1198 2818 1302 2863 Quae
1331 2814 1547 2863 praefulges
1577 2811 1757 2860 singulari

1262 2875 1419 2919 Semper
1448 2872 1532 2919 igne
1562 2869 1729 2917 praevio.
