1914 3223
730 181 1001 220 -4:,-

106 296 146 334 5.
179 293 308 340 Serpit
336 303 406 342 per
436 304 544 330 omne
573 304 709 340 corpus
923 297 958 332 7.
992 295 1065 332 Sed
1099 295 1185 332 ‹lum
1218 299 1390 343 pererrat
1421 305 1549 332 omnes

177 349 319 387 Letaea
349 350 419 397 vis,
449 360 518 386 nec
548 350 664 387 ullum
992 352 1105 397 Quies
1136 352 1258 404 amica
1288 362 1401 388 venas

174 406 328 444 Miseris
361 406 503 443 doloris
534 408 637 452 aegri
996 409 1209 455 Pectusque·
1233 407 1409 444 feriatum

178 462 328 500 Patitur
357 472 510 499 manere
541 473 700 500 sensum.
990 465 1119 501 placat
1151 466 1294 511 rigente
1323 475 1465 510 somno,

109 578 146 615 6.
179 575 258 612 Lex
291 575 384 611 haec.
416 574 505 611 data
537 580 589 611 est
624 575 777 612 caducis
921 575 956 613 S.
995 576 1107 612 Liber
1138 579 1249 621 vagat
1278 586 1348 622 per
1377 586 1487 613 auras

176 631 258 669 Deo
286 630 440 668 iubente
468 631 660 680 membris,
991 632 1141 678 Rapido
1172 632 1300 679 vigore
1330 643 1461 669 sensus

175 688 227 726 Ut
260 692 448 735 temperet
478 687 645 724 laborem
993 689 1201 735 Variasque
1230 699 1299 735 per
1329 688 1480 736 rigum,

182 744 427 782 Medicabilis
458 744 645 790 voluptas.
991 746 1092 790 Quae
1124 750 1210 781 sunt
1241 750 1385 791 operta,
1419 745 1550 783 cernit.

180 857 309 897 Hymn.
335 866 396 887 ms.
424 856 458 887 S.
485 855 651 887 Iohannis
676 856 881 888 Landunen.
908 868 996 888 saec.
1028 855 1078 888 10.
1121 856 1204 888 eod.
1230 858 1376 889 Bernen.
1401 854 1477 888 455.
1504 873 1545 878 —
1571 855 1602 895 3,
1629 854 1650 888 2

89 902 206 935 Rediit
230 902 368 943 quietis.
395 918 440 923 —-
463 899 502 937 3,
536 898 557 928 3’·
583 901 745 933 mandor.
770 919 814 922 —-
841 901 881 940 4,
918 901 931 933 1
960 907 1106 934 aestuat.
1131 919 1175 922 —
1200 900 1231 940 6,
1260 901 1282 934 4
1307 902 1475 943 voluptat.
1506 920 1549 924 —-
1574 902 1605 941 8,
1631 901 1647 934 1

87 958 204 990 vagas.

382 1079 441 1114 47.
478 1079 559 1118 (20.)
593 1079 740 1115 Versus
767 1080 877 1115 circa
903 1080 1119 1124 Exsequias
1145 1081 1350 1116 Defuncti.

664 1148 833 1187 (Cathem.
860 1151 900 1189 X,
931 1148 1062 1191 1—32).

418 1255 454 1292 1.
501 1253 616 1300 Deus,
648 1254 756 1300 ignee
787 1252 870 1291 fons
901 1255 1120 1303 animarum,

501 1310 586 1347 Duo
617 1310 680 1357 qui
710 1311 858 1347 socians
889 1311 1075 1348 elementa

504 1367 640 1404 Vivum
672 1367 783 1403 simul
813 1378 858 1404 ac
890 1367 1161 1405 moribundum

501 1423 713 1473 Hominem,
748 1429 870 1471 pater,
903 1423 1091 1473 effigiasti,

416 1549 455 1585 2.
501 1547 583 1584 Tua
613 1552 712 1594 sunt,
745 1551 822 1593 tua,
855 1551 991 1596 rector,
1022 1553 1193 1598 utraque,

500 1603 587 1640 Tibi
616 1603 752 1649 copula
781 1604 949 1651 iungitur
980 1604 1126 1651 horum,

499 1660 598 1707 Tibi,
632 1660 719 1697 dum
750 1666 924 1707 vegetata
955 1661 1170 1709 cohaerent,

499 1714 666 1763 Spiritus
697 1717 808 1753 simul
839 1723 876 1753 et
908 1727 995 1754 caro
1026 1718 1156 1756 servit.

499 1842 675 1879 Rescissa
704 1842 771 1878 sed
803 1842 876 1878 ista
907 1852 1076 1878 seorsum

499 1898 657 1935 Solvunt
688 1898 874 1935 hominem
906 1899 1182 1945 perimuntque,

499 1955 644 1992 Humus
675 1955 817 2001 exeipit
849 1955 959 1992 arida
990 1965 1140 2002 corpus,

501 2012 659 2048 Animae
690 2013 791 2058 rapit
821 2023 914 2048 aura
944 2012 1141 2058 liquorem.

415 1844 437 1880 ΟΞ)

444 1873 452 1880 .

413 2139 452 2175 4.
497 2137 592 2181 Quia
623 2140 758 2173 cuncta
789 2141 916 2173 ereata
947 2147 1102 2173 neeesse
1133 2141 1190 2173 est

495 2190 706 2230 Labefacto.
735 2203 932 2230 senescere
962 2194 1114 2230 tandem

499 2249 777 2296 Compaetaque
809 2250 1007 2286 dissociari

498 2305 548 2343 Et
583 2306 734 2343 dissona
765 2311 869 2343 texta
900 2307 1033 2345 retexi.

412 2432 449 2468 5.
495 2430 605 2466 Hanc
636 2437 687 2476 tu,
721 2430 822 2467 Deus
848 2431 1001 2477 optime,
1035 2436 1192 2468 mortem

496 2487 664 2524 Famulis
695 2487 847 2524 abolere
879 2493 1047 2533 paratus.

495 2544 573 2579 lter
601 2543 820 2580 inviolabile
851 2551 1051 2588 mensam,

497 2602 577 2646 Quo
608 2600 760 2646 perdita
789 2600 958 2637 membra
989 2604 1199 2647 resurgant,

412 2728 448 2764 6.
497 2725 562 2763 Ut.
596 2726 683 2762 dum
715 2736 897 2773 generosa
927 2727 1080 2762 caducis

498 2782 574 2819 Ceu
607 2792 759 2819 carcere
790 2782 917 2819 clausa
948 2783 1126 2829 ligantur,

497 2839 591 2876 Pars
621 2838 689 2875 illa
719 2839 911 2885 potentior
942 2844 1075 2879 exstet,

496 2899 598 2940 Quae
629 2905 779 2941 germen
811 2895 858 2932 ab
889 2896 1042 2932 aethere
1073 2895 1202 2932 traxit.
