1914 3223
183 222 221 258 5.
252 218 354 257 Mira
385 218 477 254 haec
509 217 755 264 dispensatio,

308 273 408 312 Mira
440 273 533 310 haec
565 273 754 320 dignatio!

251 331 336 368 Non
368 331 509 378 lucens,
543 330 609 366 sed
640 329 815 379 lucibilis,

312 386 412 424 Deus
442 386 643 423 invisibilis

253 443 414 481 Videtur
443 443 480 479 in
511 443 750 493 praesaepio,

310 499 476 547 Virginis
507 499 544 535 in
576 499 730 546 gremio.

186 609 223 646 6.
255 607 393 655 Legem
426 611 551 644 servat
583 607 818 656 purissimus,

309 663 368 701 Ne
398 663 561 701 oblatret
593 663 743 710 impius,

254 719 358 758 Sicut
384 720 422 757 in
454 720 536 766 lege
568 720 758 767 scribitur,

310 775 441 814 Infans
474 777 770 824 circumciditur,

254 833 462 872 Servantur
494 834 574 870 dies
606 833 765 879 provide

312 890 361 927 Et
394 890 630 937 complentur
660 889 784 928 hodie.

186 1000 221 1037 7.
257 998 394 1043 Maria⁷
427 1002 557 1035 sancta
589 996 739 1044 femina,

313 1055 427 1102 Virgo
458 1055 715 1101 integerrima,

256 1111 383 1149 Nullis
413 1115 515 1149 tacta
546 1111 764 1149 excessibus

310 1168 415 1205 Nihil
448 1168 560 1206 debet
591 1168 758 1217 legibus3

254 1227 363 1263 Iussa
394 1229 519 1262 servat
552 1225 688 1271 legalia

314 1283 386 1319 Pro
418 1281 585 1328 peccatis
616 1281 757 1319 habita.

183 1386 228 1424 8.
259 1385 303 1422 In
334 1383 476 1429 templo
507 1387 628 1420 mater
658 1393 815 1429 puerum

312 1440 431 1477 Laeta
464 1440 567 1477 ducit
598 1440 814 1486 plurimum,

256 1497 481 1534 Praesentat
511 1496 592 1533 Deo
621 1495 753 1544 filium,

313 1555 440 1600 Ipsum
472 1553 594 1591 Deum
625 1553 810 1600 inclitum,

257 1610 460 1649 Columbas
491 1615 603 1656 atque
634 1613 801 1646 turtures

311 1666 430 1706 Offert
460 1667 541 1704 Deo
572 1666 776 1713 supplices,

183 1771 220 1810 9.
251 1769 296 1806 In
328 1769 501 1806 columba
533 1769 685 1806 dilectio

307 1825 442 1863 Mutua
472 1830 670 1873 perpetuo,

251 1883 295 1920 In
326 1887 474 1920 turture
506 1887 563 1920 est
594 1883 748 1920 castitas

310 1939 542 1987 Geminaque
572 1940 766 1987 sanctitas,

253 1996 359 2032 Haec
389 1996 476 2043 quia
506 1997 613 2043 virgo
644 1997 792 2046 meruit,

308 2053 414 2090 Haec
444 2053 579 2090 offerre
611 2053 753 2091 debuit.

155 2154 224 2193 10.
256 2155 368 2192 Hunc
399 2155 549 2193 Simeon
575 2159 618 2191 ut
646 2154 785 2201 aspicit

315 2213 455 2257 Iustus,
487 2212 586 2248 ulnis
617 2211 769 2260 accipit,

255 2268 426 2314 Dimitte,
461 2268 565 2316 dicit,
599 2268 772 2318 Domine>

312 2325 376 2362 Me
405 2325 444 2362 in
476 2335 569 2371 pace
600 2325 724 2370 hodie,

254 2382 442 2419 Viderunt
473 2382 571 2419 oculi
601 2381 675 2418 mei

314 2438 487 2476 Salut-are
518 2438 684 2476 Domini.

158 2541 226 2578 11.
260 2540 437 2577 Paratum
470 2541 570 2577 omni
599 2540 752 2586 populo,

314 2597 535 2644 Longinquo
568 2602 604 2634 et
634 2596 819 2647 proximo,

256 2653 429 2692 Omnium
460 2653 585 2690 lumen
615 2653 793 2703 gentium,

313 2709 447 2748 Gratia
478 2714 515 2746 et
545 2709 766 2759 praemium,

257 2766 402 2804 Lumen
434 2771 471 2803 et
500 2766 623 2815 plebis
655 2766 776 2813 gloria

314 2823 432 2860 Israel
462 2834 535 2860 non
567 2822 727 2860 modica.

973 220 1035 257 12.

974 609 1039 647 13.

976 999 1039 1037 14.

977 1384 1041 1422 15.

972 1770 1036 1807 16.

977 2155 1041 2193 17.

977 2540 1041 2578 18.

1068 219 1205 256 Omnes
1239 221 1381 266 gentes,
1414 219 1594 268 accedite,

1127 274 1277 312 cernite
1309 278 1345 310 et.
1377 276 1533 319 credite,

1071 332 1213 368 Lumen
1233 331 1517 377 inaccessibile,

1129 388 1271 425 Lumen
1302 387 1492 424 invisibile

1073 446 1247 491 Apparet
1278 447 1313 480 et
1345 444 1529 481 illuminat

1129 501 1179 538 Et
1209 501 1246 537 in
1278 501 1418 546 templo
1450 501 1591 538 rutilat.

1072 609 1220 655 Videte,
1249 619 1376 645 omnes
1407 608 1548 655 populi,

1127 666 1264 702 Omnes
1296 665 1485 702 Christum
1516 664 1681 713 Domini,

1071 721 1204 765 Deum,
1238 722 1362 758 lumen
1395 722 1441 758 dc
1472 721 1623 768 lumine,

1126 778 1380 814 Accurrentes
1410 778 1558 825 sumite,

1069 834 1266 879 Accedite‚
1298 834 1504 881 pfeeamini

1128 891 1179 927 Et
1210 891 1486 928 illuminamini.

1072 998 1187 1035 Ferte
1218 998 1342 1035 lumen
1373 999 1410 1035 in
1443 998 1622 1036 cordibus

1127 1055 1212 1092 Hoc
1244 1055 1375 1092 diebus
1405 1055 1589 1103 omnibus,

1072 1112 1216 1149 Luceat
1248 1122 1382 1160 corpus
1414 1111 1573 1151 actibus.

1127 1168 1243 1206 Ferte
1273 1169 1398 1204 lumen
1430 1169 1614 1215 manibus,

1073 1224 1261 1262 Candelas
1292 1236 1423 1262 manus
1454 1229 1618 1273 teneant,

1130 1283 1183 1321 Ut
1213 1282 1374 1320 obscura
1403 1286 1574 1328 pereant.

1073 1383 1156 1420 Hoc
1186 1383 1310 1420 lumen
1343 1393 1407 1419 cor
1436 1383 1637 1431 illuminet,

1127 1440 1179 1477 Et
1210 1439 1280 1477 hoc
1312 1450 1447 1486 corpus
1479 1440 1618 1489 rutilet,

1072 1496 1123 1534 Ut
1155 1500 1279 1533 mente
1307 1501 1419 1542 atque
1450 1506 1608 1543 corpore

1130 1551 1334 1591 Clarefacti
1365 1553 1505 1599 optime

1074 1610 1254 1647 Laudetis
1286 1610 1406 1646 Deum
1438 1609 1585 1656 plenius

1129 1666 1275 1703 Vestris
1306 1667 1345 1703 in
1375 1666 1565 1712 operibus.

1068 1770 1152 1807 Hoc
1182 1769 1307 1805 lumen
1340 1772 1396 1806 est
1426 1769 1632 1806 altissimus

1126 1825 1268 1863 Summi
1298 1826 1420 1872 patris
1450 1824 1579 1871 filius„

1070 1883 1170 1919 Puer
1198 1883 1270 1919 iste
1302 1882 1527 1919 tenerrimus

1126 1939 1229 1976 Deus
1261 1943 1317 1976 est
1347 1939 1582 1985 interminus,

1069 1996 1227 2033 Dierum
1258 1995 1552 2042 antiquissimus,

1126 2053 1275 2091 Primus
1307 2056 1343 2089 et
1372 2052 1609 2090 novissimus.

1073 2154 1156 2191 Hoc
1188 2154 1327 2191 lumine
1359 2154 1570 2191 castissima

1130 2210 1313 2248 Genetrix
1346 2210 1577 2258 dignissima,

1071 2268 1154 2304 Hoc
1185 2268 1310 2304 lumen
1341 2271 1472 2304 ventre
1502 2267 1672 2316 pertulit,

1130 2324 1214 2361 Hoc
1243 2324 1385 2361 intacta
1415 2323 1576 2373 peperit,

1074 2381 1182 2418 Istud
1213 2381 1262 2417 ad
1292 2381 1474 2427 templum
1507 2381 1656 2429 detulit,

1131 2437 1281 2474 Simeon
1313 2437 1384 2474 hoc
1414 2437 1563 2475 extulit.

1074 2539 1215 2585 Quibus
1244 2545 1293 2584 te,
1326 2539 1445 2586 virgo,
1479 2538 1656 2576 laudibus

1129 2596 1296 2633 Efferam
1326 2596 1366 2633 in
1397 2596 1550 2641 talibus,

1071 2653 1181 2690 Mens
1212 2652 1342 2701 nescit,
1382 2662 1504 2689 sermo
1537 2651 1679 2702 deficit,

1130 2709 1271 2755 Stupor
1300 2719 1450 2746 sensum
1481 2709 1624 2757 eximit,

1075 2766 1214 2802 Filium
1248 2765 1404 2811 habens,
1438 2765 1599 2813 domina,

1132 2822 1215 2860 Non
1248 2833 1317 2869 per
1346 2822 1418 2859 viri
1449 2832 1578 2869 opera.
