2031 3289
313 343 378 382 40.

310 1117 377 1156 41.

280 1935 283 1937 ,
308 1886 376 1924 42.

925 226 1232 268 —392—

407 343 506 380 Vere
535 342 714 378 iustorum
747 341 905 390 animae,

417 399 522 446 Quae
551 400 641 435 sunt
670 397 771 434 lotae
798 397 1023 443 purissimae

470 454 588 491 Lacte
618 453 914 501 misericordiae,

411 510 594 548 Residem
623 509 861 558 apertissime

410 569 535 613 Atque
566 564 872 603 manifestissime

467 622 584 660 quta
615 623 760 668 fluewta
791 622 947 670 gratiae,

409 678 645 716 Plenissima
674 679 728 715 ita
759 679 820 724 pie

412 734 726 772 Similitudinarie

469 791 732 839 Ostendentes,
751 791 851 837 quod
863 790 1042 828 lacrimae

409 848 544 886 Insunt
573 847 708 884 visioni
740 847 824 883 diae

412 904 536 951 Ipsius
568 903 863 951 complacentiae

467 961 624 1006 Semper
654 960 1001 1007 congruentissime.

407 1116 521 1154 Flatu
550 1117 678 1155 divino
709 1114 862 1154 inflatae

407 1172 540 1211 Genae
570 1177 655 1210 sunt
685 1173 793 1210 illius
825 1174 936 1210 datae

465 1230 670 1266 Doctrinae
700 1229 943 1277 apostolicae,

407 1286 514 1324 Sicut
544 1285 695 1323 areolae
723 1290 852 1332 gratae

405 1341 650 1392 Aromatum,
683 1342 818 1389 quibus
848 1341 959 1379 flatae

466 1399 560 1436 Sunt
590 1399 736 1436 animae
767 1399 996 1449 catholicae3

411 1455 508 1492 Nam
540 1455 806 1502 praedicantes
836 1455 988 1502 publice

409 1512 583 1558 Apostoli
616 1513 694 1549 eius
727 1513 808 1549 vice

467 1568 659 1614 Nituntur,
692 1573 732 1605 ut
764 1569 987 1606 emendatae

408 1624 524 1662 Fiant
553 1626 699 1662 animae
729 1625 909 1676 lubricae,

409 1682 464 1721 Ut
494 1682 600 1728 quasi
630 1682 835 1719 aromatice

463 1738 675 1776 Redoleant
704 1738 916 1776 trituratae.

403 1883 442 1922 A
472 1884 580 1922 bonis
604 1885 879 1931 piamentariis

409 1941 521 1979 Fidei
552 1941 754 1978 ordinariis

465 1997 557 2035 Sunt
575 1997 645 2034 hae
665 1996 857 2034 doctrinae
871 1996 1040 2035 consitae

406 2055 664 2101 Articulisque
697 2054 810 2090 variis

410 2110 493 2148 Suis
526 2111 625 2148 datis
657 2110 853 2147 sententiis

464 2167 555 2204 Sunt
588 2167 759 2204 omnibus
790 2166 1000 2213 impositae,

408 2224 459 2262 Ut
489 2224 650 2260 maiores
682 2223 860 2270 explicite

407 2281 650 2327 Minoresque
680 2279 863 2326 implicite

467 2337 634 2374 Credant
664 2337 797 2373 amotis
831 2336 954 2373 dubiis

406 2393 474 2437 Et,
508 2394 710 2430 secundum
744 2393 843 2440 quod
875 2392 1039 2430 traditae

408 2449 514 2499 Sunt,
548 2454 747 2486 teneantur
777 2449 902 2485 debite

467 2507 690 2552 Postpositis
723 2506 931 2544 calumniis,

369 2683 377 2690 .
408 2653 555 2690 Docens
586 2664 655 2701 per
684 2653 878 2699 evangelia

407 2709 526 2746 Facta
553 2714 640 2746 sunt
670 2709 750 2747 eius
781 2709 884 2746 labia

465 2766 670 2803 Doctrinae
700 2765 884 2803 suavioris

410 2822 545 2868 Sicque
574 2824 652 2859 cius
683 2827 767 2859 sunt
799 2821 924 2859 omnia

409 2878 535 2915 Verba
565 2880 677 2925 plena
706 2882 749 2916 ut
778 2877 860 2916 lilia

464 2936 657 2972 Suavitate
688 2935 828 2982 odoris,

1126 778 1193 816 44.

1121 1546 1188 1585 45.

1123 2314 1189 2352 46.

1225 339 1282 378 Ob
1311 340 1383 377 hoc
1418 343 1493 376 tam
1526 350 1638 378 causa
1671 341 1836 378 doctoris

1225 396 1342 441 Quam
1375 396 1569 434 doctrinae
1598 397 1765 434 melioris

1282 453 1326 490 In
1356 456 1570 489 sanctorum
1601 453 1759 491 ecclesia

1225 508 1375 545 Debent
1405 508 1545 545 habere
1574 509 1726 546 maioris

1225 564 1490 601 Reverentiam
1519 564 1670 602 honoris
1746 613 1750 617 .

1281 620 1466 658 Murram
1470 620 1646 667 primam
1652 621 1855 660 stillantia.

1224 778 1374 815 Manus
1403 778 1511 816 illius
1542 778 1700 815 ductiles

1222 834 1338 871 Fiunt
1368 839 1480 881 atque
1509 834 1707 872 tornatiles

1281 892 1325 929 In
1356 891 1649 937 operationibus,

1222 947 1404 994 Quoniam
1435 947 1637 984 variabiles

1224 1003 1319 1041 Sunt
1347 1004 1385 1040 in
1416 1004 1555 1040 mundo
1586 1008 1623 1040 et
1653 1003 1810 1040 mobiles

1278 1060 1412 1097 Multis
1443 1060 1723 1109 mutationibus,

1221 1115 1366 1152 Plewae
1400 1120 1522 1153 tamen
1555 1115 1787 1163 profectibus

1223 1173 1338 1218 Quasi
1369 1172 1550 1210 iacinthis
1581 1172 1767 1222 pluribus,

1278 1229 1434 1266 Aureae
1463 1234 1562 1276 sunt,
1594 1229 1767 1265 valibiles

1221 1285 1272 1322 Et
1301 1284 1570 1332 praeferuntur
1599 1285 1769 1322 omnibus

1223 1342 1404 1379 Pretiosis
1433 1341 1625 1388 lapidibus

1278 1399 1320 1435 ln
1350 1399 1453 1435 nullo
1485 1397 1737 1437 defectibiles.

1224 1545 1360 1582 Venter
1389 1544 1469 1582 eius
1501 1545 1697 1590 eburneus,

1222 1601 1355 1639 Castus
1387 1606 1500 1648 atque
1530 1601 1719 1648 virgineus

1278 1658 1326 1695 Et
1354 1659 1486 1705 plenus
1517 1658 1645 1694 multis
1670 1656 1770 1699 filiis,

1221 1715 1295 1751 Pro
1326 1714 1526 1761 pascendis
1558 1714 1616 1750 liis
1648 1714 1802 1763 lacteus,

1221 1771 1297 1807 Pro
1328 1771 1507 1807 docendis
1539 1771 1709 1807 sidereus

1277 1827 1512 1865 Caelestibus
1543 1827 1723 1873 scientiis,

1219 1883 1409 1931 Saphyris
1442 1884 1569 1920 multis
1601 1883 1716 1920 variis

1219 1940 1450 1989 Distinetus,
1482 1944 1524 1976 ut
1553 1940 1724 1987 insigniis

1277 1998 1536 2044 Cognoscatur
1567 2007 1648 2033 esse
1680 1996 1794 2044 Deus,

1220 2053 1290 2099 Qui
1321 2054 1358 2090 in
1390 2053 1466 2090 suis
1497 2053 1693 2090 sententiis

1220 2110 1272 2147 Et
1304 2109 1493 2146 distinctis
1523 2109 1674 2146 indiciis

1282 2166 1416 2204 Clarus
1448 2170 1504 2202 est
1534 2170 1571 2202 et
1601 2166 1822 2213 saphyreus.

1223 2312 1353 2350 Crura
1382 2312 1487 2350 illius
1518 2316 1604 2349 sunt
1634 2315 1777 2349 mentes

1221 2369 1442 2415 Benigniter
1472 2369 1658 2416 patientes

1277 2426 1452 2462 Adversa
1484 2430 1520 2461 et
1552 2424 1754 2469 contraria,

1225 2482 1273 2520 Ut
1304 2481 1505 2519 columnae
1534 2482 1761 2518 sustinentes

1221 2539 1468 2575 Marmoreae
1499 2544 1536 2574 et
1567 2537 1730 2574 ferentes

1279 2594 1351 2632 Sua
1383 2605 1507 2631 secum
1539 2594 1727 2641 oppobria.

1221 2652 1295 2695 Sic,
1328 2651 1426 2697 quod
1460 2662 1482 2688 a
1512 2655 1621 2697 gente
1652 2650 1768 2697 impia

1223 2707 1339 2745 Nulla
1366 2707 1604 2754 impatientia

1279 2764 1530 2811 Frangantur,
1565 2764 1618 2800 ita
1646 2767 1838 2800 manentes

1222 2820 1448 2857 Constanter
1477 2821 1513 2857 in
1546 2820 1729 2869 angustia,

1220 2877 1355 2914 Eidem
1387 2887 1457 2923 per
1487 2877 1674 2924 supplicia

1278 2934 1320 2970 In
1354 2943 1465 2970 cruce
1497 2933 1794 2971 commorientes.
