1914 3223
384 2172 447 2210 10.

382 2443 447 2481 11.

722 177 774 183 —
835 156 914 197 257
976 179 1027 185 -

443 299 450 306 .
484 269 555 307 ille
585 269 673 307 dum
705 269 785 307 vita
815 268 957 308 fruitur
976 271 1143 312 caduca,
1184 304 1186 307 .

483 325 594 363 Lucis
625 329 802 363 aeternae
833 327 961 364 radios
992 327 1123 364 videre

482 382 636 420 Visibus
667 382 795 419 cordis
825 383 971 420 studuit
1000 383 1068 420 sub
1100 384 1184 421 imis

590 439 727 477 Fretus
757 439 805 476 ab
835 439 934 476 altis.

483 540 628 578 Nomen
660 540 721 577 hic
751 540 920 587 Magni
951 541 1157 578 reserando
1188 541 1291 588 plebi

482 597 636 634 Viribus
667 597 811 644 magnis
840 597 979 634 colitur
1009 597 1182 647 celebris,

480 654 626 691 Auctus
655 665 678 691 a
713 652 824 691 Gallo
855 654 1002 701 superis
1033 655 1195 691 amando

590 710 775 757 Dogmate
806 710 928 757 largo,

480 812 611 849 Hostis
642 811 823 849 immitem
854 811 1000 850 domuit
1030 811 1209 862 furorem,

480 869 590 907 Pacis
620 872 812 906 auctorem
843 869 1059 906 comitando
1089 879 1256 916 suavem,

481 925 663 964 Omnibus
693 930 847 963 sanctae
877 925 1126 973 placidaeque
1159 926 1258 963 vitae

591 982 774 1019 Normula
805 981 940 1022 factus.

439 1114 448 1123 .
480 1085 552 1123 Ille
583 1088 671 1133 post
701 1084 844 1121 clarum
875 1094 1073 1121 remanens
1102 1085 1340 1131 magistrum,

479 1141 574 1179 Eius
605 1141 788 1188 exemplis
818 1141 969 1178 inhians
1000 1140 1134 1187 beatis,

480 1197 691 1235 Turbidum
722 1197 851 1234 mundi
883 1197 1092 1244 reprobans
1124 1198 1304 1235 honorem

588 1254 731 1292 Terrea
761 1254 918 1302 sprevit.

442 1387 449 1395 .
484 1356 628 1402 Spiritu
660 1367 805 1405 pauper
835 1355 905 1393 fuit
936 1355 998 1393 hic
1028 1355 1211 1403 minister,

479 1413 581 1450 Hinc
610 1417 646 1449 et
677 1413 715 1449 in
744 1423 860 1460 regno
890 1413 1005 1450 micat
1033 1413 1100 1449 ille
1131 1412 1278 1461 dexter,

479 1469 587 1507 Mitis
618 1469 804 1518 exstabat,
836 1473 940 1506 tenet
969 1473 1082 1516 atque
1113 1474 1254 1506 terram

589 1526 685 1564 Viva
714 1531 920 1573 gerentem.

437 1655 446 1665 .
479 1627 646 1666 Fervido
673 1628 828 1675 planctu
858 1628 967 1665 simul
999 1628 1060 1665 hic
1092 1627 1258 1677 dolebat,

479 1685 575 1722 Inde
604 1685 764 1722 solatum
797 1685 979 1722 Dominus
1010 1689 1166 1724 coronat

480 1740 669 1778 Tristibus
699 1742 838 1789 spretis
868 1742 1109 1789 lacrimisque
1139 1743 1252 1780 tersis

590 1799 751 1845 Perpete
783 1809 910 1846 regnO.

439 1929 448 1938 .
480 1899 621 1945 Famis,
654 1911 710 1950 en,
744 1900 864 1938 iustae
897 1901 1115 1948 pariterque
1145 1901 1227 1937 sitis

480 1956 627 1994 Damna
658 1968 860 2004 perpessus
892 1956 964 1994 fuit
993 1957 1055 1994 hic
1085 1957 1230 1998 beatus,

480 2012 592 2051 Unde
624 2013 762 2051 divinis
795 2014 956 2060 dapibus
986 2014 1155 2061 repletus

589 2070 739 2108 Gaudet
769 2071 806 2107 in
837 2071 964 2110 astris.

480 2171 554 2209 Hic
585 2171 657 2209 fuit
687 2171 850 2208 clemens
880 2172 1064 2210 miserans
1095 2172 1274 2220 misellos,

479 2228 573 2266 Eius
601 2233 639 2265 et
667 2228 782 2265 iudex
813 2228 1014 2265 miseretur
1042 2229 1154 2274 altus,

481 2285 578 2323 Tota
608 2296 690 2322 cum
721 2285 850 2322 mundi
881 2285 1026 2332 species
1057 2285 1178 2322 obibit

588 2341 683 2379 Fine
713 2341 782 2378 sub
812 2353 899 2381 uno,

479 2442 603 2481 Corde
633 2453 718 2480 nam
750 2443 889 2480 mundo
920 2442 993 2480 fuit
1022 2447 1135 2490 atque
1166 2453 1275 2491 puro,

479 2500 580 2536 Hinc
611 2499 730 2536 Deum
763 2500 865 2536 clare
895 2500 1030 2536 meruit
1060 2500 1191 2537 videre

482 2554 602 2593 Filius
632 2556 765 2592 summi
796 2556 906 2592 simul
936 2560 973 2592 et
1005 2557 1130 2593 vocari

588 2611 740 2649 Pacifer
769 2612 864 2659 ipse.

440 2733 448 2741 .
484 2703 765 2739 Persecutorem
797 2701 975 2739 toleravit
1005 2702 1089 2748 iste,

481 2760 584 2796 Iusta
616 2759 702 2794 dum
735 2759 837 2795 vovit
869 2759 1102 2804 Dominoque
1132 2759 1273 2801 reddit,

480 2816 574 2851 Inde
604 2815 803 2852 caelestem
834 2815 968 2853 merito
1000 2815 1174 2852 decorem

588 2872 762 2908 Possidet
792 2871 887 2918 ipse.

164 2939 325 2971 Dreves,
356 2941 558 2967 Lateinische
581 2940 872 2973 nymnen-liehter.
905 2940 947 2966 11.

1408 2937 1445 2969 17
