2031 3289
1036 195 1118 235 3915

344 314 383 352 3.
415 312 641 350 Incumbunt
671 311 796 348 hostes
826 310 992 357 undique
1132 310 1195 347 12.
1227 309 1291 346 Me
1321 309 1443 355 turpis
1474 309 1662 357 cogitatio,

414 370 575 406 Mortem
608 374 831 414 quaerentes
863 366 1022 414 animae,

415 424 591 462 Perversi
623 422 715 460 foris
747 423 930 471 homineS‚

414 479 520 520 Intus
551 479 705 526 maligni
738 480 950 516 daemones.

415 584 494 620 Iam
525 581 615 618 mihi
647 581 764 618 multa
795 581 952 618 vulnera

414 637 560 677 Inflicta
594 643 693 681 sunt,
726 648 747 674 0
780 637 943 682 domina,

415 696 529 742 Quae,
563 694 635 731 nisi
666 699 706 730 tu
739 689 943 740 curaveris,

416 751 508 788 Sunt
541 750 632 786 mihi
666 760 779 787 causa
810 748 966 789 funeris.

379 882 385 889 .
421 851 603 889 Consensi
635 851 881 888 suadentibus

416 909 580 946 Mortale
611 907 750 944 crimen
782 907 953 944 hostibus

417 965 468 1002 Et
499 965 546 1001 ob
577 965 648 1001 hoc
678 974 765 1000 reus
797 969 939 1011 teneor,

419 1021 576 1068 Culpam
608 1031 729 1057 meam
763 1019 954 1058 confiteor.

372 1155 379 1162 .
411 1122 509 1159 Nam
532 1100 695 1169 quincue
717 1131 849 1158 sensus
874 1120 1043 1167 corporis

411 1178 530 1216 Effeci
562 1183 692 1225 portas
725 1178 905 1223 criminis,

410 1235 574 1273 Pulchra
606 1235 771 1271 videndo
804 1234 969 1282 cupiens,

414 1292 517 1328 Lene
547 1291 738 1338 tangendo
772 1291 944 1338 diligens.

373 1425 381 1432 .
414 1393 554 1430 Audivi
586 1392 709 1428 libens
741 1392 880 1438 turpia,

413 1449 577 1486 Narravi
608 1448 776 1495 gaudens
808 1446 959 1495 frivola,

413 1506 535 1542 Nares
567 1506 703 1551 replivi
735 1505 884 1551 saepius

374 1606 377 1609 ,
413 1562 564 1600 Illicitis
595 1561 786 1598 odoribus

344 1666 383 1703 8.
414 1664 493 1701 Esu
524 1668 689 1710 potuque
721 1662 886 1700 dulcium
1132 1662 1194 1701 17.
1230 1663 1276 1699 Et
1310 1671 1378 1708 per
1408 1666 1550 1698 vestem
1583 1661 1807 1707 coccineam,

415 1720 504 1758 Sum
537 1720 745 1757 delectatus
776 1719 942 1766 nimium,
1227 1718 1277 1755 Et
1312 1728 1380 1764 per
1411 1728 1586 1754 coronam
1617 1718 1799 1764 spineam,

413 1776 575 1813 Peccavi
604 1786 672 1822 per
703 1775 919 1822 superbiam
1229 1776 1301 1812 Per
1332 1775 1469 1823 clavos.
1505 1785 1573 1820 per
1603 1774 1823 1820 patibulum,

411 1833 461 1870 Et
494 1843 562 1879 per
592 1833 739 1869 inanem
771 1832 944 1882 gloriam.
1230 1832 1300 1868 Per
1332 1831 1527 1867 cicatrices
1557 1831 1763 1870 vulnerum.

343 1937 381 1975 9.
416 1935 586 1972 Pollutus
619 1945 699 1970 sum
733 1934 912 1980 periurio,
1130 1934 1196 1971 18.
1228 1934 1302 1970 Per
1332 1937 1549 1978 aperturam
1580 1931 1730 1979 lateris,-

415 1991 702 2029 Contaminatus
736 1990 837 2037 odio,
1228 1989 1301 2026 Per
1333 1990 1452 2026 rivum
1484 1989 1582 2025 sacri
1614 1988 1844 2037 sanguinis,>

413 2049 487 2085 Per
517 2047 686 2094 iniquum
720 2046 955 2083 mendacium
1228 2046 1300 2082 Per
1331 2050 1497 2083 sanctam
1531 2045 1795 2082 cucharistiam

413 2102 552 2140 Fefelli
582 2114 695 2150 saepe
727 2103 938 2150 proximum
1226 2102 1275 2139 Et
1307 2113 1376 2148 per
1405 2102 1580 2149 baptismi
1613 2101 1783 2148 gratiam,

315 2202 377 2240 10.
410 2199 461 2237 Et
493 2199 540 2236 de
571 2199 714 2245 rapinis
746 2209 953 2246 pauperum
1128 2199 1190 2236 19.
1224 2199 1298 2236 Per
1328 2203 1562 2235 sacramenta
1594 2197 1694 2242 fidei,

412 2255 556 2302 Collegi
588 2256 733 2292 lucrum
766 2256 982 2303 pessimum,
1225 2256 1326 2301 Quae
1359 2255 1472 2291 corde
1505 2255 1663 2291 credens
1695 2254 1822 2301 didici,

411 2314 496 2350 Irae
527 2318 563 2348 et
594 2312 777 2349 avaritiae
1226 2312 1393 2357 Imploro
1425 2316 1474 2359 te,
1508 2311 1688 2357 piissima,

411 2368 558 2406 Servivi
590 2368 696 2415 quasi
731 2368 916 2405 dominae.
1229 2368 1302 2404 Pro
1332 2368 1570 2413 impetranda
1606 2367 1724 2413 venia,

314 2465 378 2503 11.
411 2465 454 2502 In
486 2474 643 2511 corpore
674 2468 711 2500 et
741 2464 865 2500 anima
1127 2464 1192 2503 20.
1225 2465 1277 2502 Ut
1308 2463 1398 2500 mihi
1431 2463 1572 2501 Christi
1602 2463 1726 2510 passio

320 2777 383 2786 r--...

412 2520 588 2559 Commisi
621 2525 754 2557 cuncta
786 2522 943 2566 scelera,

410 2577 520 2626 Nam,
540 2587 675 2625 corpus
696 2577 794 2623 quod
813 2588 885 2613 non
903 2577 1038 2626 potuit,

410 2634 520 2671 Mens
553 2638 775 2679 perpetrare
808 2634 936 2673 voluit.

389 2734 529 2765 Collect.
558 2745 619 2765 ins.
646 2736 678 2765 S.
705 2734 831 2765 Jacobi
866 2734 901 2764 iu
928 2733 1046 2764 Insula
1072 2733 1195 2764 Leodii

1130 581 1195 618 13.

1135 851 1197 888 14.

1134 1391 1198 1429 16.

1227 365 1292 402 Me
1323 365 1503 411 pestilens
1534 365 1685 414 locutio,

1227 421 1292 458 Me
1324 421 1435 467 culpa
1466 422 1617 458 damnat
1648 432 1816 468 operum,

1227 477 1291 514 Me
1321 477 1492 523 nequitas
1524 483 1781 518 consensuum.

1228 580 1333 618 Haec
1367 579 1437 615 tibi
1468 589 1566 615 nunc
1598 578 1788 625 confietor,

1228 636 1256 674 O
1289 635 1434 672 cunctis
1465 635 1606 672 sanctis
1639 636 1814 686 sanctior,

1229 693 1285 729 'l'u
1317 702 1465 728 causam
1498 702 1616 728 meam
1649 692 1810 739 suscipe,

1230 749 1287 785 Tu
1319 748 1471 795 dignum
1503 749 1633 795 poenis
1666 749 1783 795 eripe.

1231 850 1358 887 Exora
1388 853 1490 886 tuum
1522 848 1652 891 filium,

1230 906 1281 944 Ut
1312 905 1403 942 mihi
1435 906 1497 943 det
1529 906 1746 954 remedium,

1229 963 1288 999 Ex
1319 967 1382 999 tua
1413 971 1525 999 carne
1555 963 1702 1009 genitus

1231 1019 1389 1056 Favebit
1420 1019 1495 1055 tuis
1527 1018 1701 1065 precibus

1188 1150 1196 1158 .
1229 1120 1276 1157 Et
1301 1120 1435 1164 matri,
1468 1130 1563 1166 quae
1595 1130 1634 1156 se
1665 1119 1826 1166 peperit,

1228 1177 1377 1223 Negare
1407 1176 1502 1213 nibil
1534 1176 1685 1222 poterit,

1227 1233 1302 1269 Per
1333 1234 1413 1269 eius
1444 1233 1670 1279 natalitium,

1231 1291 1303 1327 Per
1333 1291 1452 1335 ipsius
1482 1290 1673 1331 ieiunium,

1231 1391 1303 1427 Per
1333 1401 1488 1437 asperas
1518 1390 1687 1437 iniurias,

1230 1447 1414 1495 Flagella,
1447 1451 1570 1493 sputa,
1604 1447 1746 1493 alapas.

1231 1504 1332 1548 Quae
1362 1507 1497 1550 sponte
1528 1514 1593 1539 sua
1624 1503 1793 1549 pertulit,

1228 1560 1298 1606 Qui
1328 1570 1368 1596 se
1398 1570 1467 1606 pro
1499 1560 1575 1596 suis
1606 1559 1753 1605 obtulit,

1225 2520 1427 2566 Culparum
1458 2520 1506 2556 sit
1538 2520 1708 2556 remissio

1222 2577 1271 2614 Et
1303 2577 1382 2613 eius
1413 2576 1638 2613 ressurectio

1224 2633 1413 2669 Virtutum
1445 2632 1708 2680 augmentatio.

1230 2744 1318 2764 sat-e.
1349 2731 1431 2764 ¹³³⁴.
1487 2733 1569 2765 Cod.
1598 2730 1848 2763 Darmstadien.

296 2777 394 2810 2111.
422 2780 460 2810 A.
492 2797 535 2800 -—
569 2779 665 2809 Pas-s.
693 2783 725 2810 et
758 2780 852 2810 Orat.
889 2790 948 2809 ηις.
975 2779 1256 2810 Emmeramensc
1290 2788 1378 2810 saec.
1407 2776 1456 2809 14.
1490 2779 1535 2809 ἰιι.
1563 2778 1645 2809 (Jtm.
1672 2778 1847 2808 Mnnacen.

299 2823 417 2855 1432&
447 2821 487 2853 B.
514 2840 556 2845 —
582 2827 676 2855 Orat.
703 2835 764 2855 ms.
791 2824 1027 2855 Lannbaoense
1046 2834 1134 2855 saec.
1166 2823 1214 2855 14.
1241 2824 1322 2855 cod.
1352 2822 1554 2855 lambacen.
1575 2821 1794 2853 CLXXXVI.
1813 2823 1848 2853 t).

297 2887 339 2891 -—
368 2870 509 2900 (¹‹›llect.
537 2880 597 2899 ms.
627 2871 748 2901 incerti
769 2871 855 2909 orig.
882 2880 970 2901 saec.
1001 2867 1050 2900 15.
1079 2868 1161 2901 eod.
1180 2870 1347 2900 ‹lx-»nim
1368 2870 1496 2900 Canon.
1516 2869 1653 2908 Scriptt.
1673 2866 1754 2898 eccl.
1775 2863 1847 2897 117.

298 2915 338 2945 Γ).
378 2931 414 2934 ἡ
443 2918 535 2945 «wat.
564 2925 624 2945 ms·-
652 2914 813 2946 Herculis
847 2915 943 2945 (lucis
962 2915 1154 2946 Ferrarien.
1181 2925 1269 2946 saec.
1299 2913 1350 2945 15.

1399 2913 1482 2945 cod.
1508 2913 1672 2944 Marciam.
1699 2911 1726 2943 L
1743 2911 1776 2942 II
1795 2908 1847 2942 60.
