1914 3223
559 365 642 401 395.
681 365 738 409 (6.)
773 367 831 400 De
859 365 1039 410 Corpore
1066 364 1234 401 Christi.

120 485 158 523 1.
203 486 300 531 Ave,
333 482 464 520 vivens
494 481 629 529 hostia,
939 483 977 520 2.
1024 482 1118 528 Ave,
1150 491 1215 517 vas
1247 479 1481 526 clementiae,

263 539 412 576 Veritas
444 542 482 575 et
512 538 604 585 vita,
1080 536 1269 574 Scrinium
1303 535 1483 581 dulcoris,

205 597 250 634 In
281 606 354 643 qua
384 593 572 632 sacrificia
846 640 849 642 ,
1024 594 1069 631 In
1099 603 1172 639 quo
1203 596 1291 629 sunt
1323 591 1481 629 deliciae

264 653 409 692 Cuncta
439 655 526 688 sunt
556 650 676 696 finita,
1082 649 1225 687 Caclici
1256 648 1416 695 saporis,

208 709 282 748 Per
311 712 349 745 te
379 708 480 755 patri
512 708 633 755 gloria
1026 706 1176 742 Veritas
1207 704 1445 742 substantiae

261 765 386 802 Datur
415 763 576 811 infinita,
1081 762 1178 799 Tota
1209 761 1426 809 salvatoris,

209 819 284 860 Per
314 826 351 858 te
382 825 458 858 stat
488 820 650 858 ecclesia
1026 818 1310 856 Sacramentum
1342 817 1498 864 gratiae,

259 878 404 925 lugiter
439 878 596 916 munita.
1082 874 1267 912 Pabulum
1298 873 1449 912 amoriS.

211 999 291 1042 Vgl.
324 999 390 1032 den
420 1000 508 1031 Text
540 999 642 1031 Anal.
675 999 804 1036 XXXI,
841 995 902 1030 111
938 1008 1007 1040 sq.3
1042 990 1137 1029 Uber
1162 996 1218 1028 die
1243 995 1469 1027 Autorschaft
1492 994 1688 1027 Peckhams

119 1045 252 1078 ebenda
286 1047 319 1077 S.
357 1042 437 1083 1133
470 1046 601 1076 Martin
634 1044 656 1076 1.
690 1054 718 1076 c.
751 1044 815 1082 111,
851 1043 981 1082 CXIV3
1016 1043 1129 1074 ferner
1162 1042 1282 1074 weiter
1314 1044 1421 1072 unten
1452 1041 1512 1073 Nr.
1536 1038 1591 1080 (8),
1621 1041 1689 1072 Au-

118 1091 299 1133 merkung,
326 1091 360 1122 S.
385 1088 461 1122 601.

210 1133 261 1167 Zu
293 1135 359 1167 den
391 1135 493 1167 Anal.
517 1136 629 1172 XXX,
668 1131 732 1166 112
758 1144 809 1175 sq.
835 1136 1034 1176 genannten
1059 1133 1207 1172 Quellen
1232 1133 1279 1163 ist
1303 1131 1394 1163 noch
1419 1131 1688 1173 hinzuzufiigen.

120 1181 204 1214 Cod.
230 1181 424 1213 Londinen.
442 1181 573 1212 Arund.
599 1178 667 1212 374
692 1189 782 1211 saec.
807 1177 864 1210 14:
893 1180 1042 1220 „Incipit
1065 1178 1192 1210 devota
1208 1177 1388 1209 meditatio
1412 1176 1453 1208 de
1471 1179 1690 1208 sacramento

120 1227 241 1259 altaris
281 1231 314 1258 et
351 1227 426 1257 eius
462 1226 694 1263 utilitatibus,
732 1224 826 1256 edita
859 1235 878 1256 a
910 1224 1015 1256 fratre
1049 1223 1248 1255 Iohanne
1280 1221 1519 1260 Picthano,
1557 1221 1689 1253 ordinis

119 1273 311 1309 minorum,
345 1271 605 1313 archiepiscopo
640 1270 887 1302 Cantuariensi
921 1272 954 1301 et
991 1270 1139 1311 primate
1172 1269 1278 1299 totius
1312 1264 1494 1309 Angliae“.
1529 1284 1570 1289 —-
1605 1265 1690 1298 Cod.

120 1317 316 1350 Londinen.
342 1317 441 1348 Harl.
468 1314 543 1349 913.
571 1326 661 1348 saec.
682 1313 743 1353 14„
769 1315 830 1346 der
849 1316 932 1347 aber
949 1314 1046 1346 nicht
1063 1314 1129 1346 den
1146 1313 1405 1354 vollstandigen
1423 1313 1522 1350 Text,
1541 1311 1692 1343 sondern

121 1373 186 1394 nur
218 1361 458 1394 Bruchstiicke
490 1362 613 1394 bietet:
649 1362 773 1402 „Hanc
805 1360 1067 1392 meditationem
1099 1359 1141 1391 de
1167 1369 1311 1400 corpore
1336 1358 1468 1389 Christi
1494 1358 1691 1399 composuit

119 1408 241 1440 Frater
273 1407 492 1440 Iohannes
528 1406 713 1438 Pecham
751 1406 792 1438 de
829 1406 950 1437 ordine
983 1406 1143 1437 Fratrum
1176 1406 1367 1442 minorum,
1405 1403 1690 1445 archiepiscopus

121 1450 417 1486 Cantuariensis.“
456 1470 499 1474 ——
536 1452 623 1484 Clm.
660 1452 841 1483 Monacen.
879 1448 969 1483 5362
1001 1460 1091 1482 saec.
1127 1448 1183 1481 15:
1224 1449 1416 1490 „Dominus
1448 1448 1689 1488 Iohannes,

122 1498 407 1540 archiepiscopus
445 1498 727 1536 Cantuariensis,
769 1497 966 1538 composuit
998 1497 1102 1527 istam
1135 1494 1407 1526 meditationem.
1472 1495 1690 1535 Quicumque

121 1553 198 1576 eam
225 1544 348 1576 devote
374 1543 510 1580 dixerit,
545 1544 608 1575 XL
634 1543 707 1574 dies
732 1543 857 1574 veniae
882 1552 943 1582 pro
970 1543 1121 1583 peccatis
1146 1540 1389 1572 criminalibus
1415 1535 1619 1571 obtinebit.“
1647 1555 1691 1559 —

121 1589 209 1622 Clm.
236 1590 416 1620 Monacen.
444 1586 531 1620 7611
559 1598 648 1620 saec.
677 1586 737 1619 15:
766 1588 888 1628 „Hanc
913 1588 1106 1619 orationem
1131 1586 1173 1618 de
1199 1588 1415 1617 sacramento
1442 1585 1564 1616 altaris
1580 1583 1692 1615 edidit

120 1634 344 1666 Iohannes
378 1634 484 1666 frater
515 1633 567 1665 de
598 1632 843 1671 Pischano,
878 1632 1011 1664 ordinis
1044 1633 1227 1670 minorum,
1254 1630 1537 1672 archiepiscopus
1563 1629 1691 1662 Cantu-

123 1680 272 1712 ariensis
309 1683 344 1711 ct
378 1675 576 1721 primate[!]
612 1680 720 1710 totius
757 1675 937 1719 Angliae.“
975 1694 1020 1699 —
1053 1677 1196 1709 Collect.
1231 1687 1292 1707 ms.
1328 1676 1490 1708 Italicum
1522 1684 1611 1706 saec.
1641 1671 1690 1705 15.

122 1725 205 1758 Cod.
242 1725 404 1756 Rossian.
440 1725 491 1756 IX
530 1723 593 1755 44:
638 1725 798 1764 „Devota
834 1723 1013 1754 meditatio
1050 1722 1092 1754 de
1130 1724 1348 1754 sacramento
1387 1721 1509 1752 altaris
1546 1723 1581 1751 et
1617 1721 1692 1751 eius

121 1771 329 1807 virtutibus,
363 1770 457 1802 edita
490 1779 511 1801 a
542 1770 648 1801 fratre
680 1768 877 1800 Iohanne
910 1768 1099 1806 Pisano,
1132 1766 1395 1808 archiepiscopo
1421 1761 1690 1798 Cantuariensi“

121 1813 187 1856 (A).
212 1832 255 1837 —
283 1817 381 1850 Brev.
407 1825 469 1846 ms.
495 1815 654 1847 Cavense
679 1815 761 1845 anni
790 1810 887 1845 1308.
925 1812 1006 1844 Cod.
1025 1812 1231 1844 Casanaten.
1257 1812 1284 1843 C
1302 1812 1355 1843 111
1379 1808 1547 1851 2(1575):
1575 1810 1694 1851 „Haec

123 1862 278 1893 carmina
302 1861 343 1892 de
369 1871 513 1902 corpore
538 1860 669 1892 Christi
694 1860 890 1901 composuit
914 1858 1020 1890 frater
1044 1858 1268 1890 Iohannes
1293 1857 1342 1888 de
1367 1852 1626 1896 Pithyano.“
1649 1871 1693 1876 —

125 1907 219 1939 Orat.
246 1917 308 1937 ms.
332 1905 448 1937 Carth.
467 1904 728 1937 Hildeshemen.
749 1915 838 1936 saec.
859 1902 908 1936 15.
952 1903 1036 1936 Cod.
1055 1903 1170 1945 Capit.
1186 1903 1366 1934 Treviren.
1389 1900 1468 1933 116:
1496 1901 1693 1943 „Iohannes

128 1952 289 1992 Pisanus,
315 1951 598 1992 archiepiscopus
624 1947 923 1982 Cantuariensis.“

219 1997 318 2029 Ohne
343 1996 487 2039 Angabe
519 1996 579 2028 des
602 1997 817 2028 Verfassers:
851 1995 947 2027 Orat.
980 2005 1041 2026 ms,
1075 1994 1110 2026 S.
1135 1993 1270 2024 Mariae
1294 1992 1527 2034 Magdalenae
1551 1991 1693 2023 Hildes-

127 2041 262 2074 hemen.
288 2052 378 2074 saec.
405 2040 456 2073 15.
506 2041 588 2074 Cod.
614 2042 803 2082 Gotingan.
837 2038 914 2072 233.
942 2059 981 2062 —
1008 2040 1103 2073 Orat,
1129 2049 1191 2069 ms.
1217 2037 1330 2069 Vallis
1355 2038 1499 2069 Iocosae
1524 2047 1613 2068 saec.
1642 2034 1693 2068 15.

125 2087 212 2120 Cod.
247 2088 421 2120 Labacen.
460 2084 515 2119 44.
549 2085 618 2127 (B).
655 2105 698 2109 —
729 2088 824 2118 Orat.
862 2097 922 2117 ms.
956 2085 1143 2126 Anglicum
1174 2093 1262 2115 saec.
1297 2080 1348 2114 15.
1407 2082 1491 2114 Cod.
1523 2081 1693 2113 Oxonien.

127 2130 280 2164 Rawlin.
319 2133 345 2165 C
382 2129 448 2164 558
479 2129 544 2172 (C).
581 2149 623 2153 —-
656 2132 718 2164 Als
750 2132 910 2173 Hymnus
942 2130 1005 2162 auf
1025 2130 1178 2162 Matutin
1211 2128 1281 2160 und
1311 2128 1450 2159 Laudes
1482 2127 1623 2160 verteilt
1648 2128 1695 2158 im

130 2179 350 2210 Breviarium
374 2179 540 2210 Kimense
566 2179 647 2220 imp.
677 2174 773 2209 1518.

218 2224 389 2255 Lesarten
420 2224 457 2254 in
489 2223 598 2256 ABC:
634 2221 662 2261 1,
688 2221 709 2254 3
741 2223 783 2254 In
808 2232 875 2263 quo
902 2222 971 2253 AC.
997 2237 1040 2242 —
1067 2218 1095 2261 1,
1122 2217 1142 2251 5
1170 2219 1280 2260 patris
1305 2218 1342 2250 C.
1368 2234 1412 2240 —
1438 2218 1505 2250 Str.
1531 2215 1552 2250 3
1578 2217 1649 2248 und
1673 2214 1696 2248 4

127 2269 328 2311 umgestellt
359 2269 396 2301 C.
431 2287 467 2291 —
502 2267 535 2307 4,
570 2266 591 2299 2
624 2269 753 2300 Munus
779 2270 812 2299 et
837 2266 941 2298 finale
967 2267 1005 2298 A.
1032 2281 1074 2286 —
1100 2263 1131 2303 5,
1157 2262 1177 2296 6
1202 2264 1267 2295 Est
1291 2263 1356 2295 hoc
1381 2263 1562 2295 beatorum
1588 2263 1626 2295 C.
1652 2279 1696 2283 —

127 2312 159 2349 6,
185 2314 205 2345 8
236 2314 360 2346 Pereat
385 2310 510 2345 'divine
539 2314 576 2346 C.
601 2331 646 2336 —
671 2312 701 2352 7,
727 2311 748 2344 4
773 2313 851 2344 Non
877 2312 989 2343 solum
1015 2310 1083 2342 AC.
1111 2328 1153 2332 —
1177 2307 1208 2348 8,
1234 2307 1253 2340 7
1280 2309 1469 2350 Potestque
1493 2308 1559 2339 hoc
1585 2308 1625 2339 Α.
1654 2325 1694 2329 —

128 2357 159 2397 9,
186 2357 205 2390 7
240 2360 400 2401 sug-gitur
431 2359 468 2391 C.
503 2375 546 2380 -——
574 2357 625 2397 11,
651 2357 671 2391 6
697 2359 765 2397 Qui
791 2359 845 2388 vis
871 2368 934 2388 nos
961 2356 997 2387 C.
1024 2373 1063 2379 —
1094 2354 1143 2393 12,
1173 2353 1188 2386 1
1215 2355 1292 2386 Mos
1319 2358 1370 2385 est
1394 2353 1476 2385 hinc
1501 2354 1697 2385 amantium

129 2405 168 2436 B.
197 2421 240 2426 -
279 2404 328 2443 13,
354 2403 376 2436 4
401 2404 553 2446 digneris
579 2404 619 2435 A.
645 2420 688 2425 —
715 2405 782 2436 Str.
812 2399 852 2434 13
878 2402 993 2433 hinter
1021 2399 1059 2432 15
1084 2401 1123 2432 Β.
1151 2417 1189 2421 -
1221 2398 1271 2438 15,
1300 2398 1315 2430 1
1344 2408 1494 2440 superna
1518 2399 1554 2431 C.
1584 2415 1628 2420 —-
1655 2399 1697 2430 In

128 2450 157 2481 B
176 2449 263 2491 folgt
282 2460 336 2481 am
355 2449 493 2481 Sehluss
510 2449 600 2481 noch
618 2460 624 2479 :
642 2449 754 2481 Nobis
772 2447 1056 2479 consecrantibus
1075 2450 1137 2478 etc.
1155 2445 1269 2484 (Anal.
1286 2445 1309 2476 l.
1327 2454 1355 2476 c.
1378 2440 1452 2483 113)
1469 2443 1539 2475 und
1556 2445 1694 2476 weiter:

469 2540 565 2571 Laus
593 2544 627 2571 et
651 2538 815 2570 iubilatio
842 2538 888 2569 sit
913 2538 973 2568 uni
999 2540 1032 2568 et
1056 2537 1158 2573 trino,

470 2586 605 2623 Honor,
630 2585 754 2623 virtus,
781 2583 894 2625 gloria
919 2583 964 2613 sit
990 2581 1135 2613 donanti
1160 2580 1262 2619 dona,

472 2627 539 2662 Per
563 2639 652 2672 quae
678 2628 851 2661 sacrificia
877 2627 976 2659 offert
998 2624 1115 2667 (nunc)
1138 2625 1287 2657 ecclesia

472 2675 524 2707 Ad
550 2674 731 2707 delendum
759 2674 905 2705 crimina
932 2682 992 2714 per
1016 2682 1079 2703 nos
1105 2674 1312 2713 perpetrata.

470 2767 619 2808 Insuper
643 2765 816 2796 altissimo
841 2767 957 2804 grates
985 2762 1183 2799 referamus,

473 2812 540 2850 Qui
567 2821 629 2842 nos
656 2820 791 2850 semper
817 2808 934 2845 reficit,
960 2818 1062 2849 quem
1086 2817 1149 2838 nos
1175 2806 1434 2843 manducamus,

471 2856 528 2888 Sic
554 2857 678 2897 ipsum,
704 2865 805 2896 quem
831 2854 1010 2891 sumimus,
1038 2854 1087 2884 ita
1112 2851 1361 2889 collaudemus,

476 2902 543 2932 Hic
570 2910 704 2941 semper
729 2900 779 2930 sic
804 2900 966 2936 vivimus,
991 2901 1029 2929 ut
1054 2907 1170 2930 seeum
1196 2907 1390 2939 regnemus.
