1914 3223
69 297 140 337 Sa.
178 296 317 334 Tecum
349 296 412 342 qni
443 295 538 332 solio

180 352 288 389 sedet
316 352 479 400 sidereo,

806 180 888 220 425

887 293 960 333 8b.
997 296 1112 341 Quem
1145 304 1257 340 prece
1288 293 1451 340 supplici

561 465 598 502 9.
632 463 683 502 Ut
715 464 901 510 possimus

631 520 865 558 Gaudiorum
896 519 1044 566 gaudia.

155 632 228 665 Fol.
259 629 364 663 1521).
390 649 434 654 —-
461 632 580 674 „Haec
606 634 659 663 est
683 631 816 663 Mariae
844 628 969 662 nivis‘·'.

1000 350 1163 397 Flagita,
1196 350 1363 387 nancisci

427 821 509 857 394.
545 822 603 864 (6.)
639 822 696 856 De
723 819 764 856 S.
797 821 975 856 Iohanne
1001 820 1268 863 evangelista.

72 939 145 978 la.
181 939 276 988 Ave,
311 936 431 975 frater
461 938 624 984 Domini,

240 995 438 1040 Iohannes,
473 995 611 1031 dilecte

182 1051 328 1098 Amice,
361 1051 535 1098 theologe

243 1108 423 1155 virgoque
455 1108 585 1157 electe,

179 1165 323 1203 Doctor
354 1168 391 1201 et.
422 1165 593 1211 apostole

237 1222 408 1259 veritatis
440 1226 578 1260 rectae.

181 1278 222 1316 In
255 1289 402 1326 quoque
434 1279 603 1326 virgineo

236 1336 383 1382 pudore
410 1333 591 1383 perfecte.

72 1463 144 1501 2a.
181 1462 239 1500 Tu
268 1461 316 1498 ob
349 1461 594 1498 castimoniae

241 1518 355 1555 decus
387 1522 521 1564 pectus
553 1518 637 1555 lene

181 1575 356 1622 Respuis,
389 1574 588 1611 conubium

239 1641 400 1678 sponsae
431 1631 700 1678 Magdalenae,

181 1689 334 1726 Arcana
367 1688 592 1734 intellegens

241 1745 411 1792 limpide,
444 1755 588 1787 serene,

186 1802 309 1848 Super
339 1805 471 1848 pectus
503 1801 687 1839 recubans

240 1859 382 1897 Christi
415 1859 476 1896 die
509 1869 635 1898 cenae.

75 1984 144 2022 38.
183 1983 280 2022 Solis
311 1984 466 2020 vincens
496 1984 626 2020 radios

240 2040 366 2087 aquila
397 2040 659 2089 praegrandis,

185 2097 295 2136 Celsa
324 2097 423 2143 petis
455 2098 656 2143 pervolans

241 2153 470 2200 aetheraque
505 2154 669 2200 scandis,

187 2210 377 2248 Indiserta
408 2210 563 2247 disseris

241 2270 279 2303 et
308 2266 443 2304 obtusa
473 2267 623 2313 pandis,

189 2323 408 2361 Praedicari
440 2324 629 2370 praecipis

240 2385 353 2427 atque
382 2378 453 2417 fari
486 2378 626 2418 fandis.

78 2504 154 2542 42.
189 2504 336 2541 Mariae
367 2515 436 2551 pro
468 2509 615 2542 mortuo

244 2561 381 2607 Ioseph
414 2561 630 2608 subrogaris

188 2618 325 2664 Atque,
358 2622 483 2654 custos
516 2618 670 2665 virginis

244 2680 285 2710 ut
315 2674 380 2720 sis,
413 2674 518 2722 virgo
550 2675 664 2717 daris,

190 2729 295 2767 Haec
326 2735 458 2777 mater,
491 2736 532 2768 tu
562 2730 675 2777 filius,

247 2787 320 2833 ipsi
352 2787 638 2835 commendaris,

191 2841 284 2880 Eius
313 2843 453 2890 quippe
483 2848 523 2881 ut
554 2845 670 2881 simus

247 2898 329 2947 filii,
359 2900 568 2947 adoptaris.

890 937 962 975 lb.

891 1460 964 1498 2b.

890 1982 966 2022 3b.

889 2503 964 2544 4b.

999 936 1146 974 Obnixe
1176 938 1239 984 qui
1270 937 1423 975 Domini

1059 1004 1150 1030 voce
1181 995 1354 1040 paruisti,

1001 1049 1174 1099 Smffam,
1210 1051 1403 1100 retiacula,

1056 1114 1252 1153 parentem
1287 1108 1443 1155 liquisti,

1001 1163 1159 1201 Crucem
1190 1164 1327 1201 tollens
1360 1165 1540 1204 Messiam

1058 1226 1207 1257 secutus
1239 1219 1357 1272 fuisti,

1000 1278 1048 1315 Se
1079 1288 1220 1325 negans
1252 1276 1449 1315 confessus
1481 1289 1520 1316 es

1057 1339 1094 1370 te
1125 1342 1297 1380 tyronem
1333 1334 1487 1377 Christi.

1002 1460 1143 1497 Factus
1175 1460 1415 1507 evangelicae

1060 1517 1231 1554 veritatis
1263 1521 1378 1562 sator,

1004 1573 1212 1620 Fontisque
1245 1574 1425 1610 dominici

1061 1630 1173 1667 rivuli
1204 1634 1366 1679 potator,

1004 1687 1234 1724 Futurorum
1265 1687 1459 1734 praescius

1061 1755 1187 1780 rerum
1218 1744 1467 1792 praelibator,

1001 1800 1130 1837 Divini
1162 1801 1334 1846 mysterii

1059 1856 1230 1894 fervidus
1263 1858 1432 1896 rimator.

1003 1982 1124 2019 Filius
1158 1982 1316 2019 tonitrui

1060 2045 1169 2076 tonas
1201 2049 1288 2076 caro
1320 2038 1461 2076 factum

1003 2095 1181 2142 Verbum,
1215 2107 1284 2143 per
1314 2107 1424 2142 quem
1459 2096 1616 2144 virginis

1057 2156 1205 2189 uterum
1235 2153 1430 2199 intactum,

1004 2210 1181 2247 Vincenti
1211 2209 1477 2246 absconditum

1061 2277 1198 2303 manna
1231 2266 1298 2303 das
1328 2267 1366 2303 in
1398 2271 1535 2317 actum,

1004 2324 1204 2360 Aestuanti
1236 2323 1383 2360 animae

1060 2379 1099 2416 in
1130 2389 1296 2426 perenne
1327 2384 1492 2426 pactum.

1003 2504 1215 2542 Haereseos
1246 2504 1418 2550 malleus,

1060 2561 1177 2597 hostis
1209 2571 1433 2607 synagogae,

1001 2617 1147 2655 Devote
1178 2618 1241 2664 qui
1273 2618 1309 2654 in
1341 2617 1463 2654 Deum

1059 2674 1090 2710 is
1122 2684 1191 2720 per
1220 2685 1401 2722 anagoge,

1005 2730 1056 2767 Et
1087 2735 1242 2767 sanctae
1273 2731 1468 2768 theotocos

1060 2785 1136 2824 fide
1167 2788 1396 2835 paedagoge,

1005 2842 1096 2891 Fac,
1129 2854 1270 2890 nosque
1301 2848 1342 2880 ut
1372 2843 1536 2881 vestiant

1061 2900 1292 2937 candidatae
1322 2905 1442 2948 togae.
