2031 3289
912 153 1218 194 —312—

297 274 366 311 23.
400 271 518 309 Cruce
550 271 730 307 virtutum

286 667 355 704 3³.

285 1061 356 1098 451.

295 1456 364 1492 5a.

297 2021 367 2059 6a.

400 339 499 365 mors
531 326 688 372 peccati,

397 385 475 420 vita
507 382 684 426 iustitiae,

396 439 501 477 Dans
533 437 695 475 fructum
717 438 791 475 iam
814 437 905 484 ligni
928 437 1028 474 vitae

397 507 466 542 pro
497 499 607 541 gustu
638 494 830 541 scientiae,

399 563 468 598 pro
500 551 635 597 rapina
665 550 822 597 gloriae.

394 666 498 702 Haec
530 662 611 699 dies
642 662 795 700 Domini
826 662 987 700 celebris

395 731 469 767 pax
501 723 556 755 est
587 719 627 755 in
657 719 783 766 terris,

397 775 521 823 fulgor
550 774 684 812 inferis

397 837 433 869 et
464 833 527 869 lux
560 832 719 878 superis,

396 889 489 926 Dies
524 888 686 934 duplicis
715 887 895 934 baptismi

398 946 506 993 legis,
540 944 737 991 evangelii.

395 1058 607 1095 Submersis
639 1055 822 1102 hostibuS,

399 1114 554 1161 signatis
587 1113 757 1159 postibus

396 1182 521 1209 assum
551 1170 694 1218 pascha

397 1232 507 1265 nocte
541 1227 650 1263 domo

397 1295 471 1321 una
502 1285 576 1320 iam
609 1294 690 1319 cum
722 1281 880 1319 lactucis

401 1341 470 1377 ede
501 1339 726 1386 agrestibus,

398 1453 481 1490 Hac
512 1453 573 1489 die

397 1520 464 1546 nos
495 1509 594 1555 lava,
628 1509 790 1553 Christe,

396 1566 583 1602 mundans
614 1565 758 1612 hysopo

398 1624 478 1661 Fac
507 1630 541 1658 et
577 1622 708 1668 dignos

398 1679 469 1716 hoc
499 1679 694 1725 mysterio,

398 1746 501 1773 mare
534 1735 692 1783 siccam,

400 1792 609 1829 Leviathan

400 1847 600 1896 perforans
632 1847 826 1885 maxillam

401 1907 524 1951 hamo,
557 1905 719 1942 armilla.

400 2018 429 2056 Ο
461 2017 528 2054 flos
561 2018 750 2064 virgineae

400 2075 528 2121 virgae
559 2073 739 2122 fraglans‚

403 2132 519 2168 Plena
549 2131 787 2177 septemplici

404 2197 488 2225 rore
519 2188 677 2234 lampas,

402 2245 510 2292 Vino,
543 2244 642 2282 lacte
672 2243 868 2291 pulchrior

398 2301 537 2348 specie,

401 2359 527 2396 Rosae
558 2357 684 2404 rubor,

401 2414 472 2451 lilii
505 2414 658 2463 candor,

403 2472 483 2517 Quo
513 2476 550 2507 te
582 2475 708 2507 tantae
741 2469 964 2506 clementiae

400 2527 558 2565 oonsilio

400 2583 643 2623 Microcosmi

401 2641 654 2677 inclinaveras
686 2638 839 2681 auxilio,

401 2698 451 2736 Ut
485 2696 611 2733 miseri
641 2696 835 2743 particeps

402 2754 621 2800 redemptor
651 2763 766 2798 esses,

401 2810 556 2857 Absque
587 2810 733 2857 peccati
765 2818 884 2845 naevo

401 2871 565 2913 gestans·
587 2865 784 2903 formulam
811 2863 971 2912 peccati.

1114 267 1188 306 ab.
1220 267 1317 304 Dum
1350 269 1434 302 tuus
1465 266 1616 312 sanguis

1108 659 1181 698 3b.

1110 1053 1186 1093 4b.

1210 323 1269 359 ius
1300 322 1501 368 rompheae

1210 378 1409 416 restrinxit
1439 376 1644 423 flammeae,

1210 435 1387 472 Paradisi
1417 434 1550 480 pandit
1581 434 1730 473 hortum

1211 493 1332 537 stirps
1362 489 1625 527 oboedientiae

1212 547 1399 584 medicina
1431 547 1588 593 gratiae.

1215 659 1388 698 Christus
1427 659 1568 707 pascha
1600 663 1657 696 est.
1686 658 1840 706 homini,

1212 716 1301 753 dum
1331 722 1438 752 vetus
1469 716 1617 760 transit,

1214 784 1334 809 novus
1364 772 1505 818 surgit,

1210 829 1305 865 haec
1337 828 1418 865 dies
1449 827 1613 865 Domini.

1211 885 1356 928 Gaude,
1375 896 1479 921 mens
1497 894 1632 930 expers
1649 882 1838 933 fermenti,

1214 942 1327 988 plena
1358 941 1466 988 panis
1498 940 1621 980 azimi.

1216 1054 1410 1091 Accinctis
1441 1054 1605 1103 renibus,

1214 1111 1358 1158 pellitis
1388 1110 1552 1156 pedibus

1213 1178 1294 1204 cum
1328 1166 1462 1203 baculo

1212 1234 1378 1271 propera
1410 1228 1447 1259 et

1212 1285 1324 1327 caput
1356 1291 1438 1316 cum
1470 1280 1508 1317 in
1537 1279 1685 1316 testinis

1155 1348 1161 1355 ·
1211 1341 1247 1373 et
1279 1336 1439 1383 pedibus
1471 1347 1574 1374 vora.

1110 1449 1183 1489 5b.

1107 2015 1185 2056 6b.

1216 1449 1344 1488 Calice

1210 1517 1277 1542 nos
1307 1505 1466 1551 inebria,

1210 1563 1306 1611 sopi,
1337 1562 1490 1609 suscita,

1211 1619 1270 1656 De
1300 1625 1469 1656 torrente

1212 1675 1345 1712 bibens
1375 1675 1414 1712 in
1446 1676 1506 1712 via

1215 1732 1351 1769 damna
1382 1738 1524 1779 nostra,

1213 1789 1270 1826 Tu
1301 1787 1473 1835 pontifex

1213 1845 1349 1893 hostia,
1383 1845 1551 1882 torcular

1215 1902 1366 1938 calcans
1397 1908 1438 1938 tu
1464 1913 1548 1939 uva.

1217 2016 1246 2054 O
1279 2014 1553 2062 consanguinee

1212 2071 1313 2109 servi
1345 2071 1506 2119 domine,

1211 2128 1305 2176 Spes
1336 2118 1604 2174 ἀναστάσεως

1211 2185 1370 2232 primae,
1403 2185 1558 2220 ultimae

1211 2252 1281 2289 per
1311 2241 1570 2278 iusiurandum
1603 2239 1736 2276 semini

1213 2297 1394 2336 Abrahae

1214 2355 1345 2392 Firma
1377 2358 1414 2390 et
1443 2363 1524 2398 nOS,

1216 2413 1291 2448 dux
1321 2401 1554 2458 ἀθάνατος,

1216 2468 1294 2505 Nos
1325 2472 1388 2504 tuo
1420 2465 1690 2504 convivificans

1215 2524 1376 2570 corporh

1216 2582 1474 2620 Commortuos

1214 2637 1336 2683 Adae,
1368 2635 1519 2684 parenti
1550 2634 1683 2680 veteri,

1214 2694 1271 2731 Tu
1300 2692 1478 2729 membris
1511 2690 1730 2729 fortioribus

1214 2751 1371 2796 iungens
1402 2747 1564 2792 infirma,

1214 2806 1324 2843 Vitae
1353 2811 1531 2842 aeternae

1215 2863 1281 2900 des
1312 2873 1465 2914 pascua,
1499 2868 1537 2897 tu
1573 2859 1725 2906 pascha.
