2031 3289
890 195 1198 234 —364—

271 314 344 352 4a.
385 313 479 361 Ave,
510 310 632 358 gratia
661 309 775 356 plena
1085 307 1159 346 4b,
1201 307 1276 344 Hic
1305 306 1412 344 nobis
1443 309 1481 343 et
1509 307 1641 344 mortis
1670 306 1710 343 in

383 372 420 404 et
448 368 604 415 pietate,
1197 363 1291 400 hora
1319 373 1499 400 succurre

388 434 483 470 quae
513 422 675 469 genuisti
704 422 856 468 plenum
1197 431 1242 457 ac
1270 420 1309 456 in
1339 419 1442 456 orbis
1472 419 1642 456 examine

437 480 559 527 gratia
590 482 628 514 et
657 478 835 516 veritate.
1251 487 1319 512 nos
1349 481 1432 512 tuos
1463 474 1701 522 recognosce.

360 567 464 600 Grad.
490 578 552 599 ms.
579 565 836 605 Secovienseff)
860 575 950 597 saec.
977 563 1028 596 12.
1079 565 1161 598 Cod.
1186 564 1429 595 Vindobonen.
1457 561 1584 596 13314.
1610 565 1650 595 A.
1667 581 1710 585 —
1727 566 1824 597 Miss.

268 626 330 646 ms.
357 614 564 646 Secoviense
591 622 679 643 saec.
708 609 759 642 12.
809 611 890 642 Cod.
918 611 1085 642 Graeeen.
1110 608 1187 642 769.
1212 610 1252 641 Β.
1277 627 1320 630 -
1345 610 1443 640 Miss.
1469 620 1531 640 ms.
1557 610 1824 642 Sitanstettense

266 670 355 691 saec.
383 656 434 689 12.
483 657 566 691 Cod.
594 656 834 688 Sitanstetten.
859 656 952 687 XIV.
979 656 1016 688 C.
1042 673 1084 677 ——
1109 656 1207 687 Miss.
1233 665 1296 686 mS.
1320 654 1507 686 Garstense
1532 664 1621 686 saec.
1648 652 1698 686 12.
1740 655 1823 687 Cod.

264 705 408 736 Lincen.
436 706 483 735 Γο
511 701 562 734 15.
589 703 630 734 D.
651 719 695 723 —-
712 702 810 732 Miss.
837 712 899 732 ms.
919 701 1107 733 Garstense
1132 710 1221 732 saec.
1249 697 1300 731 12.
1327 696 1397 740 [13.
1421 703 1454 731 et
1473 696 1540 741 14.]
1579 700 1663 732 Cod.
1682 701 1824 732 Lincen.

265 753 315 792 Pp
344 748 396 781 17.
421 749 463 780 E.
491 765 533 769 ——
558 747 661 779 Grad.
686 757 748 777 ms.
775 747 1029 778 Ottoburanum
1055 755 1144 777 saec.
1174 743 1223 776 12.
1252 745 1351 778 ,Clm.
1374 745 1554 776 Monacen.
1580 743 1707 777 27130.
1725 746 1763 777 F.
1780 763 1825 767 —

264 791 372 827 Grad.
396 796 431 826 et
455 794 609 825 Sacram.
635 794 787 823 incertae
813 793 900 832 orig.
927 793 1009 822 anni
1037 789 1133 822 1151.
1174 790 1258 822 Cod.
1284 789 1536 830 stuttgardien.
1561 790 1651 821 Bibl.
1678 790 1751 822 Fol.
1769 788 1823 822 20.

264 841 305 873 G.
331 857 373 862 ·-
407 838 511 872 Grad.
545 848 607 869 ms.
640 838 673 868 S.
707 837 837 869 Albani
868 837 1045 867 Mosacen.
1079 846 1167 867 saec.
1202 832 1254 867 13.
1288 836 1334 866 in.
1380 835 1463 867 Cod.
1496 835 1667 867 Oxonien.
1693 834 1823 868 Canon.

263 886 334 917 Lit.
360 882 437 917 340.
463 884 508 915 H.
536 902 579 905 —
605 882 748 914 Collect.
774 891 835 912 ms.
862 881 1132 914 Scheftlariense
1158 891 1246 912 saec.
1273 878 1325 911 13.
1352 877 1401 921 [et
1429 877 1496 922 12]
1536 880 1623 912 Clm.
1641 881 1823 913 Monacen.

265 927 392 962 17212.
433 929 510 960 add.
548 938 637 959 saec.
676 925 726 959 13.
760 928 807 958 in.
842 927 870 958 I.
902 943 944 948 —
977 927 1074 957 Miss.
1108 937 1170 957 ms,
1205 925 1439 957 Admuntense
1472 935 1560 956 saec..
1598 923 1683 957 ¹3l14.
1739 926 1824 959 Cod.

265 976 471 1007 Admunten.
507 971 582 1005 751.
614 973 691 1004 add.
725 982 814 1003 saec.
853 970 903 1003 14.
935 973 978 1003 Κ.
1004 989 1047 992 -
1071 971 1170 1002 Miss.
1203 981 1264 1001 ms.
1290 970 1491 1002 Mellicense
1524 981 1612 1002 saec.
1641 969 1691 1002 14.
1739 971 1822 1003 Cod.

263 1021 438 1052 Mellicen.
476 1017 571 1051 1057.
605 1019 646 1050 L.
674 1035 718 1039 —
745 1018 842 1049 Mis-s.
875 1028 937 1048 ms.
969 1017 1172 1048 Mellieense
1204 1026 1294 1047 saec.
1331 1014 1381 1046 15.
1430 1015 1513 1047 Cod.
1538 1016 1711 1052 Mellieen.
1745 1014 1822 1048 991.

265 1067 312 1098 M.
338 1083 381 1087 —
407 1066 503 1096 Miss.
537 1074 600 1096 ms.
635 1063 927 1095 Lambrechtense
961 1072 1050 1093 saec.
1086 1060 1137 1093 15.
1186 1061 1269 1093 Cod.
1294 1061 1460 1093 Graecen.
1491 1059 1563 1093 115.
1589 1062 1631 1094 N.
1656 1079 1701 1083 —
1724 1062 1823 1093 Miss.

266 1122 328 1143 ms.
354 1111 591 1142 Admuntense
616 1110 698 1140 anni
727 1106 823 1139 1485.
874 1107 957 1140 Cod.
983 1107 1188 1138 Admunten.
1216 1104 1292 1137 692.
1317 1107 1356 1138 Ο.

356 1154 418 1193 21),
447 1153 462 1186 1
490 1155 633 1186 Domini
658 1154 739 1193 KO3
764 1154 920 1184 nascitur
944 1153 1005 1184 DI.
1031 1169 1075 1173 —-
1099 1150 1161 1190 2b,
1188 1149 1208 1183 2
1235 1162 1275 1183 ex
1301 1155 1334 1182 te
1357 1150 1443 1183 fehlt
1460 1151 1539 1182 LM.
1555 1169 1600 1172 —
1617 1149 1677 1190 2b,
1703 1149 1723 1183 5
1749 1161 1824 1184 esse

266 1201 524 1233 misericordem
550 1200 591 1231 N.
618 1217 659 1221 —
685 1196 746 1235 33,
773 1196 793 1229 3
817 1207 963 1239 generas
989 1197 1096 1228 ENO.
1122 1215 1163 1218 —
1187 1195 1250 1234 3b,
1280 1195 1294 1227 1
1322 1201 1421 1237 porta
1446 1197 1540 1228 vitae
1566 1197 1644 1228 HN.
1661 1213 1705 1218 —
1722 1194 1784 1235 3b,
1803 1194 1824 1228 2

266 1247 308 1278 ad
334 1247 426 1278 viam
452 1246 494 1276 K.
520 1262 564 1266 —
589 1243 650 1282 41),
680 1243 694 1276 1
722 1244 816 1274 Hine
841 1243 941 1275 nobis
967 1243 1080 1276 DEO:
1107 1242 1165 1274 Sic
1190 1247 1223 1274 et
1248 1242 1350 1273 nobis
1369 1243 1410 1273 N.
1435 1259 1479 1262 —
1502 1240 1566 1280 4b,
1591 1240 1612 1273 3
1637 1252 1678 1273 30
1702 1243 1823 1273 mortis

264 1292 423 1324 examine
448 1290 594 1329 ACGH3
621 1300 660 1321 30
686 1290 806 1320 mortis
835 1290 870 1319 in
895 1288 1054 1319 examine
1071 1288 1115 1319 N.
1132 1305 1176 1310 ——
1192 1286 1411 1318 Wiederholt
1436 1297 1498 1318 aus
1523 1287 1624 1318 Anal.
1648 1288 1721 1325 XL,
1749 1285 1822 1320 115.

613 1422 695 1457 ⁶283.
734 1422 814 1463 (20.)
849 1422 894 1456 In
919 1420 1051 1456 saneti
1075 1420 1191 1455 Petri
1217 1420 1267 1455 ad
1292 1419 1476 1456 Vincula.

738 1506 775 1544 1.
822 1503 1052 1541 Benedictus
1083 1503 1266 1540 Dominus

824 1561 926 1598 Deus
958 1560 1091 1607 Israel,

824 1617 887 1663 qui
919 1616 1040 1653 erexit
1070 1616 1178 1653 nobis

824 1684 940 1710 cornu
972 1672 1118 1710 salutis.

264 1748 335 1785 2a.
381 1745 478 1781 Nam
511 1744 645 1780 salutis
678 1753 805 1788 cornu,
1082 1739 1156 1780 2b.
1200 1739 1396 1776 Ventilans
1427 1739 1613 1776 destruxit

376 1801 471 1838 fides
503 1800 609 1838 Petri
640 1798 816 1846 apostoli,
1193 1796 1303 1833 huius
1334 1795 1545 1842 principem
1576 1797 1728 1835 saeculi.

262 1883 335 1921 33.
382 1880 473 1926 Quis
504 1882 573 1924 est,
605 1878 668 1925 qui
698 1877 816 1914 vincit
1079 1875 1153 1914 3b.
1194 1874 1278 1913 Nisi
1309 1874 1373 1922 qui
1401 1875 1535 1922 credit,

378 1937 479 1973 hunc
507 1935 686 1972 mundum
1191 1931 1291 1978 quod
1322 1932 1457 1969 Petrus

379 1998 415 2030 et
447 1993 526 2029 eius
557 1991 781 2038 principem,
1194 1987 1374 2025 confitens
1407 1986 1562 2024 docuit?

263 2075 334 2112 4a.
378 2072 447 2119 Tu,
480 2081 588 2118 quem
620 2071 790 2107 homines
1078 2067 1152 2106 4b,
1193 2067 1316 2113 Super
1347 2067 1516 2104 homines

375 2128 562 2166 hominem
596 2127 725 2164 dicunt
1191 2128 1303 2170 atque
1334 2123 1540 2170 prophetas

378 2185 569 2223 excelsum
1191 2191 1230 2217 es
1263 2180 1447 2225 Christus,

376 2242 473 2279 sieut
502 2252 616 2278 unum
648 2251 693 2277 ex
725 2238 935 2286 prophetis,
1191 2238 1354 2274 viventis
1385 2236 1455 2273 Dei
1486 2235 1598 2273 filius.

265 2325 336 2361 5a.
380 2321 534 2358 Fortior
564 2318 676 2356 inferi
1080 2315 1154 2355 5b.
1195 2317 1312 2362 Quam
1345 2325 1432 2352 caro
1463 2320 1498 2351 et
1529 2315 1680 2362 sanguis

378 2382 434 2414 est
463 2376 585 2426 portis
615 2376 708 2412 haee
739 2373 829 2411 fidei
1191 2383 1426 2419 nequaquam
1456 2371 1653 2420 revelavit,

377 2435 482 2471 clara
512 2431 712 2477 confessio,
1192 2428 1260 2465 sed
1291 2432 1401 2475 pater
1431 2427 1618 2466 caelestiS.

265 2517 336 2554 63.
377 2514 408 2551 A
443 2516 554 2559 petra
583 2511 743 2548 sumitur
1080 2508 1152 2547 61).
1195 2508 1300 2545 Haec
1331 2513 1388 2544 est
1420 2507 1578 2544 victoria

377 2580 512 2607 nomen
543 2567 661 2614 Petri,
1193 2564 1345 2601 vincens
1376 2564 1554 2601 mundum

378 2627 439 2673 qui
473 2626 622 2662 iunctus
652 2623 824 2670 angulari
1189 2620 1285 2658 fides
1315 2625 1457 2668 nostra,
1490 2620 1715 2667 deprompta

379 2681 500 2729 lapidi
1191 2688 1261 2724 per
1292 2678 1456 2723 Petrum,

377 2742 552 2785 portatur
1192 2744 1287 2780 quae
1317 2734 1468 2770 vincula

381 2799 417 2831 et
447 2798 576 2841 portat
1194 2790 1379 2834 dissolvit,

378 2856 604 2888 structuram
636 2849 781 2886 firmam
1191 2846 1368 2884 tenebras
1399 2845 1516 2893 fugat,

380 2908 494 2944 totius
527 2906 719 2944 ecclesiae.
1192 2903 1317 2950 aperit
1347 2912 1531 2940 carcereS.
