1914 3223
779 235 827 240 -
890 212 966 251 3:31
1033 234 1083 238 -—

251 327 300 363 15
349 324 510 367 Christe,
543 327 647 361 sator
679 325 770 368 veri,
804 336 872 371 per
901 327 1010 372 'quem
1042 330 1128 363 sunt
1158 327 1283 364 omnia
1316 338 1405 364 vera

412 381 463 418 Et
493 390 562 428 per
592 391 701 427 quem
733 382 883 427 sapiunt
918 384 1054 425 onmia,
1088 394 1182 429 quae
1213 386 1385 430 sapiunt,

355 437 516 483 Christe,
550 441 659 484 pater
691 438 868 482 clemens,
902 438 1147 485 perfectaque
1179 452 1397 486 summaque
1429 440 1520 487 vita,

408 494 488 540 Quo
520 494 612 530 vivit
643 505 798 543 summe,
833 495 959 532 vivere
989 496 1174 542 quidquid
1210 497 1343 540 liabet;

354 550 503 588 Christe
534 550 649 597 Deus,
682 551 786 588 cuius
818 552 933 588 totius
966 552 1138 589 machina
1169 554 1298 590 mundi

253 608 305 646 20
408 607 479 644 Est
510 617 677 654 regnum,
709 618 818 654 quem
851 619 923 644 non
955 619 1087 645 sensus
1116 608 1221 645 obire
1254 615 1400 657 potest3

354 664 504 702 Christe
536 664 649 711 Deus,
682 666 786 700 cuius
820 664 866 700 de
902 676 1016 711 regno
1049 665 1149 701 venit
1182 666 1218 702 in
1251 667 1324 703 ista

411 721 489 757 Lex
522 721 634 757 etiam
665 732 783 767 regna
813 721 1054 768 iustitiaeque
1087 722 1213 767 vigor3

354 776 516 824 Christe,
548 783 658 824 pater
691 777 867 824 clemens,
901 789 922 814 a
953 789 1025 824 quo
1059 779 1256 815 discedere
1288 791 1387 816 mors
1419 783 1487 827 est,

410 834 481 871 Est
510 834 549 870 in
580 845 689 881 quem
722 834 873 881 regredi
906 835 996 879 vita,
1030 845 1182 871 manere
1212 836 1338 883 salus;

255 891 306 928 25
356 890 505 928 Christe
538 890 651 938 Deus,
685 891 756 927 nisi
789 891 983 937 deceptus,
1017 901 1125 937 quem
1158 902 1267 928 nemo
1299 892 1490 941 relinquit,

408 948 538 994 Quem,
571 947 640 984 nisi
664 948 951 1000 praemonitus,
984 958 1169 994 quaerere
1201 959 1309 985 nemo
1342 949 1464 999 valet3

354 1003 516 1049 Christe,
548 1008 659 1050 pater
690 1004 868 1051 clemens,
901 1015 1009 1050 quem
1043 1016 1116 1041 non
1148 1005 1220 1041 nisi
1252 1005 1493 1050 justificatus,

410 1060 495 1098 Non
526 1061 597 1097 nisi
629 1061 831 1097 mundatus
864 1061 1023 1110 invenit,
1057 1061 1191 1097 invoco
1223 1066 1272 1100 te.

357 1117 519 1164 Christe,
551 1121 661 1164 pater
693 1118 869 1164 clemens,
902 1118 950 1153 ad
983 1129 1090 1164 quem
1125 1119 1356 1155 contendere
1386 1129 1526 1165 amare,

258 1174 309 1211 30
413 1173 464 1211 Et
494 1184 603 1221 quem
636 1175 856 1220 conspicere
888 1179 943 1210 est
975 1174 1069 1210 illud
1102 1174 1254 1223 habere,
1287 1176 1387 1222 quod
1421 1180 1499 1221 est3

360 1230 524 1276 Christe,
557 1231 654 1268 fides
686 1231 744 1267 cui
776 1242 843 1267 nos
878 1242 966 1267 vera
998 1232 1151 1279 excitat,
1189 1232 1302 1278 erigit
1333 1236 1367 1268 et
1401 1243 1500 1278 spes,

379 1312 383 1317 ι
412 1287 539 1334 iungit
569 1299 686 1334 amor,
719 1299 788 1335 per
820 1298 929 1333 quem
962 1287 1145 1324 vincimus
1177 1299 1288 1324 omne
1319 1289 1480 1335 malum3

360 1344 526 1389 Christe,
558 1349 668 1391 pater
699 1345 876 1393 clemens,
909 1344 972 1390 qui
1002 1355 1069 1381 nos
1102 1344 1316 1382 miserando
1349 1345 1499 1382 reducis

413 1401 477 1439 Ad
508 1405 557 1449 te,
591 1401 655 1448 qui
687 1411 776 1438 vera
806 1401 931 1449 ianua,
965 1401 1055 1447 vita,
1088 1401 1150 1438 via
1180 1412 1242 1450 es3

264 1459 315 1496 35
365 1457 515 1495 Christe
546 1458 662 1503 Deus,
694 1457 850 1504 proprio
881 1458 943 1504 qui
976 1469 1042 1494 nos
1076 1458 1244 1504 dignaris
1276 1458 1417 1494 honore

419 1515 565 1561 Quique
596 1515 802 1551 coheredes
834 1526 900 1551 nos
933 1513 1027 1551 facis
1059 1525 1140 1551 esse
1171 1520 1276 1565 tu0s3

363 1572 444 1609 Pax
475 1582 570 1620 mea,
602 1571 684 1608 laus
715 1581 809 1617 mea,
842 1581 928 1617 spes
959 1582 1055 1618 mea,
1086 1581 1146 1607 res
1177 1582 1272 1617 mea,
1305 1572 1369 1607 lux
1400 1582 1495 1619 mea,
1528 1571 1689 1623 Christe,

415 1626 610 1675 Glorifico,
643 1639 806 1665 veneror
836 1632 886 1675 te,
920 1627 1116 1670 benedico,
1151 1628 1246 1665 colo.

358 1684 413 1721 Te
445 1684 566 1721 solum
592 1685 726 1729 laetor,
760 1690 796 1721 te
827 1685 946 1721 solum
977 1686 1135 1731 gaudeo,
1168 1684 1288 1720 solum

263 1742 315 1779 40
418 1742 656 1789 Amplector,
688 1741 808 1791 cupio,
846 1742 974 1788 diligo,
1008 1752 1159 1790 quaer-0,
1193 1751 1341 1787 sequor.

252 1841 335 1874 Cod.
361 1842 523 1874 Casinen.
556 1839 633 1873 280.
666 1852 755 1873 saec.
786 1839 836 1873 11.
864 1841 920 1872 fol.
948 1839 1030 1873 73b.
1058 1852 1132 1883 sqq.
1157 1859 1201 1864 —
1229 1841 1484 1873 Vorstehendes
1512 1843 1568 1873 ein
1595 1841 1723 1873 Bruch-

153 1887 254 1919 stiick
289 1897 351 1919 aus
383 1888 479 1918 einer
515 1887 680 1927 liingeren
715 1888 856 1925 „Oratio
886 1897 947 1918 seu
972 1887 1145 1918 confessio
1171 1884 1335 1918 metrica“
1372 1888 1435 1918 mit
1464 1887 1541 1918 dem
1566 1887 1726 1929 Anfange

151 1933 309 1964 Prisca
341 1932 494 1964 lavans
529 1934 736 1974 proprio,
767 1932 837 1974 vgl.
872 1931 1032 1973 Ughelli,
1067 1932 1172 1963 ltalia
1206 1933 1313 1963 Sacra
1344 1932 1397 1971 II,
1434 1931 1520 1964 1115
1550 1943 1600 1975 sq.
1651 1933 1724 1963 Das

153 1978 290 2015 Gazae,
324 1979 380 2009 ein
405 1978 536 2019 Dialog
567 1977 738 2009 zwisehen
764 1977 840 2009 dem
868 1977 1043 2009 Betenden
1070 1977 1138 2008 und
1164 1978 1324 2009 Christus
1352 1977 1483 2010 konnte
1510 1978 1564 2009 ich
1590 1977 1724 2019 ftiglich

152 2023 250 2055 nieht
276 2023 493 2061 aufnehmen,
520 2023 614 2054 (liese
640 2022 970 2054 charakteristische
989 2023 1108 2054 Partie
1135 2022 1270 2054 moehte
1288 2023 1343 2054 ich
1361 2023 1458 2054 nieht
1475 2025 1614 2055 missen.
1654 2024 1721 2055 Die

153 2079 229 2100 zum
254 2069 332 2101 Teil
366 2068 633 2100 sinnstiirenden
659 2068 858 2100 Lesefehler
883 2068 1042 2110 Ughellis
1078 2068 1152 2100 hier
1184 2079 1224 2099 zu
1252 2068 1480 2100 verzeichnen
1505 2069 1566 2100 hat
1592 2068 1720 2100 keinen

153 2113 288 2146 Zweck.

383 2214 464 2250 256.
501 2214 558 2256 (2.)
594 2213 793 2258 Loquitur
818 2214 950 2249 Maria
974 2213 1090 2256 virgo
1118 2214 1168 2248 ad
1193 2214 1322 2249 Iesum
1347 2214 1500 2249 natum.

366 2309 445 2346 Has
479 2309 610 2345 mundi
642 2308 820 2345 tenebras
851 2313 980 2345 noster
1011 2307 1106 2345 bene
1137 2308 1286 2345 veneris
1316 2306 1442 2344 infans

368 2366 515 2416 Visere,
549 2365 612 2412 qui
643 2365 720 2402 lato
752 2364 932 2402 diffundis
963 2364 1105 2401 lumina
1137 2365 1255 2402 caelo.

364 2422 441 2459 Fili
472 2422 546 2458 mei
576 2421 706 2469 filique
737 2422 821 2467 Dei,
854 2432 972 2458 novus
1004 2422 1142 2469 accola,
1178 2421 1296 2459 salve.

366 2478 441 2516 Sed
472 2479 567 2525 quis,
600 2489 672 2525 quo
705 2489 901 2527 properas,
936 2489 1090 2524 compar
1117 2478 1309 2527 genitoris,
1343 2477 1391 2514 ab
1422 2477 1500 2515 alto

303 2538 324 2574 5
367 2535 588 2583 Prosiliens,
620 2546 692 2582 quo
725 2540 812 2572 nate
844 2534 978 2572 venis?
1010 2535 1073 2581 qui
1104 2535 1182 2571 lata
1214 2534 1385 2580 polorum

362 2592 515 2640 RepIes,
548 2592 696 2628 telluris
727 2592 831 2628 sinus
863 2591 924 2628 hic
955 2602 1061 2637 mage
1093 2591 1304 2638 complacet
1334 2588 1472 2627 artus?

363 2649 548 2687 Concludi
578 2660 666 2685 num
699 2647 796 2685 forte
829 2649 946 2693 venis,
979 2648 1042 2694 qui
1074 2647 1147 2684 tine
1179 2646 1365 2684 carebas?

359 2705 430 2753 Qui
461 2710 565 2742 stans
597 2709 731 2742 cuncta
761 2715 901 2751 moves,
936 2704 1071 2741 venisti
1098 2704 1136 2740 in
1169 2714 1282 2740 carne
1313 2701 1486 2740 moveri?

363 2762 434 2808 Qui
465 2762 564 2809 geris
595 2762 633 2798 in
666 2762 801 2799 dextra
832 2761 1046 2798 mundanae
1077 2760 1248 2806 pondera
1279 2759 1400 2808 molis,

279 2820 330 2857 10
372 2819 547 2856 Ancillae
578 2818 803 2865 tremulique
833 2818 933 2854 senis
966 2816 1166 2863 portabere
1198 2816 1352 2863 palma?

367 2875 480 2913 Cuius
513 2875 717 2912 caelicolae
749 2878 955 2920 pascuntur
985 2883 1152 2918 munere,
1181 2884 1332 2920 parvaS,

360 2932 460 2978 Quas
491 2935 617 2969 tamen
648 2931 829 2977 implesti,
862 2930 1004 2976 placuit
1037 2929 1106 2966 tibi
1137 2940 1271 2977 sugere
1303 2927 1515 2966 mammas?
