1914 3223
755 198 806 201 ---
867 175 944 214 Sol
1010 198 1062 201 —--

169 290 206 330 ¹7.
240 288 398 336 Spretus
429 299 530 326 eram
562 293 600 325 et
630 288 799 326 abiectus
988 291 1026 328 9.
1058 290 1154 335 Quia
1185 301 1254 337 pro
1286 294 1321 326 te
1352 300 1500 336 pauper
1532 295 1652 340 natus,

297 345 424 383 Veluti
457 355 522 382 vas
550 345 755 391 perditum,
1054 385 1060 390 ,
1113 347 1170 384 Tu
1202 346 1336 383 ditaris
1367 347 1525 394 meritis,

239 400 369 449 Sputis
400 412 444 439 ac
475 401 598 448 plagis
628 401 798 449 affectus,
1058 404 1152 449 Quia
1184 415 1252 450 pro
1284 408 1320 439 te
1350 403 1552 449 cruciatus,

294 458 399 496 Mala
430 457 556 495 ferens
587 458 762 508 omnium,
1113 460 1170 496 Tu
1200 459 1360 506 quitaris
1393 459 1530 496 debitis

238 516 290 554 Ut
322 515 518 562 reprobus,
553 525 626 552 non
662 515 804 552 electus
1057 516 1116 565 Et,
1150 517 1238 563 quia
1268 515 1512 563 glorificatus.

294 572 339 609 In
370 571 488 608 oculis
521 571 734 621 hominum3
1114 572 1316 610 Coronaris
1347 573 1549 619 praemiis;

295 628 352 678 Id,
386 628 510 678 homo,
541 638 612 674 pro
642 632 679 665 te
709 632 842 666 totum.
1110 630 1221 676 Quid,
1252 629 1373 678 hoino,
1398 629 1488 666 mihi
1512 641 1581 676 pro
1603 629 1690 666 his?

166 731 205 771 8.
238 730 314 767 Pro
353 734 390 766 te
420 729 538 776 pedes
568 741 638 777 pro
669 733 706 766 te
737 741 869 767 manus
958 731 1021 770 10.
1054 731 1256 777 Ocaritas
1287 731 1470 777 inaudita,

293 785 494 825 Perfossae
525 786 756 833 saevissime,
1111 788 1140 825 Ο
1172 788 1362 834 stupenda
1392 789 1526 837 pietas,

238 843 365 890 Spinis
397 847 522 892 caput,
556 853 644 880 ense
676 844 775 881 latus
1054 844 1200 881 Deitati
1230 844 1331 891 quod
1362 845 1467 882 unita

295 900 541 938 vulneratum
574 900 702 946 impie,
1113 901 1200 938 Mea
1228 902 1277 937 sit
1308 901 1543 938 humanitas!

237 956 420 1003 Felleque
450 967 520 1003 pro
552 961 589 993 te
619 960 785 1003 potatus.
1056 957 1157 994 Hinc
1185 957 1255 995 tibi
1285 958 1335 994 sit
1367 957 1516 995 infinita

295 1012 504 1051 Crucifixus
535 1013 722 1060 undique;
1113 1014 1226 1061 Laus⁷
1260 1015 1449 1064 maiestas,
1483 1015 1650 1063 clarium,

294 1070 369 1115 Sic,
402 1069 524 1116 homo,
558 1070 675 1107 dilexi
706 1073 755 1108 te.
1114 1071 1144 1109 O
1176 1070 1288 1108 beata
1318 1071 1491 1108 trinitas!

216 1171 463 1203 carolsruhan.
488 1168 565 1203 368.
591 1171 631 1202 A.
657 1187 700 1192 —
727 1170 891 1203 Zwollen.
917 1168 995 1203 434.
1021 1172 1059 1203 Β.
1085 1189 1129 1192 -
1152 1168 1192 1209 2,
1218 1168 1239 1202 2
1264 1174 1297 1203 te
1322 1171 1408 1203 fehlt
1432 1172 1478 1211 A3
1515 1172 1556 1203 de
1583 1172 1691 1203 nihilo

124 1217 164 1248 B.
191 1234 234 1237 —
258 1214 290 1248 2.
325 1215 344 1247 6
371 1216 499 1259 anguio
527 1218 564 1248 B.
590 1233 633 1238 -
658 1214 690 1255 5,
724 1215 745 1248 5
771 1217 889 1248 ablato
914 1218 953 1248 B.
979 1234 1023 1238 —
1052 1214 1102 1253 10,
1129 1214 1149 1248 2
1175 1216 1423 1259 Stupendaque
1449 1218 1560 1259 pietas
1586 1219 1625 1248 Γ».
1652 1235 1695 1239 —-

127 1259 187 1300 10,
222 1260 243 1294 3
266 1262 471 1304 Deitatique
495 1262 536 1293 A.
568 1279 609 1283 —
645 1260 702 1299 10,
737 1260 758 1294 4
783 1263 833 1294 sie
858 1261 901 1293 A.
927 1281 970 1285 —
995 1263 1064 1294 Die
1090 1262 1243 1294 Melodie
1273 1262 1333 1294 des
1359 1262 1485 1294 Liedes
1517 1263 1606 1295 nach
1632 1263 1691 1294 AB

123 1307 265 1340 Corde
290 1310 419 1339 natus
445 1317 493 1339 ex
518 1308 731 1349 parentis;
758 1308 813 1340 die
839 1307 996 1340 siebente
1014 1307 1189 1340 Verszeile
1216 1309 1292 1339 tritt
1317 1308 1419 1340 dabei
1445 1318 1490 1340 an
1508 1309 1616 1341 Stelle
1632 1309 1692 1341 des

129 1353 366 1394 „saeculorum
393 1351 576 1385 saeculis.“

123 1520 205 1556 481.
242 1520 324 1561 (24.)
360 1521 416 1555 De
452 1520 680 1565 praecipuis
713 1520 923 1556 beneflciis
950 1520 1024 1556 Dei
1057 1521 1222 1565 hymnus
1248 1521 1476 1564 gratiarum
1503 1523 1693 1559 actionis.

444 1639 479 1677 1.
513 1637 780 1675 ereaturarum
811 1637 977 1675 omnium
1009 1637 1145 1675 merita

514 1694 632 1731 Simul
662 1694 700 1731 in
731 1705 844 1731 unum
876 1694 909 1731 si
940 1693 1065 1732 forent
1097 1700 1286 1744 congesta,

514 1750 645 1788 Laude
676 1751 875 1798 nequirent
906 1750 1039 1788 efferre
1070 1755 1107 1788 te
1138 1752 1264 1800 digna,

571 1808 740 1845 Trinitas
771 1812 915 1846 sancta.

446 1912 485 1949 2.
517 1911 620 1956 Quae
651 1909 832 1947 bonitatis
860 1913 948 1947 tuae
980 1910 1134 1948 divitias

514 1967 679 2004 Abunde
711 1967 804 2004 satis
830 1967 870 2004 in
900 1967 1051 2004 homine
1082 1972 1282 2017 monstras,

515 2024 631 2070 Quem
663 2034 756 2070 prae
787 2023 925 2061 creatis
958 2024 1028 2061 tibi
1060 2024 1274 2061 consimilas

570 2082 628 2118 Ae
659 2081 820 2118 multum
851 2091 968 2120 amas,

444 2184 482 2221 3.
515 2184 702 2229 Quantum
733 2182 869 2220 amasti
899 2183 1000 2220 hunc
1031 2194 1147 2230 supra
1177 2183 1364 2221 meritum.

517 2240 601 2277 Hoc
632 2240 837 2277 declarasti
867 2243 920 2289 tu,
949 2244 1059 2287 pater
1088 2240 1266 2288 onmium,

516 2297 611 2342 Quia
643 2297 792 2334 donasti
826 2308 896 2343 pro
927 2297 1006 2334 vita
1036 2297 1228 2334 hominum

573 2354 694 2390 Tuum
724 2352 857 2394 filium,

446 2458 484 2494 4.
517 2457 637 2502 Quam
669 2455 989 2503 amplectendum,
1021 2456 1122 2502 quod
1154 2457 1278 2493 lumen
1312 2456 1463 2493 luminis

378 2513 380 2515 ’
517 2512 718 2559 Patrisque
751 2512 907 2549 verbum
937 2516 1048 2550 natus
1079 2513 1131 2549 sis
1164 2513 1333 2560 virginis,

519 2569 570 2607 Ut
602 2579 671 2616 per
701 2574 738 2606 te
768 2569 890 2616 ipsum
925 2580 1123 2606 succurras
1156 2570 1317 2616 perditis

574 2626 684 2663 Adae
715 2626 821 2663 filiis!

450 2731 484 2766 5.
519 2727 615 2765 Nam
647 2729 807 2766 caritate
837 2732 901 2765 tua
931 2738 1025 2775 prae
1055 2728 1169 2764 nimia

519 2784 577 2822 De
608 2788 798 2831 potestate
828 2784 926 2822 liber
956 2785 1152 2832 tyrannica

519 2842 600 2879 Iam
632 2841 816 2889 dignitate
848 2839 954 2879 fruor
985 2840 1120 2878 deifica

577 2897 652 2934 Diu
683 2898 847 2944 perdita.
