2031 3289
889 197 1195 239 —376—

413 316 450 354 8.
493 316 584 353 Alta
615 324 729 361 super
760 313 883 350 caelos
914 312 1072 359 gemitus
1102 311 1268 348 attendis
1297 311 1465 356 anhelos,

492 372 546 408 Te
576 371 685 418 polus
716 369 906 418 implorat,
940 378 1043 405 mare
1073 368 1202 415 servit,
1232 367 1394 404 mundus
1424 368 1572 416 adorat,

490 427 694 474 Angelicus
726 431 854 463 coetus
886 425 1017 472 pangit
1046 428 1109 461 tua
1139 424 1266 461 munia
1297 424 1439 472 laetus,

490 484 544 520 Te
575 493 687 529 prece
719 482 904 528 condigna
936 481 1108 531 petimus,
1143 479 1303 517 famulos
1334 490 1433 530 rege,
1466 479 1584 526 signa.

407 598 444 634 9.
490 596 617 633 Morte
647 594 911 641 gravabamur,
944 594 1011 631 sed
1041 597 1078 630 te
1109 593 1301 630 relevante
1330 593 1512 640 levamur,

490 652 587 689 Dum
618 662 719 688 mors
752 650 914 698 vivebat,
947 650 1078 687 mortis
1108 660 1176 686 nos
1207 649 1285 685 vita
1315 649 1524 695 premebat,

490 708 595 745 Mors
626 708 724 744 iacet
755 708 954 755 exstincta,
988 717 1056 753 per
1086 710 1125 742 te
1155 710 1242 742 sunt
1273 706 1398 742 vincla
1428 705 1624 752 revincta,

490 764 560 801 His
593 775 719 802 sumus
750 764 851 800 exuti
883 774 952 809 per
981 768 1029 811 te,
1064 763 1179 799 simus
1210 773 1300 808 ergo
1331 762 1456 800 soluti.

358 875 499 907 Collect.
533 886 596 906 ms.
621 875 834 916 Tegurinum
864 884 953 906 saec.
981 871 1032 906 12.
1083 873 1169 906 Clm.
1192 875 1372 905 Monacen.
1402 870 1519 904 18580
1543 872 1584 904 A.
1608 889 1652 893 —
1677 871 1820 905 Collect.

266 932 329 953 ms.
355 921 515 954 Roffense
545 930 632 952 saec.
664 919 714 952 1⁴2.
766 920 848 952 Cod.
874 919 1042 951 Oxonien.
1068 919 1180 950 Laud.
1209 918 1355 950 Miscell.
1380 916 1434 950 40.
1462 920 1497 950 Β.
1523 935 1567 939 -
1592 917 1732 950 Collect.
1760 928 1821 948 ms.

265 969 479 998 Burtonense
502 976 591 997 saec.
614 964 663 996 13.
705 964 788 997 Cod.
805 965 999 996 Londinen.
1018 965 1121 1006 Vesp.
1139 964 1169 995 Ε
1188 965 1252 995 ΙΠ.
1271 964 1308 996 C.
1326 981 1370 984 —
1387 963 1529 995 Collect.
1556 973 1617 994 ms.
1636 963 1822 1004 Anglicum

268 1022 357 1044 saec.
392 1010 442 1044 13.
493 1011 575 1043 Ood.
609 1011 778 1042 Oxonien.
812 1010 921 1041 Laud.
955 1010 1103 1041 Miscell.
1136 1007 1213 1042 500.
1238 1010 1281 1040 D.
1306 1026 1350 1030 —
1374 1009 1516 1040 Collect.
1550 1019 1612 1039 ms.
1638 1008 1822 1050 Anglicum

266 1068 353 1089 saec.
384 1055 434 1089 13.
483 1056 566 1088 Cod.
600 1057 768 1088 Oxonien.
801 1056 919 1096 Digby
950 1053 1002 1086 65.
1029 1055 1070 1087 Ε.
1095 1072 1138 1076 -
1162 1054 1257 1086 Orat.
1288 1065 1350 1085 ms.
1375 1054 1588 1095 'regin-inum
1615 1054 1698 1085 anni
1726 1050 1822 1084 1469.

264 1102 351 1134 Clm.
375 1103 554 1134 Monacen.
582 1099 711 1133 20124.
736 1101 773 1132 F.

355 1146 385 1187 2,
416 1147 430 1179 1
456 1148 586 1188 ubique
612 1147 648 1177 F.
675 1163 712 1167 -
742 1144 774 1184 3,
803 1145 818 1177 1
845 1147 919 1178 Rex
943 1156 1020 1177 cum
1045 1148 1079 1177 te
1103 1145 1145 1176 Ε.
1170 1162 1215 1166 —
1239 1142 1270 1183 3,
1296 1143 1316 1176 3
1341 1144 1433 1176 hunc
1450 1144 1490 1176 Ε.
1516 1162 1557 1166 —-
1583 1142 1615 1181 4,
1642 1142 1658 1175 1
1677 1143 1823 1175 scelera-

263 1196 368 1234 taque
392 1194 432 1224 Β.
457 1210 500 1214 -
525 1191 564 1230 4,
590 1190 610 1224 3
636 1202 676 1223 ac
701 1191 781 1223 sede
806 1192 848 1223 D.
874 1208 917 1212 —
941 1189 973 1230 4,
1003 1189 1024 1222 4
1047 1191 1130 1222 Vita
1154 1200 1340 1232 precesque
1366 1190 1415 1229 D,
1449 1189 1524 1221 illic
1548 1189 1646 1221 ACF.
1676 1206 1717 1211 --
1745 1187 1776 1228 5,
1805 1187 1822 1221 1

265 1239 366 1270 Certe
390 1240 464 1270 vita
488 1238 527 1269 A.
555 1255 600 1260 —
626 1235 657 1275 5,
683 1234 703 1267 2
731 1237 857 1268 seclusi
882 1237 928 1276 B,
956 1237 1172 1278 recipiuntur
1194 1235 1235 1267 E.
1261 1253 1307 1256 —
1331 1234 1363 1273 5,
1388 1232 1409 1266 3
1433 1236 1540 1266 simus
1558 1235 1662 1266 ADF.
1688 1251 1733 1255 -—
1753 1231 1784 1274 6,
1806 1232 1822 1266 l

264 1284 419 1315 barathri
445 1283 544 1315 datos
570 1283 647 1322 AF,
682 1282 838 1314 barathri
864 1282 1035 1313 claustros
1060 1281 1133 1313 BD.
1160 1300 1201 1304 -—
1228 1279 1265 1319 7,
1300 1278 1315 1311 1
1342 1283 1456 1311 tumor
1480 1282 1518 1312 B.
1544 1298 1589 1301 -—
1613 1278 1651 1318 7,
1676 1277 1696 1310 2
1720 1281 1824 1311 timor

264 1330 337 1363 AF:
371 1329 560 1371 gentilibus
589 1329 625 1359 F.
652 1345 696 1348 —
724 1326 762 1366 7,
795 1325 816 1359 3
849 1328 946 1366 Quae
972 1328 1068 1368 prius
1094 1327 1137 1366 F,
1169 1327 1266 1367 prius
1294 1327 1403 1358 errori
1428 1326 1478 1365 D,
1514 1336 1584 1357 non
1609 1328 1660 1357 est
1685 1325 1754 1356 AF.
1779 1342 1823 1346 —

264 1373 296 1413 8,
320 1372 341 1406 2
367 1376 458 1406 servi
482 1375 525 1405 D.
550 1392 594 1396 —
618 1370 649 1410 8,
675 1371 696 1404 3
720 1376 781 1404 tua
805 1373 949 1403 numina
974 1372 1052 1412 DF,
1088 1375 1206 1403 coetus
1231 1372 1368 1413 peragit
1392 1371 1466 1403 DE.
1492 1388 1537 1391 —
1561 1368 1593 1409 9,
1623 1369 1639 1402 1
1666 1371 1823 1402 relevare

266 1421 308 1452 D.
337 1437 375 1442 —-
402 1418 432 1458 9,
458 1417 479 1452 3
504 1420 634 1450 revicta
659 1419 710 1458 D,
737 1428 853 1449 sumus
879 1427 959 1458 ergo
986 1416 1022 1449 C.

578 1609 659 1644 290.
696 1609 753 1649 (4.)
790 1608 1021 1643 Tristichon
1046 1607 1096 1642 ad
1125 1608 1307 1643 sanctam
1334 1606 1514 1642 Crucem.

445 1727 480 1765 1.
527 1726 556 1763 Ο
589 1736 692 1774 cmx,
729 1723 918 1762 vivificum
950 1735 1045 1771 quae
1074 1725 1223 1772 pondus
1254 1723 1465 1760 sustinuisti

524 1783 574 1819 Et
605 1786 760 1828 portare
788 1781 908 1818 Deum
938 1791 1020 1817 cum
1053 1791 1211 1827 corpore
1242 1779 1487 1827 promeruisti

524 1838 709 1885 Nudaque
739 1837 921 1874 nudatum
952 1837 1103 1874 Domini
1134 1847 1270 1884 corpus
1299 1836 1478 1884 tetigisti,

445 1943 482 1979 2.
529 1940 558 1976 O
591 1950 694 1988 crux,
728 1950 823 1985 quae
858 1939 1019 1985 pretium
1052 1938 1182 1975 mundi
1203 1938 1414 1985 ,benedicta
1443 1937 1564 1974 tulisti

528 1996 580 2033 Et
610 1996 766 2033 rubeum
797 1995 911 2033 rubra
942 1996 1097 2033 calicem
1129 1995 1175 2032 de
1206 1995 1283 2031 vite
1313 1994 1455 2042 bibisti,

524 2053 754 2099 Expugnare
782 2053 902 2089 malos
932 2052 1002 2089 hoc
1033 2052 1214 2099 sanguine
1245 2050 1502 2097 praevaluisti,

442 2158 480 2194 3.
526 2155 555 2193 O
588 2166 680 2191 crux
711 2154 903 2191 Iudaicam
937 2152 1124 2190 feritatem
1158 2152 1370 2203 deseruisti,

527 2211 739 2248 Ecclesiam
770 2209 934 2248 fundans
965 2210 1124 2257 gentiles
1155 2209 1355 2246 edomuisti

527 2268 578 2305 Et
610 2267 770 2304 domitos
802 2267 952 2304 Christo
983 2265 1072 2303 fidei
1104 2266 1270 2314 lymphis
1299 2266 1475 2312 genuisti.

445 2372 484 2408 4.
530 2369 560 2407 Ο
589 2380 693 2414 crux,
725 2378 820 2415 quac
852 2368 1029 2406 Satanam
1063 2368 1109 2405 de
1139 2367 1313 2414 gentibus
1344 2367 1402 2404 his
1434 2367 1633 2417 pepulisti,

529 2425 788 2471 Mysterioque
820 2425 941 2462 crucis
973 2435 1098 2461 veram
1130 2424 1298 2461 subolem
1330 2424 1512 2471 peperisti

535 2482 586 2519 Et
617 2481 743 2528 regale
773 2491 889 2528 genus
922 2481 969 2518 de
999 2481 1118 2518 servis
1148 2480 1366 2528 instituisti3

457 2588 493 2623 5.
540 2585 570 2622 O
602 2594 707 2626 crux,
739 2588 826 2620 ante
857 2588 993 2619 metum
1026 2583 1238 2620 viventibus
1268 2582 1484 2632 exhibuisti,

542 2641 667 2678 Morte
697 2645 846 2677 sacrata
877 2640 947 2677 Dei
977 2644 1122 2676 terrore
1152 2639 1251 2676 malo
1281 2639 1448 2686 caruisti,

535 2698 635 2743 Ergo
666 2696 806 2743 places,
838 2708 860 2733 o
892 2707 996 2741 crux,
1028 2707 1123 2743 quae
1153 2695 1341 2742 quondam
1375 2694 1615 2741 displicuisti.

450 2800 487 2837 6.
533 2799 562 2836 Ο
595 2809 698 2843 crux,
732 2799 828 2835 velle
858 2799 953 2835 mori
984 2809 1052 2845 pro
1082 2797 1227 2834 iustitia
1256 2796 1433 2834 monuisti

533 2855 584 2892 Et
615 2859 801 2892 tormenta
833 2855 910 2902 pati
943 2855 1082 2892 debere
1112 2859 1195 2890 tuos
1228 2853 1388 2891 docuisti

536 2912 836 2959 Aetliereamque
868 2912 1017 2949 domum
1049 2911 1141 2948 dare
1173 2916 1210 2948 te
1241 2910 1348 2947 nobis
1379 2906 1570 2955 pepigisti.
