1914 3223
703 150 1011 191 —321—

279 265 443 310 Propter
471 263 668 302 mortifera
699 264 811 310 primi
844 265 983 302 delicta
1013 265 1182 312 parentis
1221 276 1224 278 ·

194 321 245 359 10
277 320 414 357 Vivere
446 318 570 357 fecisti
600 321 768 367 pretioso
798 322 979 368 sanguine
1012 322 1166 366 Christi,

281 377 394 414 Cuius
426 376 462 413 in
494 376 660 414 adventu
688 378 866 414 mundum
898 382 1015 415 totum
1048 379 1246 424 reparasti,

279 433 393 472 Cuius
425 433 565 469 iudicio
597 438 812 470 statuentur
842 439 976 471 cuncta
1007 434 1074 471 sub
1107 446 1237 481 aequo,

280 489 341 527 Da
373 489 465 525 mihi
497 489 593 526 velle
622 489 773 535 bonum,
807 491 905 527 vires
936 491 985 528 ad
1018 490 1301 538 perficiendum.

278 546 374 583 Nam
407 546 488 582 sine
519 551 556 582 te
588 557 732 593 nequeo
764 547 821 582 vel
853 551 977 584 mente
1009 558 1206 594 capessere
1237 549 1454 595 quidquam,

193 604 243 641 15
278 602 335 639 Tu
367 602 439 639 nisi
471 603 536 639 des
570 608 706 652 votum,
741 601 956 641 frustrabor
986 605 1033 641 ad
1066 604 1190 641 omnia
1221 610 1374 643 motum.

281 659 391 697 Unde
423 659 527 698 mihi,
560 670 688 706 posco,
721 660 884 696 clemens
917 660 987 697 hoc
1017 671 1140 698 annue
1170 661 1305 709 primo,

281 716 360 762 Quo
392 714 565 762 proferre
596 727 728 762 queam
760 718 942 763 poscendi
973 717 1131 755 verbula
1162 722 1276 763 recte,

281 772 382 810 Exin
413 772 570 809 sinceris
602 773 791 820 precibus,
824 783 974 822 precor,
1006 779 1047 810 ut
1078 775 1162 820 pius
1191 776 1304 819 assim

278 828 337 866 Da
369 829 472 879 mihi,
507 840 659 876 quaeso,
692 829 819 873 fidem,
853 841 921 876 per
951 842 1060 877 quam
1093 835 1129 867 te
1159 841 1309 876 semper
1339 830 1493 868 adorem

195 886 248 924 20
280 886 433 932 Quaque
464 886 579 922 sciam
612 886 736 935 plane,
770 887 869 934 quod
902 887 1039 923 iustum
1071 888 1121 923 sit
1151 887 1208 924 vel
1240 887 1364 926 inane.

277 942 390 988 Spem
423 942 590 980 concede
621 943 710 979 mihi
739 943 866 989 talem,
900 954 987 991 spes
1015 945 1126 981 unica
1157 944 1290 992 nostri,

277 999 362 1039 Qua
391 998 549 1036 sufferre
580 1010 711 1046 queam
743 1000 844 1037 vitae
875 1001 1049 1037 caelestis
1081 1000 1279 1038 habenam.

276 1055 408 1093 Restat
437 1056 474 1093 in
507 1056 564 1092 his
595 1056 718 1102 prima
748 1056 880 1104 virtus,
913 1057 1066 1094 dilectio
1098 1057 1196 1103 bina,

274 1112 355 1159 Qua
385 1116 422 1149 te
454 1111 636 1150 factorem
669 1113 848 1150 debemus
877 1125 1004 1150 amare
1036 1114 1310 1160 hominemque,

192 1169 242 1206 25
276 1169 406 1214 Quam.
439 1169 554 1215 Deus,
586 1167 744 1206 infunde
774 1181 889 1217 super
918 1170 1051 1208 intima
1081 1170 1207 1208 cordis
1238 1170 1402 1208 abunde.

276 1226 364 1263 Non
396 1236 478 1262 mea
509 1237 625 1273 menS,
659 1237 810 1273 quaeso,
843 1227 1016 1264 laedatur
1046 1237 1150 1264 more
1179 1227 1357 1276 superbo,

275 1282 468 1320 Adveniat
498 1283 570 1319 rite
601 1288 725 1319 custos
757 1284 941 1329 patientia
973 1284 1082 1328 vitae,

275 1338 381 1376 Mors
414 1344 449 1375 et
482 1340 659 1387 perditio,
693 1339 866 1376 discedat
897 1351 1009 1377 caeca
1039 1340 1170 1380 libido.

274 1395 340 1432 Me
370 1406 528 1442 quoque,
561 1406 688 1443 posco,
721 1407 841 1443 regas,
874 1407 954 1433 curn
988 1397 1119 1434 videro
1150 1407 1209 1433 res
1240 1396 1396 1444 alienas,

193 1453 246 1492 30
278 1452 336 1489 Ne
367 1452 458 1499 quid
490 1453 526 1489 in
560 1453 617 1489 his
649 1458 781 1499 captus
812 1452 895 1490 fieri
927 1454 1136 1500 compellar
1166 1463 1316 1491 avaruS.

277 1509 362 1546 Non
395 1509 501 1546 cibus
531 1514 596 1546 aut
625 1516 736 1556 potus
768 1521 826 1547 me
858 1510 1047 1557 deprimat.
1076 1510 1360 1546 immoderatus.

275 1565 366 1611 Fac,
399 1576 547 1613 precor,
580 1570 617 1602 et
647 1571 770 1603 vestes
802 1572 1041 1604 contemnere
1072 1577 1131 1603 me
1162 1566 1364 1612 pretiosas,

276 1623 337 1660 Da
368 1623 500 1670 vigiles
531 1627 635 1659 artus
666 1623 713 1659 ad
747 1630 882 1660 cuncta
913 1624 967 1660 tui
999 1621 1203 1660 famulatus

276 1681 402 1726 Atque
433 1680 669 1726 quiescentes
701 1680 814 1716 solita
845 1680 892 1717 de
924 1678 1059 1717 fraude
1090 1684 1208 1729 tuere,

193 1737 244 1774 35
277 1736 335 1773 Ne
367 1742 547 1783 corrupta
579 1747 667 1773 caro
697 1747 827 1773 somno
858 1737 1034 1774 turbetur
1064 1747 1204 1775 amaro,

277 1792 361 1830 Sint
392 1794 524 1839 procul
554 1793 711 1838 invidia,
743 1793 938 1839 iactantia,
971 1794 1030 1839 lis,
1063 1793 1130 1830 sed
1163 1796 1201 1829 et
1231 1793 1301 1837 ira,

274 1849 355 1894 Nec
386 1849 498 1886 rebus
532 1851 636 1886 vanis
668 1860 726 1886 me
756 1850 839 1886 laus
870 1851 1024 1887 seducat
1055 1849 1192 1889 inanis.

277 1906 361 1943 Non
394 1911 493 1956 peto,
528 1906 681 1944 divitias
713 1917 782 1943 nec
813 1907 973 1944 honores
1005 1906 1129 1943 carnis
1159 1911 1201 1942 ut
1231 1906 1368 1950 addas,

276 1963 352 2000 Sed
385 1964 433 2000 da
464 1964 652 2010 propitius
679 1968 824 2000 tantum
856 1964 998 2001 solacia
1029 1963 1150 2000 victus

192 2020 244 2057 40
275 2019 566 2069 Fructificaque,
601 2020 691 2056 mihi
722 2031 966 2067 quaecunque
997 2021 1144 2057 talenta,
1176 2019 1330 2065 dedisti,

277 2077 469 2122 Quatenus
498 2088 650 2114 usuram
683 2088 830 2114 merear
859 2077 928 2114 tibi
960 2077 1123 2114 reddere
1151 2076 1304 2115 iussam.

274 2133 411 2180 Sicque
443 2144 544 2170 meos
575 2144 697 2171 mores
724 2135 763 2170 in
794 2144 921 2170 amore
951 2139 1027 2175 tuo.
1060 2143 1208 2180 precor,
1240 2138 1360 2180 aptes,

276 2190 328 2228 Ut
359 2201 441 2227 mea
471 2191 521 2227 sit
552 2201 654 2238 cura,
684 2191 784 2237 quod
815 2195 934 2237 gestet
966 2191 1046 2228 vita
1077 2188 1218 2237 futura,

275 2247 333 2283 Ac
364 2257 479 2294 regno
511 2247 653 2286 Christi
684 2257 832 2284 merear
861 2247 1013 2284 tandem
1044 2246 1193 2292 sociari,

193 2305 245 2342 45
278 2304 349 2348 Qui
380 2307 514 2354 tecum,
549 2309 670 2350 pater,
703 2309 742 2342 et
773 2315 854 2340 curn
885 2307 1087 2350 pneumate
1118 2307 1252 2349 regnat
1282 2303 1320 2339 in
1349 2312 1498 2342 aevum.

171 2425 287 2469 Opera
319 2430 452 2468 autogr.
487 2427 629 2458 Othloni
662 2427 916 2459 Emmerarnen.
949 2436 1039 2458 saec.
1075 2424 1126 2458 11.
1180 2426 1266 2458 Clm.
1297 2425 1479 2457 Monacen.
1514 2422 1642 2457 14490.

82 2471 120 2502 Α.
145 2489 191 2494 —-
214 2472 328 2514 Opera
361 2477 493 2515 autogr.
526 2473 669 2504 Othloni
694 2473 947 2504 Emrneramen
974 2482 1063 2504 saeC.
1093 2470 1143 2503 11.
1193 2468 1640 2502 Clm.210naeen.14756.

84 2516 142 2548 fol.
170 2515 244 2550 106.
271 2518 308 2549 Β.
336 2535 378 2539 -
407 2518 540 2549 Ibidem
566 2516 609 2549 2⁰
633 2518 691 2549 fol.
724 2516 797 2549 159.
823 2518 861 2550 C.

174 2561 203 2596 1.
234 2562 264 2595 Ο
284 2567 394 2604 pater
427 2568 581 2602 aeterne,
613 2565 669 2595 cui
696 2574 830 2604 semper
861 2563 949 2594 idem
986 2566 1101 2594 manet
1124 2572 1199 2593 esse
1228 2562 1292 2593 BC
1321 2579 1364 2583 -—
1389 2559 1410 2591 2
1435 2561 1488 2592 bis
1513 2558 1534 2591 4
1559 2560 1638 2591 incl.

80 2606 195 2640 fehlen
228 2609 265 2640 B.
291 2626 334 2630 --
367 2607 389 2640 4
415 2610 444 2640 Ο
478 2611 536 2650 qui
564 2610 720 2650 personis
753 2609 864 2640 tribus
897 2608 951 2639 his
978 2609 1072 2639 Deus
1105 2617 1194 2638 unus
1220 2607 1359 2638 haberis
1386 2607 1421 2638 C.
1449 2623 1486 2628 -
1512 2604 1530 2636 7
1557 2605 1642 2636 fehlt

84 2653 160 2693 ΒΟ·
187 2654 358 2686 zwischen
391 2655 456 2687 den
482 2654 600 2686 Zeilen
633 2654 890 2695 nachgetragen
917 2654 955 2684 A.
980 2671 1022 2676 —
1048 2651 1068 2683 9
1101 2653 1182 2683 zwi
1169 2651 1272 2683 chen
1306 2651 1372 2682 den
1396 2651 1512 2683 Z‹ilen
1539 2651 1643 2681 nach-

85 2702 250 2741 getragen
271 2701 368 2732 ABC.
386 2717 429 2721 —-
449 2699 486 2732 ll
513 2700 685 2731 zwischen
712 2700 778 2732 den
795 2699 913 2730 Zeilen
938 2698 1192 2739 mwhgetragen
1212 2698 1279 2729 Α(3.
1308 2714 1348 2718 -
1376 2694 1416 2727 12
1441 2696 1527 2727 fehlt
1544 2697 1580 2727 B.
1599 2712 1642 2717 —

83 2741 127 2775 24
151 2745 323 2777 zwischen
343 2745 408 2777 den
427 2745 545 2777 Zeilen
566 2745 823 2787 nafflgetrwgen
842 2745 910 2776 Ac.
928 2760 971 2764 —-
991 2742 1033 2774 25
1051 2744 1172 2782 Quam
1193 2753 1270 2784 pre(
1275 2753 1323 2778 οι
1342 2741 1494 2773 inf.unde
1514 2741 1580 2773 BC.
1599 2757 1640 2762 —

85 2786 127 2821 31
152 2790 222 2822 und
246 2788 290 2822 32
315 2790 488 2822 zwischen
512 2791 578 2822 den
604 2773 724 2822 Zeilen
750 2789 960 2830 nacho-etrag
949 2799 1004 2819 ren
1029 2789 1098 2820 Ac.
1123 2805 1168 2810 —
1192 2788 1264 2818 Vm
1287 2785 1331 2819 33
1356 2786 1492 2819 schiebt
1514 2787 1539 2817 Β
1564 2787 1639 2818 ein:

85 2834 136 2866 Ne
168 2835 288 2868 videar
319 2846 525 2878 quemquam
559 2846 620 2877 per
652 2836 740 2867 tales
767 2835 903 2866 lredere
927 2838 1050 2865 vestes.
1076 2851 1121 2854 —
1145 2831 1187 2863 53*
1216 2834 1292 2864 Non
1319 2843 1401 2874 rogo
1426 2832 1571 2864 divitias
1596 2832 1642 2870 (3;

84 2879 137 2911 vel
162 2880 311 2913 honores
338 2882 374 2912 B.
402 2898 446 2903 —
466 2880 510 2913 45
535 2885 647 2913 tecum
675 2884 768 2922 patre
795 2884 828 2911 et
852 2880 892 2910 A.

151 2938 314 2971 Dreves,
338 2940 542 2967 Lateinische
563 2938 854 2973 Hytnnendichter.
897 2937 939 2963 11.
1397 2933 1437 2966 21
