1914 3223
744 186 796 192 —
857 163 944 204 ‹5311
984 185 1053 210 ,-

489 273 571 310 417.

146 419 184 457 1.
229 419 326 468 Ave,
357 418 476 465 virgo,
509 423 630 455 mater
662 418 816 465 Christi,

228 475 331 520 Quae
361 475 509 522 pudore
539 475 710 512 meruisti

282 531 370 569 Dici
401 531 565 579 phoenix
598 531 806 578 virginum;

225 588 322 634 Ave,
355 588 474 637 virgo,
507 588 611 624 cuius
643 585 788 624 fructus

227 643 347 682 Nobis
381 644 487 681 dedit
519 644 631 681 finem
663 644 785 681 luctus

284 701 334 738 Et
364 701 521 739 lamenti
554 701 766 738 terminum.

176 884 184 893 .
230 854 327 901 Ave,
359 854 466 900 virgo
498 855 682 900 speciosa,

233 909 347 947 Cuius
379 910 484 947 laudi
512 920 634 956 neque
661 920 775 956 prosa

286 965 418 1013 Neque
449 970 611 1003 metrum
641 964 805 1014 sufficit3

226 1023 322 1070 Ave,
355 1023 474 1072 virgo,
507 1023 597 1060 mali
628 1027 740 1071 meta,

232 1079 337 1116 Vena
368 1080 481 1127 vitae,
512 1090 582 1126 per
613 1090 724 1126 quam
758 1079 864 1116 theta

290 1135 454 1174 Taetrae
483 1136 616 1173 mortis
649 1136 818 1183 explicit.

107 1279 117 1290 '
173 1318 179 1325 .
226 1289 323 1336 Ave,
354 1288 462 1336 virgo
493 1288 670 1336 gloriosa,

228 1344 332 1391 Quae
363 1348 615 1384 commentum
642 1355 681 1382 es
703 1349 739 1382 et
760 1344 866 1392 glosa

285 1400 507 1449 Scripturae
538 1401 801 1450 propheticae,

230 1457 343 1496 Cuius
375 1459 480 1506 glosa
511 1457 602 1496 facit
633 1458 789 1506 nudum,

230 1515 340 1561 Quod
371 1515 537 1553 velatum
570 1519 652 1552 erat
684 1515 826 1553 dudum

282 1571 446 1610 Literali
476 1573 630 1610 cortice.

176 1755 184 1764 .
231 1725 328 1773 Ave,
360 1725 479 1772 virgo,
513 1725 608 1762 caeli
639 1725 771 1775 clavis,

227 1782 322 1831 Ave,
355 1781 464 1819 novis
495 1792 592 1819 nova
622 1781 730 1818 navis

285 1838 451 1877 Onerata
481 1837 683 1885 mercibus,

228 1896 304 1933 Per
334 1905 444 1942 quam
478 1895 594 1942 plena
623 1894 747 1941 plenis
769 1894 863 1932 velis

229 1951 301 1989 Est
331 1951 449 1989 allata
480 1952 545 1989 lux
579 1952 625 1990 de
657 1951 772 1989 caelis

295 2008 425 2046 Caecis
456 2012 494 2045 et
525 2008 752 2047 errantibus·

174 2190 183 2200 .
229 2162 325 2209 Ave,
357 2171 503 2209 gemma
533 2161 729 2208 puellaris,

227 2219 323 2264 Ave,
356 2218 459 2255 clara
490 2218 601 2255 stella
631 2217 760 2265 maris,

283 2275 385 2320 Ave,
414 2285 529 2321 capsa
561 2274 738 2319 numinis,

228 2333 323 2380 Ave,
355 2331 502 2378 lampas
534 2335 571 2367 et
600 2331 762 2376 laterna,

228 2388 346 2435 Quam
382 2388 558 2426 accendit
588 2387 654 2426 lux
685 2397 861 2435 superna,

285 2445 369 2482 Fax
399 2445 544 2482 aeterni
575 2445 739 2484 luminis,

145 2598 184 2636 6.
228 2597 324 2647 Ave,
356 2598 475 2644 virgo,
509 2597 614 2634 cuius
645 2600 778 2635 venter

231 2653 426 2700 Sigillatus
458 2654 666 2701 diligenter

287 2710 387 2747 Fetu
417 2721 514 2748 novo
539 2710 696 2757 tumuit,

231 2765 320 2804 Sine
349 2767 481 2813 poenis
512 2771 549 2804 et
581 2771 729 2803 tortura

231 2822 422 2869 Splendor
451 2823 573 2870 patris
605 2826 642 2859 et
672 2821 791 2869 figura

288 2879 346 2917 De
377 2883 414 2916 te
443 2879 548 2917 nasei
575 2879 705 2919 voluit.

968 421 1003 458 7.

936 1725 1001 1763 10.

936 2161 1000 2199 11.

938 2596 1003 2633 12.

608 274 665 316 (1.)
702 274 930 310 Encomium
956 274 1110 310 Beatae
1137 274 1306 309 Mariae..

1052 421 1146 467 Ave,
1181 419 1299 465 virgo⁷
1333 417 1440 456 verbi
1470 421 1565 463 zeta,

1050 477 1161 514 Casto.
1194 479 1297 512 casto
1329 474 1419 512 flatu
1450 475 1564 522 laeta,

1106 531 1189 568 Non
1222 531 1414 568 immundo
1445 531 1607 578 semine3

1049 587 1133 624 'l‘ibi
1169 587 1280 634 digne
1313 587 1444 624 damus
1475 588 1580 633 odas,

1045 646 1148 691 Quae
1181 655 1263 680 cuni
1291 644 1371 681 Deo
1402 644 1531 680 limum
1563 643 1682 681 nodas

1103 701 1151 737 Et
1184 705 1343 737 matrem
1376 711 1459 737 cum
1491 700 1647 747 virgine.

1050 854 1144 898 Ave,
1178 852 1296 900 virgo,
1330 852 1435 890 verbi
1467 851 1564 889 cella

1052 909 1184 947 Carnis
1215 910 1380 946 condens
1409 909 1477 946 sub
1509 908 1662 945 nubella

1105 965 1268 1002 Deitatis
1295 965 1466 1012 radium,

1048 1023 1143 1067 Ave,
1176 1023 1295 1069 virgo,
1327 1022 1398 1059 Dei
1430 1023 1552 1067 theca,

1052 1079 1123 1115 Per
1145 1090 1255 1125 quam
1277 1079 1394 1121 lusca,
1427 1079 1545 1125 lippa,
1568 1087 1680 1115 caeca

1107 1135 1217 1172 Mens
1250 1135 1363 1172 habet
1395 1135 1594 1172 collirium.

1052 1289 1148 1337 Ave,
1182 1288 1300 1335 virgo,
1332 1297 1470 1337 gurges
1501 1286 1636 1332 mellis,

1051 1346 1153 1391 Quae
1175 1343 1226 1381 fel
1248 1344 1397 1391 priscae
1419 1344 1550 1390 procul
1571 1342 1682 1389 pellis

1108 1401 1245 1438 Mortis
1277 1405 1313 1437 et
1343 1400 1568 1447 maestitiae,

1052 1459 1156 1503 Quae
1188 1457 1380 1504 coniungis
1411 1457 1493 1494 Deo
1524 1456 1652 1493 limum

1051 1514 1102 1551 Et
1133 1525 1216 1551 cum
1247 1525 1391 1552 summo
1422 1513 1498 1550 suis
1529 1513 1643 1549 imum

1108 1571 1191 1608 Acu
1223 1570 1498 1617 providentiae.

1048 1725 1143 1770 Ave,
1177 1723 1295 1771 virgo.
1328 1722 1459 1759 mortis
1490 1732 1605 1771 serra,

1048 1781 1162 1818 Cuius
1193 1785 1325 1817 venter
1354 1783 1410 1815 est
1441 1788 1573 1815 acerra

1106 1837 1289 1875 Caelestis
1320 1835 1519 1882 aromatis,

1048 1895 1142 1943 Ave,
1177 1893 1293 1942 virgo,
1328 1903 1438 1939 quam
1469 1891 1645 1938 sacravit,

1051 1950 1278 1987 Fortunavit
1309 1954 1346 1985 et
1380 1947 1558 1986 formavit

1111 2007 1239 2043 Virtus
1271 2006 1359 2042 almi
1391 2005 1616 2051 pneumatis.

1047 2161 1142 2208 Ave,
1175 2159 1282 2204 virgo
1313 2158 1490 2205 gratiosa,

1047 2216 1136 2253 Sola
1165 2225 1378 2261 praegnans
1409 2218 1446 2250 et
1476 2217 1652 2251 ventrosa

1103 2272 1192 2309 Sine
1223 2271 1336 2308 maris
1367 2280 1494 2317 opere,

1047 2328 1344 2365 Firmamentum
1376 2326 1609 2363 infirmorum

1047 2385 1200 2422 Tollens
1231 2394 1323 2420 onus
1354 2389 1595 2429 peccatorum

1106 2442 1172 2479 Pio
1205 2439 1346 2478 ventris
1377 2449 1502 2477 onere.

1049 2596 1144 2633 Ave,
1175 2593 1292 2639 virgo,
1325 2591 1460 2628 mentis
1493 2590 1636 2636 dulcor,

1049 2651 1091 2687 In
1123 2660 1196 2696 qua
1227 2659 1313 2685 reus
1346 2653 1382 2684 et
1412 2647 1518 2683 exsul
1550 2656 1615 2683 cor

1105 2706 1270 2750 Fundat,
1303 2703 1395 2751 figit,
1429 2703 1622 2749 anchorat,

1048 2763 1164 2808 Quam
1182 2761 1218 2798 in
1239 2760 1381 2807 morbo,
1399 2770 1508 2806 quam
1521 2759 1559 2796 in
1571 2759 1677 2809 mari,

1048 2818 1223 2864 Quisquis
1255 2817 1382 2853 studet
1413 2815 1581 2860 liberari,

1105 2873 1282 2911 Studiose
1312 2876 1507 2910 memorat.
