1914 3223
711 142 990 184 „83—

700 257 830 288 Feria
864 257 1013 289 Sexta.

337 320 474 352 Cortice
499 319 540 351 de
566 320 687 351 matris
713 321 832 350 tenera
856 318 1023 360 lanugine
1049 327 1195 360 surgens

385 366 577 407 Praeparat
601 364 644 396 ad
670 367 805 406 partum
831 363 971 405 turgida
994 373 1131 404 gemma
1155 364 1281 406 sinum.

336 410 507 452 Tempore
533 410 597 442 sub
622 409 747 442 hiemis
773 408 935 440 foliorum
961 410 1057 440 crine
1083 407 1221 440 revulso

382 456 456 487 Iam
480 459 619 497 reparat
643 454 800 486 viridans
827 453 970 485 frondea
995 457 1087 485 tecta
1111 463 1244 485 nemus.

724 529 968 575 [Sabbata]

337 600 403 639 Qui
429 597 614 630 crucifixus
643 600 727 633 erat,
754 596 861 634 Deus,
888 606 976 633 ecce,
1003 606 1063 637 per
1088 596 1207 626 omnia
1231 598 1364 636 regnat,

382 645 544 686 Dantque
569 644 717 675 creatori
740 645 866 673 cuncta
889 644 1008 672 creata
1033 650 1180 681 precem.

336 689 487 727 Christe,
513 688 609 721 salus
635 698 760 724 rerum,
782 687 871 718 bone
896 687 1056 718 conditor
1081 689 1184 727 atque
1210 685 1418 726 redemptor,

382 735 497 768 Unica
522 735 706 776 progenies
732 742 776 764 ex
802 731 931 763 deitate
959 732 1081 773 patris.

156 802 227 835 Auf
254 802 310 835 die
336 803 513 845 Sonntage
539 802 626 834 nach
652 802 779 834 Ostern
809 799 948 832 verteilt
976 799 1038 831 das
1070 798 1156 830 Lied
1182 798 1268 830 Clm.
1294 799 1475 830 Monacen.
1502 795 1631 829 27130.

65 848 169 882 Grad.
195 849 451 881 Ottoburanum
477 857 566 880 saec.
594 845 644 879 12.
671 847 737 879 wie
761 845 867 889 folgt:

606 961 845 992 Dominiea
878 958 1090 990 Paschae.

335 1028 449 1066 Salve,
475 1028 564 1059 festa
588 1028 674 1067 dies,
698 1030 771 1060 toto
796 1026 1011 1058 venerabilis
1036 1035 1135 1064 aevo,

381 1072 459 1111 Qua
484 1074 580 1105 Deus
605 1073 778 1105 infernum
802 1074 888 1104 vicit
912 1075 946 1104 et
970 1074 1066 1103 astra
1091 1074 1195 1103 tenet.

333 1119 508 1161 Tempora
532 1119 693 1161 florigero
719 1118 866 1150 rutilant
889 1117 1055 1149 distincta
1079 1127 1201 1150 sereno

379 1164 426 1196 Et
451 1166 582 1196 maiore
607 1164 678 1205 poli
704 1164 836 1195 lumine
861 1166 963 1205 porta
987 1165 1093 1204 patet.

334 1210 450 1242 Altius
477 1211 692 1250 ignivomum
718 1209 827 1241 solem
852 1209 942 1240 caeli
967 1208 1082 1240 orbita
1106 1208 1215 1249 ducit,

380 1256 448 1295 Qui
473 1265 584 1297 vagus
610 1255 768 1287 Oceanas
795 1255 867 1286 exit
892 1257 926 1286 et
950 1255 1058 1285 intrat
1082 1263 1202 1295 aquas.

335 1301 488 1332 Armatis
515 1301 622 1332 radiis
648 1301 821 1332 elementa
845 1300 1019 1339 liquentia
1043 1299 1197 1332 lustrans

380 1345 502 1378 Adhuc
527 1349 628 1378 nocte
654 1347 751 1378 brevi
777 1345 889 1377 tendit
914 1346 950 1376 in
976 1345 1059 1376 orbe
1082 1344 1184 1377 diem.

335 1388 527 1434 Splendida
553 1392 725 1423 sincerum
751 1391 947 1433 producunt
971 1389 1114 1421 aethera
1138 1391 1285 1432 vultum,

380 1437 641 1479 Laetitiamque
667 1446 764 1468 suam
791 1436 904 1468 sidera
929 1436 1025 1467 clara
1050 1436 1209 1477 probant.

334 1483 442 1515 Terra
467 1482 587 1514 favens
611 1482 780 1524 (gaudens
806 1482 883 1516 Hs.)
907 1482 1006 1513 vario
1032 1481 1146 1513 fundit
1171 1484 1378 1516 munuscula
1401 1485 1483 1524 fetu,

380 1528 468 1560 Cum
492 1528 581 1560 bene
606 1528 767 1559 vernales
793 1527 906 1559 reddit
930 1530 964 1558 et
989 1537 1101 1558 annus
1129 1538 1223 1569 opes.

331 1573 459 1605 Mollia
484 1583 695 1615 purpureum
721 1574 869 1615 pingunt
893 1573 1021 1615 (pingit
1045 1572 1122 1612 Hs.)
1145 1575 1298 1607 violaria
1323 1585 1493 1618 campum,

377 1619 485 1650 Prata
508 1620 625 1650 virent
648 1619 777 1656 herbis,
803 1622 837 1650 et
862 1620 967 1650 micat
990 1617 1099 1650 herba
1122 1620 1242 1652 comis.

333 1664 510 1696 Paulatim
536 1665 687 1697 subeunt
712 1662 885 1696 stillantia
910 1664 1043 1695 lumina
1067 1663 1201 1703 florum,

379 1710 543 1742 Floribus
568 1709 725 1742 arrident
748 1710 909 1752 gramina
935 1710 1045 1740 tincta
1070 1709 1153 1740 suis.

335 1756 474 1788 Semine
499 1755 658 1797 deposito
684 1755 819 1787 lactans
846 1765 944 1798 seges
970 1754 1091 1787 exsilit
1115 1757 1220 1795 arvis,

380 1800 563 1843 spondens
589 1801 764 1843 agricolae
789 1802 930 1832 vincere
955 1810 1057 1842 posse
1084 1800 1223 1833 famem.

331 1846 484 1879 Caudice
509 1846 648 1878 desecto
678 1846 838 1878 lacrimat
863 1856 925 1878 sua
950 1846 1080 1889 gaudia
1104 1846 1248 1887 palmes,

376 1891 477 1925 Unde
504 1903 636 1923 merum
659 1892 802 1931 tribuat,
827 1892 888 1923 dat
910 1891 1012 1923 modo
1037 1893 1119 1923 vitis
1147 1901 1286 1934 aquam.

331 1937 446 1975 Salve,
473 1937 562 1969 festa
586 1937 671 1976 dies,
698 1941 772 1970 toto
797 1937 1013 1969 venerabilis
1038 1947 1136 1975 aevo,
1281 1948 1288 1956 ⁵

376 1983 454 2022 Qua
477 1984 572 2014 Deus
601 1984 775 2015 infernum
799 1984 886 2014 vicit
910 1986 943 2014 et
969 1985 1064 2014 astra
1087 1985 1193 2015 tenet.

328 2096 570 2127 Dominica
602 2095 746 2137 prima
774 2099 877 2136 post
901 2096 1115 2128 Octavam
1140 2095 1357 2129 Paschae.

329 2163 445 2201 Salve,
471 2163 560 2195 festa
584 2163 670 2201 dies,
695 2166 769 2195 toto
794 2164 1008 2196 venerabilis
1033 2174 1134 2202 aev0‚

373 2210 452 2249 Qua
476 2209 570 2241 Deus
596 2209 768 2241 infernum
794 2210 881 2241 vicit
906 2212 939 2241 et
963 2213 1058 2241 astra
1083 2212 1188 2242 tenet.

327 2255 465 2287 Cortice
489 2253 531 2285 de
559 2255 680 2286 matris
705 2258 826 2287 tenera
850 2255 1016 2297 lanugine
1043 2265 1187 2297 surgens

371 2300 565 2341 Praeparat
592 2299 635 2331 ad
661 2304 796 2341 partum
822 2300 961 2342 turgida
985 2311 1122 2342 gemma
1147 2302 1276 2335 sinum.

325 2345 496 2385 Tempore
521 2345 584 2377 sub
610 2344 735 2377 hiemis
761 2346 923 2378 foliorum
948 2347 1043 2378 crine
1068 2342 1206 2378 revulso

371 2391 445 2423 Iam
470 2394 612 2432 reparat
635 2391 794 2423 viridans
820 2391 964 2424 frondea
988 2395 1080 2423 tecta
1105 2402 1239 2424 nemus.

326 2437 454 2477 Myrta,
481 2435 583 2474 salix,
609 2436 719 2472 abies.
744 2438 894 2479 corylus,
919 2437 1012 2474 siler,
1038 2437 1162 2476 ulmus,
1190 2448 1350 2479 acernus,

371 2481 515 2525 Plaudit
540 2491 698 2524 quaeque
723 2483 796 2514 suis
823 2483 926 2514 arbor
951 2492 1098 2514 amoena
1123 2485 1243 2516 comis.

327 2526 442 2565 Salve,
468 2527 556 2558 festa
581 2526 667 2565 dies,
693 2531 766 2559 toto
792 2528 1006 2559 venerabilis
1031 2537 1130 2566 aevo,

373 2574 450 2612 Qua
475 2573 571 2604 Deus
597 2572 770 2604 infernum
797 2574 883 2604 vicit
907 2577 939 2605 et
963 2577 1059 2604 astra
1083 2576 1187 2606 tenet.

596 2675 836 2706 Dominica
865 2674 1080 2707 Secunda.

328 2739 442 2779 Salve,
471 2742 559 2773 festa
583 2742 668 2780 dies,
694 2745 767 2773 toto
793 2742 1006 2773 venerabilis
1032 2752 1130 2781 aevo,

372 2788 450 2827 Qua
475 2788 571 2819 Deus
597 2788 770 2819 infernum
794 2788 881 2818 vicit
905 2791 939 2819 et
963 2791 1057 2819 astra
1082 2791 1186 2820 tenet.

328 2833 574 2864 Construitura
600 2833 697 2864 favos
725 2842 808 2874 apes
834 2832 915 2864 hinc
939 2833 1096 2864 alvearia
1120 2833 1283 2874 linquens

371 2878 532 2910 Floribus
559 2879 783 2920 instrepitans
809 2878 941 2920 poplite
969 2878 1072 2910 mella
1098 2880 1200 2920 rapit.
