1914 3223
732 171 781 176 —
842 147 922 189 203
982 171 1036 177 -—

619 281 700 317 210.
735 282 838 324 (100.)
878 282 932 318 Ad
959 282 1124 317 Laudes.

112 390 145 426 1.
179 388 310 425 Turris
341 387 398 425 his
428 387 613 424 Davidica
919 389 957 426 2.
990 387 1072 423 IIac
1103 398 1170 424 nos
1202 397 1360 433 quoque,
1393 385 1565 426 Domine.

180 445 293 483 Certa
324 444 389 481 dat
419 443 620 491 praesidia,
992 444 1112 480 Turre
1144 454 1294 490 semper
1324 447 1492 490 protege,

183 501 333 538 Habens
360 501 407 538 ad
439 500 641 537 munimina
991 500 1096 536 Vallo
1128 511 1193 537 nos
1225 505 1262 536 et
1292 510 1427 546 aggere

180 559 303 603 scuta,
336 557 629 604 propugnacula.
988 557 1069 593 Tuo
1100 557 1245 594 vallans
1277 556 1452 603 undique.

183 662 382 698 Armatura
414 658 563 697 fortium
989 658 1046 695 Ne
1078 659 1160 705 quis
1193 658 1291 695 hosti
1324 662 1451 704 pateat

181 717 308 753 Omnis
340 717 430 754 haec
460 722 515 753 est
545 708 718 763 omnium,
990 714 1140 759 Aditus,
1174 726 1246 761 quo
1279 714 1403 763 feriat,

178 774 238 810 Ad
270 773 483 820 quorumvis
515 773 675 810 hostium
992 772 1061 808 llic
1092 776 1128 808 te
1159 772 1327 818 quisquis
1359 772 1521 818 invocat,

183 830 480 876 Propulsandum
512 832 703 876 impetum.
988 829 1104 865 'l'utos
1136 838 1285 865 somnos
1317 829 1456 875 sapiat.

182 931 278 968 Hinc
309 931 474 969 athletae
990 930 1036 967 Et
1066 941 1138 976 quo
1169 941 1296 967 sumus

235 993 400 1035 pugnant
431 988 570 1026 Christi
1043 987 1126 1033 plus
1157 987 1296 1036 ignavi⁷

159 1044 228 1080 *Et
263 1044 423 1081 irrident
985 1043 1066 1090 Ope
1096 1043 1196 1080 muni

235 1101 359 1137 hostes
390 1101 472 1139 tuti.
1042 1111 1109 1137 nos
1141 1100 1284 1137 maiori.

289 1157 502 1194 Adamante
1099 1157 1168 1202 Qui
1200 1157 1231 1193 si
1263 1157 1390 1204 palma

348 1213 511 1250 bitumen
544 1213 732 1251 robustius
1154 1224 1226 1250 non
1268 1214 1452 1260 pollemus
1484 1215 1657 1263 militum⁷

294 1269 372 1306 Neo.
402 1271 542 1307 securis
1100 1270 1188 1306 vice
1219 1271 1379 1318 quadam

350 1327 505 1373 dissipat
538 1336 605 1363 nec
635 1327 802 1369 malleus,
1154 1328 1372 1364 assistamus
1404 1328 1598 1376 peditum3

295 1383 597 1429 Circumsaeptus
1097 1383 1135 1420 Si
1168 1384 1349 1421 victorum

346 1439 453 1476 miles
485 1439 544 1476 liic
573 1439 620 1476 ab
652 1439 821 1476 hostibus
1155 1450 1227 1477 non
1259 1451 1446 1480 meremur
1473 1442 1655 1487 bravium,

290 1497 415 1534 Cassis
447 1496 573 1533 horum
1097 1496 1276 1534 Evasisse

346 1553 501 1589 insultat
532 1552 739 1590 conatibus.
1154 1554 1247 1590 satis
1278 1555 1327 1590 sit
1357 1555 1578 1601 periculum.

577 1656 613 1692 3.
649 1654 770 1691 Multa
800 1659 898 1702 sunt,

702 1722 834 1758 magna
864 1716 951 1748 sunt

758 1769 801 1804 In
834 1769 972 1805 sanetis
1003 1769 1160 1816 proelia„

649 1824 771 1861 Pauca
803 1825 860 1861 vel

702 1893 820 1928 parva
850 1886 950 1929 sunt,

759 1938 944 1984 Quantum
974 1939 1023 1976 ad
1054 1941 1243 1986 praemia3

647 1994 760 2033 Cuius
790 1995 882 2033 haec

702 2052 800 2089 dona
830 2056 928 2098 sunt,

756 2109 850 2156 Regi
881 2109 930 2145 sit
960 2109 1093 2156 gloria.

194 2207 220 2237 B
251 2207 308 2238 fol.
341 2204 425 2239 94b.
451 2226 492 2230 ——
518 2209 544 2240 C
576 2208 634 2240 fol.
670 2207 774 2242 1851).
800 2226 841 2231 —-
870 2207 904 2247 l,
941 2208 954 2240 1
984 2210 1101 2241 Curris
1128 2210 1164 2242 C.
1194 2227 1228 2231 -—
1263 2209 1295 2249 l,
1330 2208 1352 2243 3
1378 2212 1518 2245 Habent
1542 2214 1581 2245 B.
1610 2232 1656 2237 —

100 2248 133 2287 2,
162 2249 201 2282 14
227 2252 303 2283 Non
333 2252 500 2294 pollemus
526 2257 678 2286 nostrum
708 2256 744 2286 Β.

512 2409 593 2446 211.
628 2411 731 2454 (101.)
766 2411 810 2446 In
836 2411 942 2446 sesto
969 2411 1245 2448 Innocentum.

714 2482 755 2513 111
782 2479 810 2513 1.
836 2482 1023 2514 Nocturno.

120 2580 153 2617 1.
185 2580 246 2617 Ad
280 2581 450 2618 caelestis
925 2586 962 2623 2.
995 2585 1210 2623 lnauditum

187 2636 316 2674 Ortum
348 2638 446 2685 regis
995 2642 1136 2679 Stellae
1167 2643 1311 2689 signum

244 2693 321 2731 Rex
354 2700 524 2732 terrenus
1052 2699 1126 2736 Ubi
1158 2705 1326 2749 narrant,

187 2749 247 2786 Ius
278 2750 427 2788 aufferri
997 2755 1196 2792 Civitatem

186 2805 265 2843 Sibi
296 2807 401 2843 timet
995 2814 1121 2858 Atque
1152 2823 1277 2860 regem

243 2864 491 2910 Principatus.
1051 2869 1153 2916 Magi
1185 2869 1351 2910 turbant.
