2031 3289
289 431 359 469 la.

287 637 358 673 2a.

287 840 357 879 3a.

285 1043 357 1080 4a.

288 1249 357 1284 5a.

909 203 1217 245 -320—

789 335 871 373 345.
906 336 966 380 (6.)
999 336 1057 372 De
1082 336 1330 380 Virginibus,

400 431 516 479 Virgo
546 429 714 477 prudens
745 434 783 467 et
814 430 964 476 decora,

400 487 523 533 Digna
556 486 659 523 euius
689 487 727 523 in
757 486 828 523 hac
858 486 952 524 hora

456 543 657 590 Pangimus
688 543 904 592 praeconia,

399 635 457 671 Tu
488 643 528 671 es
557 643 705 670 sacrum
731 633 802 670 Dei
833 634 1028 682 templum,

398 691 455 728 Tu
486 690 667 727 virtutum
699 700 739 727 es
771 690 997 738 exemplum,

453 747 512 784 Tu
543 746 696 784 vivendi
725 746 870 796 regula,

400 838 457 874 Tu
483 835 659 874 fallacem
691 840 727 873 et
755 847 975 884 pomposum

398 893 583 931 Mundum
613 894 726 930 istum
758 894 950 930 ruinosum

457 950 622 988 Calcasti
653 949 825 997 mirifice,

399 1041 544 1087 sponso
575 1044 686 1077 noete
715 1040 890 1078 veniente

399 1097 518 1134 Tollis
550 1107 674 1134 moras
706 1101 741 1133 et
774 1102 931 1143 repente

456 1153 534 1191 Sibi
567 1153 674 1191 vadis
705 1153 828 1203 obvia,

401 1245 517 1292 Virgo
548 1248 691 1291 sancta2
723 1248 788 1282 tua
817 1255 930 1292 prece

400 1302 463 1339 Sic
493 1301 716 1338 mundemur
746 1302 845 1338 omni
878 1300 994 1352 faece,

456 1359 508 1398 Ut
539 1358 680 1405 optatis
711 1358 889 1405 praemiis

1104 429 1176 468 lb.

1100 633 1174 672 2b.

1103 836 1176 877 3b.

1102 1039 1175 1080 4b.

1101 1245 1175 1284 5b.

1214 429 1376 467 Nostras
1392 434 1566 478 prompte
1578 441 1682 468 sume
1696 431 1841 480 laudes,

1213 487 1316 532 Quae
1332 496 1413 523 cum
1426 487 1567 524 sanctis
1579 487 1690 534 plene
1701 489 1843 535 gaudes

1270 543 1375 580 Intra
1409 543 1502 580 caeli
1533 543 1642 582 atria.
1664 578 1671 583 ,
1831 548 1834 550 ’

1213 635 1272 672 Tu
1302 633 1452 682 pudiea,
1485 638 1525 670 tu
1554 634 1764 681 praeclara,

1213 690 1270 727 Tu
1301 700 1340 726 es
1371 701 1509 737 sponsa
1538 691 1680 730 Christi
1711 701 1811 736 cara,

1270 746 1411 784 Carens
1442 747 1542 784 omni
1572 747 1732 785 macula.

1215 837 1272 874 Tu
1301 837 1504 883 malignum
1535 841 1573 874 et
1602 837 1796 885 antiquum

1215 893 1347 931 Nost-ri
1377 893 1472 930 ritus
1502 894 1692 931 inimicum

1273 949 1406 987 Vicisti
1436 949 1645 998 magnifice.

1214 1041 1316 1086 Quae
1345 1040 1392 1077 ab
1424 1051 1467 1077 eo
1499 1045 1675 1078 coronata

1212 1097 1305 1134 Mox
1335 1097 1374 1134 in
1407 1097 1520 1134 caelis
1551 1107 1590 1134 es
1620 1098 1744 1136 locata
1790 1092 1793 1095 ’

1273 1154 1364 1193 Cum
1395 1153 1538 1201 ingenti
1569 1154 1701 1201 gloria.

1214 1243 1459 1282 Perfruamur
1488 1255 1571 1282 eum
1601 1245 1788 1294 supernis,

1214 1301 1384 1339 Liberati
1415 1301 1462 1338 ab
1493 1302 1658 1339 aeternis

1270 1357 1474 1396 Gehennae
1504 1358 1701 1397 incendiis,
