2031 3289
873 196 1182 237 —416—

463 388 524 421 XI.
561 388 769 421 ostensio
803 387 1066 430 personalis
1099 388 1286 419 unionis
1314 397 1390 429 per
1424 387 1588 419 simile.

337 469 438 500 Duae
463 467 592 500 Christi
619 470 699 498 sunt
723 470 879 505 naturae,
1151 467 1250 499 Unus
1276 466 1390 505 homo,
1416 476 1486 498 una
1510 467 1595 507 vita,

338 514 525 551 Creatoris,
555 515 745 550 creaturae,
1151 512 1230 542 Duo
1256 512 1360 543 simul
1386 515 1467 543 sunt
1491 512 1600 542 unita.

337 560 428 598 Una,
452 568 522 590 non
547 557 636 589 duae
661 566 832 598 personae
1151 557 1228 588 Hoc
1252 556 1413 594 Iudaeus,
1438 556 1505 587 hoc
1529 565 1697 598 paganus,

336 605 549 636 Naturarum
572 603 712 640 unione,
788 630 791 634 .
1085 597 1127 633 10
1151 602 1229 633 Hoc
1254 604 1288 633 et
1312 601 1669 643 pseudochristianus,

294 648 314 682 5
340 649 438 681 Sicut
462 657 542 679 caro
569 646 762 688 corporalis
1153 646 1191 678 Si
1215 657 1286 678 non
1310 646 1428 678 credat
1452 648 1489 677 in
1513 647 1707 688 scripturis,

339 695 534 735 Animaque
560 692 730 734 spiritalis
1153 691 1285 723 Saltem
1310 695 1429 723 cernat
1452 693 1490 722 in
1514 692 1659 722 naturis.

473 839 552 871 XII.
590 838 807 870 Ostensio
841 838 1067 870 naturalis
1101 839 1286 869 unionis
1320 847 1396 879 per
1421 837 1582 868 simile..

341 919 429 951 Sunt
453 921 599 949 naturae
627 916 846 956 dissidentes,
1153 917 1221 949 Sed
1245 916 1311 948 hoc
1335 926 1457 948 aurum
1483 917 1595 957 magis
1620 926 1756 957 purum,

339 966 526 1005 Nunquam
551 973 626 994 sese
651 963 841 1003 capientes,
1085 959 1128 994 20
1156 962 1256 1002 Quod
1282 964 1318 993 in
1344 963 1424 1003 igne
1448 961 1486 993 fit
1511 962 1705 993 obscurum.

338 1010 388 1042 Ut
412 1009 472 1040 lux
498 1008 583 1039 solis
609 1007 837 1038 circumfundi
1155 1008 1214 1040 Sic
1240 1010 1384 1049 utraque
1408 1008 1578 1038 uniuntur

338 1055 467 1086 Terrae
492 1056 615 1094 potest,
642 1063 713 1084 non
738 1052 885 1085 infundi.
1153 1053 1226 1084 Nec
1250 1055 1395 1094 utraque
1421 1051 1686 1090 confunduntur,

292 1099 312 1132 5
339 1100 427 1132 Sunt
453 1102 486 1130 et
510 1098 603 1129 aliae
627 1101 785 1135 naturae,
1154 1098 1206 1130 Ne
1230 1098 1342 1129 utrius
1369 1099 1415 1128 sit
1439 1097 1604 1135 defectus,

339 1145 436 1184 Quae
462 1147 601 1175 servato
627 1153 689 1174 suo
716 1144 791 1174 iure
1157 1142 1224 1174 Sed
1250 1143 1393 1174 alterius
1419 1142 1604 1183 profectus.

337 1190 404 1222 Per
428 1192 589 1220 naturam
616 1189 784 1219 uniuntur
1087 1185 1130 1219 25
1154 1188 1252 1230 Ignis
1277 1198 1362 1219 auro
1386 1187 1570 1225 adunatur,

340 1236 414 1267 Nec
438 1235 559 1266 unitae
584 1229 885 1275 permutunturU}
1155 1235 1234 1265 Non
1259 1233 1297 1263 in
1321 1242 1444 1264 aurum
1469 1235 1695 1274 permutatur,

339 1281 472 1311 Aurum
499 1281 577 1321 igne
601 1279 846 1318 inflammatur,
1155 1278 1373 1310 Naturaliter
1397 1281 1559 1309 concreta

273 1322 314 1357 10
339 1326 408 1357 Aer
432 1325 509 1356 luce
534 1324 741 1360 illustratur,
1155 1324 1197 1356 In
1222 1327 1348 1355 natura
1373 1326 1453 1354 sunt
1478 1323 1638 1354 discreta.

341 1370 409 1403 Sed
433 1380 497 1402 nec
521 1379 580 1401 aer
603 1369 721 1400 lumen
746 1370 822 1407 erit,
1156 1369 1244 1400 Auri
1268 1378 1384 1400 massa
1409 1378 1485 1399 cum
1511 1369 1653 1409 ignitur,

342 1416 464 1456 Neque
489 1425 611 1446 aurum
636 1415 716 1456 igne
740 1415 843 1455 perit.
1089 1410 1133 1447 30
1157 1415 1278 1455 Ignem
1303 1423 1408 1455 passa
1432 1415 1603 1451 counitur,

339 1460 422 1492 Sola
447 1460 532 1491 solis
559 1459 618 1491 lux
643 1462 799 1500 apparet,
1155 1460 1281 1491 Totum
1307 1468 1441 1497 aurum,
1465 1461 1576 1490 totum
1600 1458 1710 1500 ignis3

341 1506 408 1538 Sed
433 1505 493 1536 lux
519 1515 598 1537 aere
623 1515 693 1536 non
719 1506 824 1542 caret,
1157 1504 1216 1536 Sic
1240 1505 1277 1535 in
1301 1504 1403 1541 ferro,
1429 1504 1479 1535 sic
1504 1505 1540 1534 in
1564 1503 1682 1545 lignis.

273 1550 314 1583 15
340 1551 389 1583 Ut
413 1561 476 1582 nec
502 1560 561 1582 aer
585 1553 679 1581 caret
702 1550 791 1587 luce,
1154 1550 1281 1581 Totum
1305 1550 1370 1580 toti
1396 1549 1579 1586 adunatur,

341 1597 452 1635 Quam
478 1597 571 1636 capit
595 1598 721 1626 natura
747 1594 842 1625 duce.
1155 1596 1280 1626 Totum
1305 1594 1372 1625 hoc
1396 1597 1431 1626 et
1454 1593 1520 1625 hoc
1544 1597 1703 1634 vocatur,

340 1642 397 1674 Sic
423 1644 456 1672 et
482 1641 575 1683 ignis
601 1640 696 1671 solus
722 1640 839 1677 claret,
1087 1637 1130 1672 35
1155 1641 1235 1672 Non
1258 1639 1324 1670 hoc
1348 1639 1416 1671 vel
1441 1639 1508 1671 hoc
1531 1642 1569 1670 ut
1592 1649 1634 1670 ex
1657 1642 1766 1681 parte,

340 1688 426 1719 Cum
453 1690 487 1717 et
511 1696 634 1717 aurum
659 1687 719 1716 vix
744 1687 904 1726 apparet,
1157 1684 1225 1716 Sed
1250 1684 1316 1716 hoc
1341 1688 1383 1716 et
1408 1684 1473 1715 hoc
1499 1685 1575 1716 sine
1599 1687 1709 1725 parte.

420 1833 514 1864 VIII.
555 1831 853 1864 Confirmatio
886 1830 937 1862 de
969 1832 1136 1863 unione
1170 1831 1351 1863 duarum
1383 1834 1642 1863 naturarum

685 1887 808 1919 salva
843 1888 1086 1929 utriusque
1119 1889 1417 1930 proprietate.

338 1968 396 2000 Sic
420 1968 585 1998 nimirum
610 1966 675 1998 fide
702 1976 788 1998 sana
1155 1967 1253 1998 Nihil
1279 1966 1336 1998 bic
1360 1966 1560 2004 divisionis,

335 2015 413 2045 Lux
437 2013 567 2051 divina,
596 2013 653 2044 lex
677 2012 841 2055 humana,
1154 2012 1254 2043 Nihil
1280 2015 1331 2043 est
1356 2011 1582 2043 confusionis

338 2059 438 2090 Unus
465 2057 636 2095 Christus,
662 2057 888 2095 homo-Deus,
1154 2058 1234 2089 Non
1259 2060 1311 2088 est
1335 2067 1416 2099 ergo
1444 2057 1542 2088 Iesus
1567 2066 1664 2088 meus

337 2104 446 2135 Totus
472 2102 586 2140 homo,
612 2106 705 2134 totus
734 2103 838 2133 Deus.
1155 2101 1364 2140 Seniihomo,
1391 2101 1575 2140 semideus,

292 2147 312 2180 5
338 2150 437 2180 Duae
464 2147 594 2179 Christi
620 2152 701 2178 sunt
725 2151 881 2185 naturae,
1089 2146 1130 2179 15
1157 2148 1223 2180 Sed
1248 2148 1368 2178 unitus
1393 2158 1436 2179 ex
1460 2147 1596 2178 duobus

339 2195 506 2234 Quaeque
532 2193 630 2225 salvo
657 2203 720 2224 suo
747 2193 832 2230 iure,
1155 2193 1202 2224 Et
1228 2192 1399 2234 perfectus
1425 2194 1462 2224 in
1487 2192 1668 2224 ambobus.

338 2240 531 2279 Utriusque
556 2238 645 2269 nihil
671 2239 771 2279 perit,
1155 2239 1215 2270 Sic
1239 2247 1418 2269 assumens
1445 2241 1479 2269 et
1504 2240 1711 2279 assumptus,

338 2283 416 2321 Sed,
443 2284 535 2324 quod
560 2284 634 2321 suit,
661 2287 713 2314 est
739 2286 771 2314 et
797 2283 874 2314 erit.
1154 2284 1233 2314 Non
1259 2283 1444 2314 absumens
1471 2286 1505 2314 et
1528 2283 1743 2324 absumptus,

337 2329 469 2361 Eadem
496 2333 577 2360 sunt
601 2328 765 2367 adunata,
1154 2327 1382 2366 Deus-homo,
1408 2338 1496 2360 unus
1523 2327 1694 2366 Christus,

272 2372 313 2406 10
338 2376 416 2406 Non
442 2375 477 2404 in
504 2372 613 2406 altera
640 2377 784 2411 mutata,
1086 2371 1129 2406 20
1154 2374 1343 2411 Indivisus,
1369 2374 1620 2405 incommistus.

361 2522 456 2553 XIV.
493 2521 617 2560 Quod
648 2520 800 2552 domus
835 2522 1056 2553 creatoris
1090 2521 1151 2551 sit
1183 2523 1396 2551 creatura
1429 2519 1697 2552 nationalis.

340 2602 472 2632 Domus
498 2600 602 2631 huius
627 2600 833 2638 maiestatis,
1153 2599 1203 2632 Ut
1227 2599 1407 2630 amborum
1432 2599 1659 2630 coniunctura

339 2646 524 2678 Creatricis
549 2646 728 2683 trinitatis,
1090 2642 1130 2676 10
1154 2645 1287 2676 Domus
1312 2653 1489 2685 nunquam
1515 2644 1650 2676 ruitura

338 2691 404 2722 Est
428 2694 565 2722 creatus
591 2690 790 2722 intellectus
1157 2690 1237 2731 Ipso
1264 2692 1330 2721 stet
1355 2688 1585 2726 inhabitante,

339 2738 393 2768 Ita
417 2746 522 2767 sanus
548 2738 581 2767 ct
606 2735 789 2777 perfectus,
1156 2736 1232 2774 Quo
1256 2733 1401 2766 fundata
1425 2737 1477 2766 est
1501 2738 1650 2765 creante.

295 2780 314 2812 5
340 2783 391 2813 lta
417 2791 522 2822 purus
549 2784 582 2812 et
606 2782 756 2822 quietus,
1156 2781 1254 2811 Haec
1280 2782 1332 2811 est
1355 2778 1439 2811 fides
1470 2778 1671 2816 orthodoxa,

342 2828 387 2859 l't
413 2829 464 2857 est
488 2826 689 2867 angelorum
716 2829 844 2865 coctus,
1155 2826 1233 2857 Nou
1258 2824 1315 2856 hic
1340 2834 1444 2863 error,
1471 2834 1540 2855 non
1566 2827 1618 2855 est
1641 2832 1743 2861 noxa,

340 2872 403 2903 Cui
429 2871 531 2902 homo
558 2873 720 2908 sociatur,
1087 2868 1128 2902 15
1155 2871 1254 2903 Sicut
1278 2869 1365 2908 dico,
1392 2870 1443 2900 sic
1468 2873 1502 2900 et
1526 2869 1627 2900 credo

341 2917 429 2947 Dum
457 2917 608 2957 peccatis
633 2919 855 2957 expurgatur,
1154 2915 1225 2947 Nec
1251 2917 1286 2946 in
1312 2918 1443 2956 partem
1469 2923 1610 2955 pravam
1636 2912 1730 2946 cedo.
