2031 3289
311 311 381 349 9a.

313 909 380 946 la.

308 1123 379 1160 2a.

308 1338 379 1377 3a.

305 1554 377 1592 42.

307 1771 374 1806 5a.

304 1985 373 2022 6a.

304 2198 372 2235 72.

302 2799 372 2835 2a.

934 195 1239 236 —272—

423 310 453 347 O
484 309 597 346 beata
626 310 757 345 nuntia

480 365 695 404 Communis
726 364 907 411 laetitiae,

423 422 514 459 Tuis
545 422 596 459 sis
627 421 816 468 propitia3

478 479 614 528 Iesum,
648 488 779 514 venam
811 477 954 524 veniae,

479 535 708 572 Collatorem
741 534 884 581 gratiae

425 590 542 628 Nobis
575 590 788 628 reconcilia.

399 689 461 731 3a,
488 690 507 722 7
532 692 644 734 Legit.

1126 308 1200 347 9b.
1238 309 1310 346 Tot
1339 309 1538 356 insurgunt
1567 309 1726 357 proelia,

1293 365 1367 402 Tot
1396 366 1516 402 latent
1546 365 1719 411 insidiae,

1237 422 1308 459 Tot
1340 420 1523 458 infestant
1550 422 1658 467 vitia,

1294 478 1487 516 seducunt
1516 477 1748 528 blanditiaez,

1294 535 1377 571 Hac
1407 535 1507 572 valle
1533 535 1719 583 miseriae,

1237 591 1328 628 Tuis
1360 589 1418 627 fer
1448 591 1600 628 solacia.

639 803 720 839 2813.
756 803 837 846 (12.)
873 802 930 836 De
957 802 1099 837 sancta
1125 802 1253 837 Maria
1282 802 1534 845 Magdalena.

424 908 594 946 Chordas
626 907 750 944 cordis
781 907 1032 955 intendamus,

423 965 475 1003 Ut
507 965 713 1002 concordes
745 964 954 1001 recolamus

477 1021 626 1059 Mariae
656 1021 871 1068 praeconia.

421 1124 537 1169 Quam
569 1123 739 1160 laudavit
769 1127 806 1159 et
836 1123 988 1170 amavit,

422 1181 537 1226 Quam
569 1180 746 1227 purgavit
776 1183 812 1216 et
844 1179 1019 1225 probavit

477 1237 548 1273 Dei
579 1236 786 1284 sapientia,

422 1337 490 1375 Cui
520 1338 678 1376 multum
710 1342 767 1374 est
796 1337 996 1386 indultum,

421 1395 602 1440 Quoniam
636 1394 769 1431 dilexit
798 1394 956 1431 multum

476 1451 551 1488 Sua
580 1450 673 1488 flens
704 1449 859 1498 flagitia,

421 1553 542 1590 Pedes
574 1553 677 1590 lavat
707 1558 745 1589 et
776 1553 949 1600 extergit,

418 1609 621 1647 Osculatur
652 1614 689 1646 et
718 1610 907 1656 respergit

474 1667 665 1713 Unguenti
697 1665 927 1713 fragrantia3

418 1769 531 1807 Cuius
563 1773 677 1816 caput
709 1779 791 1805 cum
822 1768 991 1805 unxisset

417 1826 467 1862 Et
498 1825 595 1862 hanc
625 1826 740 1863 Iudas
773 1825 957 1872 arguisset

472 1881 616 1919 Ferves
647 1882 821 1929 avaritia,

416 1983 526 2021 Hanc
556 1992 756 2029 resurgens
786 1981 965 2031 visitavit,

416 2040 514 2076 Huic
544 2040 667 2086 primo
698 2039 881 2076 revelavit

472 2096 603 2133 Novae
634 2097 733 2133 vitae
764 2095 914 2142 gaudia.

416 2197 525 2234 Felix
559 2207 647 2243 ergo
678 2196 922 2246 Magdalena,

414 2254 492 2290 Nos
523 2251 725 2290 transferri
755 2253 793 2289 in
825 2263 981 2290 amoena

471 2310 550 2347 Fac
581 2310 754 2347 caelestis
785 2310 944 2356 patriae,

1127 907 1198 945 lb.
1237 907 1336 944 Laus
1367 907 1515 944 Mariae
1546 906 1797 954 Magdalenae

1237 964 1294 1001 De
1326 963 1500 1000 caelestis
1531 968 1615 1001 orta
1645 974 1764 1001 venae

1295 1020 1407 1057 Venit
1437 1019 1658 1058 adfluentia.

1123 1122 1196 1162 2b.
1236 1123 1352 1169 Quam
1383 1122 1550 1169 respexit
1583 1126 1620 1158 et
1650 1121 1782 1167 erexit,

1237 1180 1354 1224 Quam
1384 1179 1582 1227 prospexit
1611 1184 1648 1215 et
1679 1178 1803 1215 evexit

1293 1235 1445 1272 Domini
1476 1235 1686 1272 clementia.

1126 1336 1198 1375 3b.
1240 1337 1370 1374 Altum
1401 1347 1572 1384 gemens,
1610 1335 1712 1373 humi
1740 1336 1867 1373 iacens

1239 1393 1362 1431 Corde
1393 1394 1572 1439 clamans,
1604 1403 1668 1430 ore
1699 1398 1828 1430 tacens

1292 1450 1530 1487 Lacrimatur
1560 1450 1684 1488 anxia.

1122 1552 1196 1591 4b.
1234 1552 1371 1591 Cordis
1402 1553 1470 1589 alti
1502 1556 1772 1600 perscrutator,

1237 1609 1324 1646 Piae
1355 1609 1502 1646 Mariae
1532 1609 1700 1646 salvator

1289 1667 1477 1712 Acceptat
1507 1665 1698 1712 obsequia.

1123 1771 1144 1805 5
1161 1767 1195 1804 b.
1235 1768 1343 1805 Hauc
1359 1768 1550 1814 praedixit
1568 1766 1864 1814 praedicandam

1234 1825 1350 1862 Modo
1384 1825 1559 1862 Christus
1591 1829 1627 1860 et
1659 1823 1843 1860 beandam

1292 1882 1453 1918 Perenni
1485 1881 1676 1919 memoria.

1120 1981 1194 2020 6b.
1233 1982 1343 2019 Hanc
1372 1982 1513 2019 amavit
1543 1986 1581 2017 et
1612 1980 1773 2027 ornavit,

1232 2039 1341 2075 Hanc
1372 2038 1498 2076 beavit
1529 2043 1566 2075 et
1593 2037 1733 2074 levavit

1288 2096 1350 2132 Ad
1383 2095 1477 2132 caeli
1510 2093 1673 2141 fastigia.

1120 2196 1190 2234 7b.
1232 2196 1310 2233 Fac
1341 2207 1408 2233 nos
1431 2196 1582 2234 Christo
1612 2196 1667 2233 sic
1696 2195 1864 2242 subesse,

1230 2253 1282 2291 Ut
1314 2253 1498 2300 possimus
1529 2253 1712 2289 interesse

1289 2310 1455 2347 Canticis
1487 2310 1666 2349 laetitiae.

634 2477 715 2512 2³³7.
751 2477 832 2519 (13.)
868 2477 924 2511 De
951 2477 1094 2512 sancta
1120 2476 1249 2512 Maria
1275 2476 1527 2519 Magdalena.

754 2583 790 2621 1.
824 2582 1035 2621 Universae
1066 2585 1154 2618 vota
1183 2582 1304 2629 gentis

821 2638 1019 2676 Gloriosae
1049 2638 1278 2686 paenitentis

879 2695 1082 2733 Celebrent
1113 2696 1328 2741 praeconia.

415 2797 643 2843 Magdalena
673 2798 778 2844 gravi
814 2807 935 2846 poena

418 2855 465 2892 Sc
497 2855 669 2901 castigat,
701 2860 742 2891 ut
773 2853 933 2902 contigat

474 2911 608 2950 Carnis
641 2911 843 2953 dcsideria.

1121 2797 1194 2836 εὶ).
1233 2797 1317 2834 Non
1354 2797 1531 2843 desperat.
1563 2797 1609 2833 de
1639 2796 1773 2843 salute,

1231 2854 1306 2891 Sed
1337 2854 1498 2901 accingit
1530 2864 1569 2890 se
1600 2854 1739 2890 virtute

1286 2911 1523 2959 caelestique
1553 2910 1686 2958 gratia.
