2031 3289
915 172 1222 215 *284*

309 289 373 330 13.
405 288 654 338 Comitantur,
685 292 913 327 venerantur

463 347 627 394 Agmina
657 346 889 391 caelestium,

407 404 470 451 Et,
499 413 589 450 quos
610 407 731 451 urget,
755 401 828 448 fac,
852 405 1037 448 expurget

463 460 606 496 Durum
637 459 708 497 hoc
738 459 923 503 exsilium,

313 586 377 623 14.
411 584 654 621 Paenitentes
687 586 724 619 et
754 586 954 629 sequentes

463 640 583 676 Tuum
614 649 684 686 per
713 643 750 675 te
780 638 910 688 filium,

406 697 688 742 Exspectantes
720 699 757 732 et.
787 700 983 741 sperantes

465 755 584 791 Tuum
613 752 855 798 adiutorium,

313 877 376 916 15.
410 878 513 922 Quae
544 880 601 913 est
632 876 701 914 Dei
733 876 888 922 placens
919 876 953 912 ei

467 932 790 984 Propitiatorium,

467 1073 898 1087 ooooooo

316 1171 380 1209 16.
412 1171 442 1209 O
474 1170 613 1217 puella,
644 1170 750 1207 verbi
782 1169 879 1206 cella

468 1227 553 1273 Dei,
586 1238 691 1264 mons
724 1227 1004 1273 charismatum,

412 1284 492 1321 Nec
523 1287 579 1320 est
609 1284 685 1321 tale
715 1283 889 1330 spiritale

474 1341 630 1378 Plenum
660 1352 725 1378 vas
756 1344 976 1378 aromatum.

1124 290 1186 327 17.
1218 288 1298 325 Fac
1328 298 1395 325 nos
1426 289 1538 337 plene
1567 287 1648 326 sine
1677 286 1793 326 Mene

1275 346 1403 392 Preoe,
1436 349 1535 390 voto,
1567 345 1707 392 gemitu

1221 401 1301 438 Deo
1331 411 1420 438 vere
1449 401 1651 439 condolere

1278 457 1445 504 Corpore
1475 462 1513 494 et
1543 458 1692 504 spiritu.

1128 582 1189 620 18.
1221 582 1265 618 In
1285 586 1322 618 te
1336 591 1496 628 namque
1513 582 1650 619 scimus
1667 591 1852 628 quamque

1278 638 1371 675 Rem
1404 649 1531 675 coesse
1561 638 1726 684 Domini,

1222 694 1339 732 Omne
1370 694 1521 742 bonum,
1554 705 1661 731 omne
1693 694 1829 731 donum

1281 751 1516 789 Conveniens
1547 751 1699 794 homini,

1129 876 1192 913 19.
1223 874 1420 921 Templum
1450 875 1562 924 regis,
1594 885 1722 912 arcam
1742 874 1849 921 legis,

1281 931 1420 968 Miram
1452 932 1739 978 supellectilem,

1224 987 1275 1024 Et
1307 988 1445 1025 divinis
1475 999 1559 1025 cum
1590 988 1746 1025 cortinis

1281 1044 1421 1092 Togam
1452 1045 1726 1083 inconsutilem.

1128 1170 1193 1207 20.
1225 1168 1282 1206 Tu
1312 1179 1351 1205 es
1379 1180 1474 1206 urna
1504 1173 1542 1206 et
1573 1169 1709 1207 diurna

1283 1225 1354 1263 Dei
1386 1226 1500 1262 vestis
1531 1236 1656 1274 aurea,

1229 1283 1380 1331 Manna,
1414 1293 1556 1330 soccus,
1580 1283 1699 1330 virga,
1723 1292 1856 1319 coccus

1285 1339 1336 1376 Et
1366 1339 1504 1386 regalis
1534 1340 1677 1378 laurea.

704 1465 771 1503 21.
803 1465 938 1502 Latum
969 1465 1007 1501 in
1037 1468 1075 1501 te
1106 1464 1287 1513 caritatis,

803 1522 971 1569 Longum
1004 1525 1061 1558 est
1091 1520 1325 1558 aeternitatis

859 1577 1033 1615 infinitae
1064 1578 1218 1625 gloriae,

811 1635 930 1671 Imum
961 1638 1018 1672 est
1048 1635 1304 1680 humanitatis,

805 1692 981 1730 Altitudo
1012 1691 1219 1728 maiestatis

860 1750 963 1787 Tuae
993 1747 1303 1795 praeminentiae.

318 1876 384 1913 22.
418 1874 707 1922 Candelabrum,
740 1874 838 1911 aeris
870 1873 1030 1920 labrum,

471 1931 606 1979 Boves,
638 1931 858 1968 mortariola

417 1988 507 2025 Cum
541 1987 692 2024 tabellis
726 1991 761 2024 et
792 1987 947 2024 fiscellis

472 2043 567 2081 Sunt
597 2043 839 2081 offertoriola.

319 2159 384 2196 23.
421 2158 460 2194 ln
491 2163 529 2194 te
559 2168 689 2194 mensa
719 2162 755 2193 et
787 2168 952 2203 expensa

478 2214 626 2251 Cherub
659 2214 902 2261 tintinabula,

422 2271 554 2308 Dulcis
586 2282 711 2319 sapor,
744 2271 844 2307 mitis
875 2281 1005 2316 vapor,

476 2327 612 2365 Odoris
643 2327 823 2373 turibula,

324 2443 390 2481 24.
423 2441 537 2490 Ignis,
570 2445 655 2477 tura
686 2444 724 2476 et
753 2440 811 2476 his
842 2440 953 2487 plura

475 2497 547 2534 Dei
578 2497 766 2540 utensilia,

421 2554 655 2602 Sanctitatis,
688 2553 872 2590 claritatis

476 2611 526 2647 Et
556 2621 670 2648 aurea
701 2610 835 2648 omnia.

324 2726 389 2763 25.
423 2724 524 2771 Ergo
556 2728 661 2760 tanta
691 2728 840 2770 tamque
871 2726 998 2760 sancta

480 2781 591 2826 Legis
623 2780 893 2817 consummatio

424 2837 502 2873 Nos
534 2837 709 2874 emundet
741 2842 775 2873 et
807 2836 983 2873 fecundet

480 2894 559 2930 'l'na
592 2893 816 2931 benedictio.

1131 1874 1197 1911 26.
1230 1873 1259 1910 O
1294 1873 1403 1909 beata
1433 1871 1630 1921 advocata,

1286 1929 1387 1966 Fons
1419 1928 1713 1971 misericordiae,

1230 1986 1340 2023 Felix
1372 1990 1473 2034 nata,
1507 1984 1598 2022 felix
1632 1985 1720 2022 data

1291 2042 1410 2079 Nobis
1441 2046 1478 2079 et
1509 2042 1691 2078 ecclesiae

1135 2158 1199 2195 27.
1232 2156 1442 2197 Advocata‚
1475 2156 1555 2193 Deo
1586 2159 1705 2205 grata,

1291 2214 1392 2249 Ante
1423 2213 1599 2250 thronum
1631 2212 1776 2259 gloriae

1236 2271 1309 2307 Pro
1339 2269 1522 2316 praelatis
1553 2273 1590 2306 et
1620 2268 1779 2305 sacratis

1292 2327 1388 2363 Voto
1420 2326 1684 2375 continentiae,

1138 2441 1203 2478 28.
1238 2439 1457 2486 Coniugatis
1489 2444 1526 2476 et
1556 2438 1696 2476 renatis

1291 2496 1431 2533 Christi
1464 2501 1500 2532 et
1531 2496 1724 2545 ecclesiae,

1235 2553 1287 2591 Ut
1317 2563 1450 2590 exores
1481 2552 1582 2590 intra
1614 2551 1714 2589 fores

1290 2609 1452 2647 Divinae
1483 2609 1716 2647 clementiae.

1138 2724 1203 2762 29.
1237 2723 1345 2760 Omni
1379 2723 1470 2760 hora
1501 2723 1665 2759 clemens
1696 2733 1763 2760 ora

1294 2781 1366 2817 Pro
1399 2780 1606 2826 redemptis
1636 2779 1819 2827 sanguine

1235 2836 1305 2872 'l'ui
1338 2836 1428 2886 nati,
1459 2835 1641 2873 immolati

1295 2894 1366 2930 l‘ro
1397 2893 1526 2930 mundi
1557 2893 1788 2940 peccamine.
