1914 3223
148 1267 173 1304 0³

863 106 1029 147 73—

559 283 612 319 69.
649 284 729 325 (54.)
763 282 950 320 Adversus
976 284 1213 320 Simoniaeos.

181 445 190 453 .
220 412 358 449 Mundi
390 411 502 448 turba
532 411 764 458 turbulenta,

280 478 388 505 error
419 472 456 505 et
486 467 634 513 divisio,

222 525 400 562 Haeresis
435 524 664 572 Simoniana,

278 581 380 618 zelus
413 586 450 617 et
479 581 636 618 ambitio

223 638 263 674 ln
296 638 501 674 lamentum
534 649 601 674 nos
624 638 856 684 compellunt

277 693 354 731 stili
385 693 454 731 sub
486 692 624 750 officio.

222 843 440 880 Exarentur
470 852 558 889 ergo
591 847 726 880 cuneta

279 899 441 936 strictim
471 909 494 936 a
523 899 726 946 principio,

224 955 283 992 Ex
305 966 378 1003 quo
399 966 566 992 summae
582 955 684 992 sedis
701 956 855 1002 praesul

280 1015 411 1049 sancto
443 1012 576 1049 doctus
607 1012 745 1060 spiritu

223 1068 476 1106 Scelestorum
507 1068 650 1115 probra
682 1068 807 1116 coepit

277 1126 480 1163 emendare
510 1126 667 1172 liquido,

179 1295 188 1304 .
222 1266 335 1303 Cuius
368 1278 440 1303 vox
473 1271 553 1304 erat
583 1271 623 1303 ut
655 1267 776 1314 patris

276 1324 500 1370 corrigentis
531 1323 652 1371 filios;

221 1380 275 1418 Ut
306 1380 470 1427 apostoli
501 1391 571 1417 vox
605 1385 687 1417 erat

278 1437 380 1473 mitis
410 1437 459 1474 ad
493 1437 721 1483 Corinthios,

221 1493 284 1531 Sic
315 1504 356 1530 se
387 1494 515 1530 mitem
547 1493 752 1531 exhibebat

279 1561 369 1597 erga
401 1551 666 1597 coepiscopos:

180 1720 190 1730 .
222 1691 349 1737 Scitis,
379 1690 533 1737 fratres,
564 1703 631 1730 vos
659 1697 854 1740 pastorum

277 1749 490 1796 suscepisse
521 1750 701 1797 regimen,

218 1805 319 1842 Hinc
349 1816 415 1842 vos
448 1807 557 1844 decet
586 1811 627 1843 ut
659 1806 834 1844 doctores

277 1862 440 1909 primum
468 1867 571 1900 recte
601 1863 743 1909 vivere,

220 1918 444 1965 Obsecrare,
476 1920 687 1967 increpare,

275 1976 515 2022 postmodum
547 1987 718 2024 arguere,

220 2116 307 2154 Non
339 2118 471 2165 elatos,
502 2129 577 2156 non
608 2118 771 2166 inflatos,

276 2185 351 2212 non
382 2185 426 2212 ex
459 2175 546 2212 vino
577 2176 761 2223 turgidos,

217 2229 303 2268 Non
334 2231 373 2268 in
405 2236 510 2269 veste
539 2232 720 2278 pretiosa,

274 2288 342 2325 sed
370 2288 512 2326 virtute
540 2287 719 2336 fulgidos,

219 2344 308 2381 Sine
339 2355 452 2382 causa
482 2357 556 2382 non
585 2346 792 2395 laedentes,

276 2407 399 2439 castos
432 2406 544 2449 atque
575 2402 735 2440 sobrios.

177 2572 185 2580 .
218 2541 301 2579 Sint
322 2543 361 2579 in
383 2547 563 2590 promptu
579 2548 682 2590 gesta
700 2547 850 2590 patrum

275 2599 424 2646 sintque
455 2600 577 2636 sancti
609 2610 782 2647 canoneS‚

216 2655 320 2694 Cibis
352 2657 489 2693 vestris
521 2661 741 2693 recreentur

274 2712 420 2749 debiles
451 2723 497 2750 ac
526 2723 729 2761 pauperes,

215 2768 483 2815 Orphanorum
514 2775 636 2806 mater
666 2770 820 2816 plorans

272 2830 360 2863 ante
393 2837 457 2863 vos
482 2837 555 2863 non
587 2826 767 2866 clamitet.

972 414 1008 451 7.

942 1694 1005 1734 10.

941 2120 1006 2158 11.

939 2545 1002 2584 12.

1042 413 1187 451 Cedant
1220 413 1303 460 equi
1334 413 1534 460 phalerati,

1098 470 1232 507 cedant
1266 470 1367 507 caeci
1399 470 1566 509 rabulae.

1040 526 1185 564 Cedant
1219 537 1330 563 canes
1361 531 1559 564 venatores

1096 594 1140 620 ac
1171 583 1367 620 mimorum
1399 582 1550 620 fabulae

1041 639 1091 676 Et
1122 640 1324 686 accipitres
1356 650 1513 686 rapaces

1098 706 1167 732 nec
1198 707 1269 732 non
1299 707 1387 733 aves
1418 697 1606 744 garrulae.

1001 873 1008 881 .
1042 843 1104 880 Ad
1136 843 1229 880 haec
1261 844 1423 882 Simonis
1454 845 1642 890 leprosam

1095 905 1290 937 exsecrate
1322 901 1506 938 haeresim

1041 956 1288 994 Sacerdotum
1319 958 1429 993 simul
1461 963 1573 1004 atque

1096 1013 1218 1051 scelus
1249 1013 1440 1059 adulterii,

1040 1069 1241 1106 Laicorum
1274 1070 1487 1107 dominatus

1097 1127 1207 1163 cedat
1238 1126 1285 1163 ab
1317 1127 1500 1165 eeclesiis

1042 1268 1101 1305 Ex
1123 1279 1196 1314 quo
1218 1267 1346 1305 Simon
1369 1273 1501 1305 eontra
1518 1268 1671 1306 Petrum

1098 1324 1233 1361 turrim
1266 1325 1405 1361 struxit
1437 1325 1595 1372 magiae,

1040 1381 1135 1418 Inde
1166 1381 1303 1418 cecidit
1334 1391 1535 1429 percussus

1097 1438 1269 1485 angulari
1299 1438 1441 1486 lapide,

1041 1494 1181 1532 Contra
1212 1494 1316 1531 euius
1347 1495 1463 1531 ictum
1494 1495 1607 1541 plane

1098 1551 1190 1588 nihil
1224 1557 1279 1587 est
1312 1551 1496 1589 durabile.

1036 1693 1150 1736 Ecce,
1181 1703 1304 1739 papae
1334 1693 1490 1740 gloriosi

1096 1750 1238 1786 monita
1269 1749 1456 1796 Gregorii,

1037 1806 1150 1852 Ecce,
1184 1805 1300 1844 verba
1329 1817 1496 1843 summae
1524 1807 1640 1859 sedis,

1094 1863 1282 1912 praesulis
1313 1862 1501 1912 catholici,

1036 1920 1179 1967 Quibus
1208 1920 1358 1956 irruunt
1388 1920 1426 1955 in
1458 1930 1542 1957 eum

1095 1977 1195 2013 cives
1226 1976 1464 2023 Babylonici.

1038 2119 1210 2166 Hincque
1242 2119 1414 2157 Caesaris
1447 2118 1586 2156 exarsit

1092 2175 1150 2212 ira
1180 2176 1218 2212 in
1250 2175 1422 2221 ecelesia,

1033 2233 1130 2270 Inde
1160 2232 1295 2269 tumuit
1328 2233 1365 2268 in
1398 2243 1480 2268 eum

1092 2289 1309 2336 praesulum
1340 2288 1530 2335 superbia.

1036 2345 1296 2392 sacerdotum,
1330 2345 1555 2393 populorum

1093 2403 1212 2451 surgit
1243 2402 1456 2440 insolentia.

1033 2544 1196 2590 Quorum
1215 2553 1281 2580 rex
1299 2547 1356 2579 est
1367 2543 1465 2580 alter
1478 2542 1665 2590 Christus,

1091 2601 1189 2637 alter
1219 2605 1276 2637 est
1307 2600 1532 2646 Leviat'nan,

1034 2657 1106 2695 Ille
1138 2658 1250 2702 vitae,
1284 2657 1355 2693 iste
1383 2657 1516 2693 mortis

1092 2718 1225 2761 regnat
1255 2723 1370 2760 super
1401 2713 1562 2760 agmina,

1034 2771 1137 2817 Ergo
1167 2781 1324 2817 quorum
1353 2770 1435 2816 quis
1459 2769 1507 2806 sit
1531 2769 1665 2815 victor,

1092 2838 1200 2864 nemo
1228 2837 1341 2864 sanus
1373 2825 1546 2876 ambigit.
