2031 3289
927 218 981 222 —
1040 195 1121 235 306

306 314 369 351 13.
420 310 656 348 Hierusalem
674 309 846 355 linquens
863 313 1044 355 sanctam,

475 367 665 403 civitatem
697 365 890 412 optimam,

415 424 514 460 Vere
545 426 601 459 est
632 432 728 468 quae
758 422 863 468 pacis
895 421 1007 468 visio,

474 478 743 515 descenderam
776 477 936 522 Iericho,

416 536 538 572 Huius
569 534 699 571 mundi
730 534 778 570 ad
811 532 999 570 defectum

476 598 595 629 totum
629 590 717 626 dedi
748 591 924 629 animum.

312 696 376 733 14.
424 695 621 739 Insperate
650 692 846 738 laqueatus

480 749 609 785 cecedi
639 748 874 796 improvidus

422 808 466 845 In
498 816 629 842 manus
660 804 814 841 tandem
845 804 1033 841 latronum

475 862 556 899 dire
587 860 847 909 saevientium,

416 919 481 957 Me
510 923 755 965 quaerentum
790 917 975 954 devorare

473 974 624 1012 leonina
653 973 770 1012 rabie.

312 1079 376 1116 15.
425 1077 597 1124 Captum,
621 1086 782 1122 caesum,
799 1075 1049 1122 vulneratum,

479 1133 693 1180 spoliatum,
727 1132 903 1168 miserum

425 1190 674 1236 Reliquerunt
705 1187 938 1237 semivivum,

479 1247 525 1282 ad
556 1251 696 1282 terram
732 1245 958 1291 depositum,

425 1302 540 1340 Duris
571 1301 722 1338 flatibus
754 1302 961 1347 spirantem

483 1369 654 1405 peneque
685 1359 906 1395 exanimem.

312 1462 376 1500 16.
424 1461 488 1498 Sic
519 1464 556 1496 et.
585 1459 705 1497 omnis
736 1459 833 1496 male
865 1464 1009 1509 captus,

480 1517 631 1554 saeculo
661 1516 725 1562 qui
757 1515 908 1553 deditus

422 1575 585 1612 Sanctae
616 1572 722 1620 pacis
756 1573 939 1609 visionem

485 1630 642 1667 dimittit
670 1629 923 1671 Hierusalem,

425 1686 587 1733 Iericho,
620 1686 732 1723 lunae
764 1684 954 1722 defectum

485 1743 610 1780 adhuc
644 1748 776 1779 tenens
807 1742 972 1792 noxium,

321 1847 385 1884 17.
423 1845 518 1884 Inde
551 1845 660 1882 cadet
691 1845 728 1881 in
760 1845 940 1894 latrones,

485 1901 665 1939 videlicet
695 1902 909 1946 daemones,

425 1958 539 1997 Vitiis
572 1958 758 1994 misellum
789 1958 956 2006 plagant,

482 2015 689 2052 virtutibus
720 2015 897 2061 spoliant,

426 2072 758 2111 Immortalitatem
791 2071 957 2117 demunt,

484 2128 668 2165 rationem
700 2131 900 2174 nequeunt.

318 2230 386 2269 18.
433 2231 512 2268 Iam
549 2226 680 2280 [iacet]
713 2229 817 2265 velut
848 2228 1035 2279 captivus,

492 2286 550 2323 cui
581 2287 705 2323 nullus
738 2286 944 2332 proximus,

432 2345 588 2389 Parens,
618 2347 730 2379 notus
762 2343 822 2380 vel
853 2342 1008 2388 amicus,

491 2399 633 2436 doloris
664 2398 727 2445 qui
759 2399 944 2446 conscius,

434 2456 517 2493 Nisi
548 2456 633 2502 pius
666 2455 767 2492 Deus
799 2466 914 2500 meus,

491 2523 605 2558 super
635 2522 763 2549 omnes
793 2511 988 2558 providus,

320 2628 385 2665 19.
432 2626 619 2663 Sacerdos
651 2635 805 2662 currens
836 2625 1023 2675 transivit,

488 2682 568 2719 viso
599 2692 658 2718 me
688 2682 898 2728 praeteriit,

427 2738 602 2776 Perdidit
633 2738 930 2785 compassionem

484 2806 555 2831 non
587 2796 709 2831 sciens
740 2806 780 2831 se
810 2795 1009 2841 hominem,

428 2853 609 2889 Pietatem
641 2851 782 2888 habens
813 2851 954 2888 nullam

483 2918 549 2944 seu
581 2907 889 2946 misericordiam.

1134 310 1201 347 20.
1234 308 1286 346 Ut
1317 308 1509 354 sacerdos,
1541 308 1596 345 sic
1625 308 1740 345 levita

1284 365 1368 411 ipsa
1398 374 1529 401 tenens
1561 365 1683 410 devia,

1229 421 1358 458 Minor
1387 422 1518 470 gradu,
1552 432 1622 467 par
1651 423 1689 457 in
1720 425 1807 458 actu

1288 477 1402 514 simili
1433 476 1616 524 exhibitu,

1231 533 1362 570 Mente
1391 533 1527 570 transit
1557 534 1639 580 ipse
1670 545 1788 580 prava

1291 590 1417 626 cordis
1449 601 1532 626 cum
1562 590 1714 628 duritia.

1134 691 1201 729 21.
1234 691 1438 727 Transieus
1471 690 1729 727 Samaritanus

1289 747 1408 783 visum
1440 746 1545 784 flexit
1576 747 1751 794 placidus

1231 803 1283 840 Et
1317 804 1486 849 respexit
1516 808 1575 840 me
1606 804 1802 847 iacentem,

1288 859 1444 896 lividum
1477 871 1520 896 ac
1553 859 1727 905 debilem,

1231 916 1373 962 Magna
1403 927 1469 953 sua
1499 916 1640 963 pietate

1289 973 1449 1009 accessit
1480 973 1701 1013 humillime.

1137 1075 1203 1114 22.
1235 1073 1368 1111 Custos
1399 1075 1462 1121 qui
1495 1074 1768 1124 Samaritanus,

1295 1130 1468 1168 Christus
1500 1131 1571 1168 Dei
1601 1131 1713 1177 filius,

1238 1187 1462 1224 Peccatores
1495 1188 1682 1225 sauciatos

1293 1244 1461 1291 respexit
1493 1244 1532 1280 iu
1564 1244 1672 1289 filios,

1239 1303 1273 1338 A
1304 1305 1481 1346 respectu
1510 1300 1574 1346 pio
1606 1301 1710 1338 cuius

1294 1362 1488 1394 recreatur
1518 1357 1687 1404 spiritus,

1140 1460 1206 1497 23.
1238 1458 1371 1496 Secum
1415 1459 1554 1496 ducens
1592 1458 1630 1495 iu
1661 1459 1865 1496 iumentum

1296 1526 1432 1562 corpus
1463 1515 1613 1562 quidem
1647 1526 1823 1552 carneum

1243 1572 1451 1615 Ecclesiae,
1485 1583 1556 1618 quo
1588 1572 1797 1609 sanandum

1301 1629 1485 1674 ducimur,
1517 1629 1566 1665 ad
1597 1628 1799 1674 stabulum,

1245 1685 1372 1732 Plagis
1403 1690 1538 1731 aptans
1569 1685 1664 1734 legis
1695 1686 1821 1722 vinum

1302 1741 1519 1788 gratiaeque
1549 1741 1684 1779 oleum.

1142 1845 1207 1882 24.
1241 1844 1402 1891 Respice
1432 1855 1543 1891 nunc,
1576 1844 1661 1881 Iesu
1692 1844 1853 1891 Christe,

1299 1901 1454 1948 pietatis
1485 1901 1630 1946 unicae,

1242 1957 1374 1994 Flecte
1402 1957 1520 1994 visum
1552 1962 1656 1995 tuum
1687 1958 1736 1995 ad
1767 1967 1837 2001 me,

1299 2013 1440 2061 flagito,
1473 2014 1651 2062 piissime,

1242 2070 1295 2108 Ut
1326 2075 1521 2117 respectus
1551 2081 1687 2117 queam
1718 2079 1800 2107 mea

1301 2128 1484 2174 plangere
1515 2125 1698 2165 facinora.

1150 2230 1217 2267 25.
1250 2229 1467 2275 Respexisti
1502 2228 1691 2275 quondam
1722 2228 1870 2265 Petrum

1305 2289 1462 2332 peccato
1493 2285 1707 2331 obnoxium,

1248 2342 1318 2388 Qui
1349 2347 1542 2388 respectus
1572 2340 1674 2378 flevit
1705 2341 1796 2378 dure

1307 2398 1436 2435 divino
1467 2408 1512 2435 ex
1543 2408 1708 2447 munere,

1249 2455 1312 2492 Ad
1343 2455 1502 2500 gratiam
1533 2459 1765 2492 restauratus

1308 2511 1517 2558 permansit
1545 2511 1750 2558 apostolus.

1156 2626 1221 2663 26.
1257 2625 1474 2671 Respexisti
1504 2629 1540 2662 et
1569 2625 1767 2667 latronem,

1311 2681 1534 2718 sceleratum
1566 2680 1766 2727 hominem,

1254 2738 1303 2775 Ut
1336 2743 1373 2773 te
1402 2739 1523 2775 Deum
1553 2737 1759 2774 maiestatis

1309 2793 1493 2831 fateretur
1523 2794 1694 2838 humilis;

1250 2850 1389 2888 Meruit
1420 2851 1475 2887 sic
1504 2849 1672 2898 paradisi

1312 2912 1435 2944 tecum
1468 2913 1596 2953 portas
1627 2904 1786 2952 ingredi.

1962 3055 2003 3289 l
