1914 3223
667 239 721 244 —-
780 216 860 258 :307
919 239 973 244 —-

55 335 126 372 5a.
168 333 262 379 Ave,
296 335 415 369 mater
444 331 606 368 omnium
860 331 934 371 511.
974 335 1067 380 Ave,
1101 330 1153 368 fili
1185 331 1356 378 numinis,

93 405 97 409 -
166 388 350 435 Funeris,
382 398 475 434 quae
507 386 712 436 proprium,
973 389 1109 426 Verum
1141 397 1276 435 corpus
1309 387 1467 425 hominis

166 446 289 492 Virgo,
321 444 392 482 Dei
424 443 537 481 filium
975 446 1015 482 ln
1048 449 1154 481 utero
1188 444 1342 491 virginis

223 500 405 548 peperisti
416 512 426 545 ς
1029 500 1292 547 Assumpsisti.

53 594 123 631 ou.
165 592 195 630 Ο
227 596 356 635 mator,
388 590 535 637 postula
857 590 931 629 61».
973 592 1003 630 O
1035 590 1100 635 fili,
1134 590 1309 638 precibus

168 648 237 685 Pro
268 648 341 684 reis
371 646 501 684 sedula
970 647 1142 686 Parentis
1175 647 1347 686 dulcibus

222 704 364 742 Donum
396 703 550 750 gratiae,
599 729 604 734 -
1026 704 1134 741 Dona
1166 704 1296 741 veniae

276 759 407 797 Finem
432 759 579 800 bonum.
1080 761 1170 798 Reis
1203 760 1352 799 donum.

526 903 607 938 321.
642 902 722 945 (23.)
758 903 813 938 De
840 903 1111 940 Paenitentia.

520 998 651 1044 Homo,
685 1007 750 1033 cur
779 997 985 1043 extolleris,

519 1054 595 1091 Cur
623 1053 713 1090 luxu
745 1057 781 1090 te
812 1053 942 1090 atteris

518 1111 575 1147 Ac
605 1110 739 1146 ceteris

521 1166 687 1203 Peccatis
717 1171 755 1202 te
784 1166 952 1213 ingeris?

517 1223 586 1270 Qui
618 1221 751 1259 favilla
783 1222 933 1270 diceris,

585 1279 680 1324 Heu,
712 1279 910 1317 considera

583 1335 747 1372 Austera

584 1391 656 1428 Seu
686 1402 822 1438 aspera

576 1442 769 1494 *Ponderffi

582 1504 683 1550 Quae
714 1503 803 1550 fers,
836 1505 885 1543 ad
916 1504 1038 1543 infera

584 1561 725 1598 Trusus
756 1562 906 1607 misera,

520 1617 568 1654 Ni
601 1618 818 1657 cessaveris,

582 1674 691 1723 Vide,
724 1679 824 1721 quot,
854 1685 962 1721 quam
997 1675 1123 1713 dulcia

582 1730 754 1777 Tropaea
785 1741 850 1768 seu
881 1732 1051 1778 praemia

517 1786 662 1824 Poteris

515 1843 689 1890 Assequi,
721 1843 752 1880 si
785 1843 939 1881 sceleris

517 1899 761 1940 Paenitueris.

515 1957 626 2002 Ecce,
659 1957 751 1994 hora
778 1955 918 1995 funeris

583 2013 703 2050 Instat
733 2013 870 2063 dubia;

579 2069 682 2117 Ergo
712 2070 805 2107 vitia

576 2125 736 2163 Gemens
768 2127 890 2175 expia,

512 2182 609 2219 Dum
639 2183 815 2233 loqueris,

513 2237 689 2286 Alioquin
720 2238 877 2281 falleris,

535 2383 615 2419 32³2.
651 2384 732 2426 (24.)
766 2384 823 2419 De
849 2383 1087 2419 Honestate.

422 2478 451 2515 O
480 2488 590 2524 quam
624 2477 728 2527 felix,
760 2479 822 2525 qui
853 2479 970 2516 servit
1002 2478 1172 2527 Domino,

480 2535 547 2573 Cui
578 2535 722 2572 servire
753 2535 866 2572 decus
897 2541 952 2572 est
983 2535 1147 2583 regium!

423 2590 530 2636 Nam,
560 2601 641 2628 cum
673 2596 804 2639 regnet
833 2597 868 2628 et
899 2592 1041 2639 absque
1071 2592 1244 2639 termino,

479 2647 526 2684 Se
557 2653 771 2694 regnantem
805 2648 919 2686 donat
949 2649 986 2686 in
1018 2648 1239 2696 praemium,

423 2703 505 2740 Non
538 2704 708 2741 molestat
739 2715 958 2752 quemquam
992 2704 1131 2751 officio,

425 2760 497 2798 Sed
529 2761 694 2808 gravatis
726 2767 783 2799 est
810 2762 848 2798 in
878 2763 1033 2809 auxilio,

479 2817 579 2854 Onus
611 2817 722 2866 levat,
754 2819 855 2855 tollit
883 2817 1102 2866 fastidium3

535 2874 748 2912 Serviamus
779 2885 868 2921 ergo
897 2876 1076 2912 alacriter

540 2930 632 2978 Regi
666 2930 769 2970 danti
801 2942 957 2980 regnare
988 2931 1136 2979 iugiter.

1312 2995 1384 3030 20*
