2031 3289
917 196 971 199 ——
1032 173 1114 213 204
1171 195 1227 199 —

651 288 716 326 13.
761 286 846 323 Hoc
876 285 1068 333 hymnista
1100 296 1250 323 carmen
1281 285 1389 322 offert

822 352 969 388 pauper
999 341 1120 389 vobis,
1151 346 1353 389 martyres,

767 399 1046 445 Qualecumque
1077 399 1139 447 sit,
1172 403 1302 436 tenere

824 465 955 491 servus
987 458 1112 491 vester
1143 454 1293 493 obtulit.

381 556 562 586 Browerus
582 565 614 595 p.
631 551 673 585 81
693 564 762 595 sq.;
791 553 971 585 Diimmler
988 554 1033 592 11,
1057 551 1124 586 235
1142 564 1192 596 sq.
1214 572 1256 576 ——
1275 551 1305 590 2,
1334 551 1349 584 1
1370 554 1474 592 Quot.
1492 570 1536 575 ——
1553 550 1584 591 8,
1605 550 1620 583 1
1641 563 1791 584 serenus.
1810 571 1853 576 —-

294 598 344 638 11,
376 600 389 631 1
418 610 570 631 serenus.
597 618 638 622 —
668 597 719 637 10,
745 596 767 630 3
792 599 877 630 Post
901 609 1030 631 serens.

571 732 652 768 153.
691 732 771 774 (22.)
809 732 854 766 In
879 731 1010 767 Pestis
1036 731 1304 776 plurimorum
1328 732 1565 776 Martyrum.

498 828 532 864 1.
583 825 808 863 Sanctorum
841 826 988 862 meritis
1019 825 1153 862 inclita
1183 825 1322 872 gaudia

582 883 806 931 Pangamus,
839 882 946 928 socii,
979 887 1159 929 gestaque
1190 881 1319 928 fortia,

580 939 677 976 Nam
708 939 835 987 gliscit
865 939 1012 975 animus
1044 949 1219 985 promere
1252 938 1425 975 cantibus

743 996 940 1033 Victorum
971 1005 1088 1041 genus
1120 995 1316 1041 optimum.

495 1098 533 1134 2.
580 1096 631 1133 Hi
663 1100 763 1143 sunt,
796 1107 888 1143 quos
920 1096 1089 1132 retinens
1120 1095 1282 1132 mundus
1312 1095 1514 1145 inhorruit,

583 1154 713 1199 Ipsum
745 1164 831 1190 nam
865 1152 986 1189 sterili
1016 1152 1109 1189 flore
1140 1152 1362 1199 peraridum

581 1209 769 1257 Sprevere
799 1210 950 1256 penitus
982 1213 1093 1255 teque
1125 1209 1246 1245 secuti
1277 1213 1377 1257 sunt,

746 1266 829 1303 Rex
862 1265 1014 1305 Christe
1046 1265 1156 1312 bone,
1189 1265 1361 1304 caelitus,

1990 1291 1994 1310 l

579 1367 628 1404 Hi
662 1378 732 1413 pro
762 1372 800 1403 te
832 1365 951 1403 furias
981 1370 1094 1413 atque
1127 1366 1270 1403 ferocia
1990 1335 1993 1389 ι

580 1424 785 1462 calcarunt
816 1423 1007 1460 hominum
1039 1433 1228 1469 saevaque
1255 1422 1427 1470 verbera,
1989 1395 1993 1470 i

580 1480 703 1520 Cessit
734 1480 793 1517 his
825 1480 998 1517 lacerans
1030 1478 1183 1518 fortiter
1212 1480 1354 1528 ungula
1990 1485 1993 1528 fl

1990 1532 1993 1576 l

1990 1686 1993 1704 l

496 1369 532 1405 fx>

746 1536 827 1574 Nec
859 1537 1002 1583 carpsit
1033 1536 1258 1583 penetralia.

494 1642 532 1677 4.
584 1639 804 1676 Caeduntur
834 1639 984 1687 gladiis,
1018 1649 1122 1675 more
1152 1637 1365 1675 bidentium

581 1696 667 1732 Non
698 1707 867 1732 murmur
898 1700 1062 1745 resonat,
1095 1706 1169 1732 non
1201 1693 1470 1743 quaerimonia,

580 1753 658 1789 Sed
690 1752 806 1789 corde
836 1753 953 1789 tacito
985 1762 1090 1788 mens
1122 1751 1217 1788 bene
1250 1751 1401 1788 conscia

747 1809 954 1846 Conservat
984 1808 1220 1855 patientiam.

496 1914 533 1949 5.
580 1911 682 1956 Quae
714 1921 802 1959 vox,
836 1920 932 1957 quae
959 1911 1101 1956 poterit
1131 1909 1260 1956 lingua
1292 1913 1477 1953 retexere,

580 1968 682 2012 Quae
711 1971 752 2003 tu
782 1966 1014 2012 martyribus
1046 1977 1202 2002 munera
1233 1964 1469 2012 praeparas?

579 2023 703 2061 Rubri
734 2034 819 2060 nam
851 2022 970 2060 fluido
1001 2023 1183 2070 sanguine
1213 2023 1353 2059 laureis

746 2080 931 2117 Ditantur
960 2080 1055 2116 bene
1086 2078 1254 2126 fulgidis.

495 2185 530 2221 ti,
581 2181 648 2230 Te,
681 2180 784 2217 trina
816 2180 938 2217 deitas
969 2191 1129 2228 unaque,
1161 2180 1364 2226 poscimus,

579 2239 633 2276 Ut
664 2237 794 2284 culpas
827 2237 970 2285 abluas,
1004 2237 1116 2273 noxia
1147 2236 1362 2281 subtrahas,

583 2294 661 2331 Des
692 2305 823 2340 pacem
857 2292 1020 2341 famulis,
1055 2304 1122 2330 nos
1154 2303 1301 2340 quoque
1333 2293 1490 2340 gloriam

752 2352 826 2388 Per
857 2355 992 2387 cuncta
1024 2349 1093 2386 tibi
1123 2350 1287 2386 saecula.

381 2440 488 2471 Psalt.
515 2444 549 2471 et
575 2440 692 2480 hymn.
718 2450 779 2470 ms.
807 2439 1038 2481 Anglicanum
1064 2449 1154 2470 saec..
1179 2436 1251 2469 91210.
1292 2438 1375 2470 Cod.
1402 2438 1512 2469 Vatic.
1539 2438 1623 2479 Κεὶς.
1648 2434 1723 2468 338.
1750 2436 1787 2467 A.
1808 2450 1850 2456 —

288 2486 416 2525 Hymn.
445 2496 506 2516 ms.
533 2486 725 2516 Casinense
752 2495 840 2516 saee.
870 2484 921 2516 10.
971 2484 1053 2516 (jod.
1081 2484 1242 2515 Casinen.
1269 2481 1345 2515 506.
1372 2484 1410 2514 Β.
1433 2501 1477 2506 —
1495 2484 1563 2515 Rit.
1591 2486 1624 2514 et
1648 2482 1762 2522 hymn.
1788 2491 1850 2511 ms.

289 2531 559 2562 Scheftlariense
591 2540 681 2561 saec.
718 2528 769 2561 10.
819 2531 903 2562 Clm.
939 2531 1118 2561 Monacen.
1149 2527 1187 2560 17
1199 2527 1275 2560 072.
1303 2531 1339 2560 C.
1366 2546 1409 2549 ——
1434 2529 1575 2569 Martyr.
1611 2530 1645 2559 et
1669 2526 1849 2558 Collectar.

290 2587 349 2606 ms.
378 2576 410 2607 S.
438 2577 571 2607 Mariae
600 2576 793 2618 Frisingen.
821 2585 910 2607 sace.
940 2573 991 2606 10.
1033 2575 1119 2606 Clm.
1145 2575 1327 2606 Monacen.
1354 2571 1483 2605 27305.
1507 2575 1546 2605 l).
1566 2590 1607 2595 —
1626 2573 1766 2604 collect.
1789 2581 1849 2604 ms.

290 2622 322 2651 S.
361 2622 543 2652 Maximini
578 2622 756 2653 Treviren.
796 2632 886 2652 saec.
922 2618 972 2652 10.
1031 2621 1112 2651 Cod.
1146 2620 1327 2651 Treviren.
1362 2616 1438 2651 592.
1473 2619 1514 2650 E.
1555 2635 1590 2639 —-
1626 2618 1752 2658 Hymn.
1791 2626 1849 2647 ms.

288 2667 541 2698 Moissiacense
566 2677 656 2698 saec..
678 2665 729 2698 10.
771 2667 854 2699 Cod.
880 2667 1041 2698 Rossian.
1070 2667 1154 2697 V111
1185 2663 1257 2696 144.
1282 2666 1317 2696 F.
1337 2683 1379 2687 —
1398 2666 1525 2704 Hymn.
1553 2675 1613 2695 ms.
1633 2663 1665 2694 S.
1685 2661 1849 2694 Iohannis

290 2712 548 2746 Lamlm1en.(“?)
574 2722 665 2743 saec.
687 2710 736 2743 10.
777 2712 860 2743 Cod.
888 2712 1034 2742 Bcrnen.
1059 2710 1136 2742 455.
1156 2711 1196 2742 G.
1218 2728 1257 2731 —
1283 2710 1391 2741 l‘salt.
1417 2714 1451 2741 ct
1468 2709 1583 2750 hymn.
1602 2718 1662 2739 ms.
1681 2706 1850 2738 Mart-hia-

291 2767 398 2788 nonsc
425 2768 514 2788 saec.
541 2754 587 2798 [9.
615 2755 662 2798 et]
690 2755 740 2788 10.
790 2757 873 2788 cod.
901 2758 1055 2788 Dnacen.
1085 2755 1157 2788 170.
1184 2756 1247 2797 Gg.
1267 2772 1309 2777 -
1328 2756 1456 2796 Hymn.
1483 2766 1543 2785 ms.
1573 2755 1849 2785 Beneventanum

291 2812 380 2832 save.
418 2800 467 2833 10.
502 2813 553 2833 cx.
605 2803 686 2835 Cod.
715 2799 876 2834 vatican.
903 2802 1067 2833 Ottobon.
1098 2800 1170 2833 145.
1198 2802 1242 2832 H.
1269 2818 1310 2822 —
1338 2801 1444 2831 Psalt.
1479 2803 1512 2831 et
1544 2799 1658 2840 hymn.
1685 2808 1744 2829 ms.
1769 2797 1849 2827 Far-

290 2847 383 2877 t'ense
420 2858 508 2879 saec.
548 2845 631 2878 ¹⁰s11.
682 2848 763 2879 Cod.
798 2849 942 2879 Roman.
981 2845 1052 2878 175.
1085 2846 1188 2885 (Farf.
1214 2845 1259 2886 4.)
1287 2847 1313 2877 Ι.
1339 2862 1381 2866 —-
1407 2846 1533 2886 Hymn.
1569 2855 1629 2876 ms.
1655 2844 1850 2875 Veronense

290 2903 379 2923 saec.
422 2891 471 2923 11.
530 2893 612 2924 Cod.
650 2894 762 2934 Capit.
797 2893 968 2924 veronen.
1004 2890 1065 2924 109
1088 2890 1189 2932 (102).
1223 2893 1265 2923 Κ.
1299 2908 1341 2912 -
1367 2891 1495 2931 Hymn.
1530 2894 1563 2921 et
1594 2892 1757 2930 Sequent.
1789 2896 1849 2918 ms.

1981 3144 2002 3289 ν-,-
1984 3107 1987 3117 ,
