2031 3289
984 236 1288 279 -246—

380 355 445 393 29.
479 354 532 393 Ut
561 363 631 400 per
663 352 871 403 discipulos

375 744 440 781 30.

374 1134 440 1171 31.

375 1520 440 1557 32.

371 1905 434 1943 33.

374 2292 440 2327 34.

372 2677 435 2713 35.

472 410 601 447 Virtus
631 420 700 458 per
728 409 887 455 populos

526 466 639 503 Tanti
670 465 840 502 miraculi

473 524 570 559 Vere
609 523 834 559 claresceret

472 579 521 616 Et
550 579 622 615 sibi
653 578 836 616 subderet

528 635 728 673 Tumorem
762 634 917 672 saeculi.

472 742 695 780 Ascendens
726 742 841 789 igitur

479 800 522 836 In
554 799 670 836 altum
701 798 848 835 tollitur

530 855 614 893 Suis
645 855 874 900 videntibus,

473 912 582 949 Nube
613 911 819 958 suscipitur

471 968 552 1005 Nec
581 969 682 1005 ultra
712 968 880 1004 cernitur

527 1024 587 1062 Ab
619 1024 896 1063 assistentibus,

473 1134 613 1170 Fertur
644 1133 691 1169 ad
723 1132 889 1178 aethera,

473 1189 747 1226 Transscendit
777 1188 905 1225 sidera

526 1246 782 1292 Nostrumque
810 1245 996 1281 hominem

471 1304 594 1349 Super
624 1302 834 1349 angelicum

470 1359 517 1396 Et
549 1362 669 1396 totum
701 1359 880 1396 caelicum

527 1416 706 1454 Provexit
735 1415 919 1454 ordinem.

474 1518 579 1555 Tunc
608 1517 726 1553 moles
757 1516 910 1564 gravior

471 1575 540 1612 Est
571 1573 672 1611 facta
703 1573 838 1623 levior,

525 1632 617 1670 Cum
651 1641 738 1667 caro
768 1634 906 1676 terrea,

469 1689 579 1725 Prius
610 1686 781 1732 inferior,

471 1745 580 1782 Nunc
611 1748 668 1781 est
698 1743 871 1790 superior

526 1801 573 1838 Vi
602 1799 705 1838 facta
736 1801 858 1848 ignea.

467 1903 612 1950 Gaude,
644 1903 867 1949 mortalitas,

470 1960 585 1997 Redit
616 1960 833 2006 aeternitas,

523 2017 602 2062 Qua
632 2016 893 2063 reparaberis!

469 2073 659 2120 Quidquid
692 2074 739 2110 de
770 2072 900 2110 funere

470 2130 574 2167 Soles
606 2134 783 2177 metuere,

524 2189 603 2225 Iam
635 2198 682 2224 ne
712 2188 892 2224 timueris.

474 2289 550 2327 Dat
581 2289 842 2326 certitudinem

472 2347 557 2383 Vita
589 2357 656 2392 per
686 2346 871 2383 hominem

524 2403 575 2439 Et
605 2403 724 2439 Deum
758 2403 920 2448 reddita,

468 2463 583 2506 Quam
615 2459 652 2495 in
684 2470 724 2496 se
756 2459 936 2506 praetulit,

469 2518 525 2553 Ac
555 2516 622 2553 tibi
655 2516 815 2553 contulit

524 2573 650 2610 Morte
683 2573 868 2619 deposita.

469 2675 498 2712 Ο
525 2686 623 2712 nova
656 2675 840 2721 dignitas!

468 2731 545 2768 Dat
576 2732 697 2768 locum
731 2732 853 2768 deitas

524 2789 698 2825 Humano
734 2789 895 2834 pulveri,

469 2845 621 2881 Nullum
654 2855 693 2881 se
726 2844 917 2891 praeferet

468 2902 570 2947 Opus
602 2903 660 2938 vel
691 2901 860 2938 conferet

527 2958 624 2995 Huic
658 2963 761 2995 tanto
792 2959 908 3005 operi.

1192 354 1256 392 36.

1191 741 1255 780 37.

1190 1132 1254 1170 38.

1188 1517 1252 1555 39.

1190 1905 1253 1941 40.

1184 2290 1249 2326 41.

1288 353 1418 390 Limus
1450 352 1654 397 calcabilis,

1290 409 1400 446 Nunc
1429 408 1636 446 adorabilis

1344 465 1466 511 Super
1493 465 1681 512 caelestia,

1288 522 1449 558 Summis
1482 521 1684 571 virtutibus

1288 577 1670 615 Contremiscentibus

1344 634 1539 672 Gubernat
1569 634 1704 671 omnia.

1287 742 1392 787 Quod
1423 742 1462 778 in
1492 741 1682 788 principio

1287 798 1410 835 Pravo
1441 798 1597 835 consilio

1344 856 1525 893 Perverse
1558 855 1687 901 voluit,

1287 910 1397 948 Nunc
1426 921 1495 958 per
1524 911 1718 960 iustitiam,

1288 967 1372 1004 Non
1404 978 1473 1014 per
1503 968 1716 1016 superbiam

1342 1025 1466 1061 Adam
1498 1024 1673 1062 obtinuit.

1290 1132 1404 1177 Deus,
1439 1132 1526 1169 dum
1558 1132 1694 1180 timuit,

1285 1188 1380 1225 Esse
1407 1199 1479 1225 non
1510 1190 1646 1235 potuit,

1340 1245 1446 1292 Quod
1479 1246 1745 1296 concupierat,

1287 1303 1424 1339 Factus
1460 1306 1517 1339 est
1546 1302 1711 1346 humilis,

1286 1359 1351 1396 Fit
1381 1358 1462 1396 Deo
1492 1359 1638 1404 similis,

1345 1415 1387 1452 In
1420 1416 1535 1452 caelis
1566 1415 1741 1462 imperat.

1286 1516 1358 1553 Hic
1388 1516 1532 1553 umbris
1564 1516 1733 1564 horrida,

1286 1574 1359 1610 Hic
1390 1572 1549 1611 flammis
1580 1573 1728 1611 torrida

1343 1631 1472 1675 Sedes,
1505 1641 1616 1677 quam
1646 1630 1777 1668 habuit

1287 1688 1359 1725 Per
1388 1687 1460 1724 Dei
1489 1686 1606 1724 filium

1288 1744 1487 1780 Paternum
1520 1745 1653 1781 solium

1343 1801 1489 1837 Tenere
1519 1801 1666 1838 meruit.

1286 1903 1438 1953 Hortor,
1473 1913 1519 1939 ne
1550 1903 1689 1953 lugeas,

1285 1960 1419 2007 Homo,
1452 1960 1519 1996 sed
1550 1960 1729 2006 gaudeas,

1339 2018 1455 2063 Quem
1487 2017 1602 2053 caelis
1632 2016 1772 2060 intulit,

1284 2074 1397 2119 Quem
1435 2073 1643 2110 mirabilius

1284 2130 1473 2176 Quemque
1504 2130 1701 2167 sublimius

1340 2188 1380 2223 In
1414 2187 1534 2224 Deum
1566 2186 1712 2225 extulit.

1283 2289 1439 2335 Antiqui
1470 2289 1642 2337 gemitus,

1286 2346 1439 2384 Cessate
1470 2344 1663 2383 funditus!

1340 2402 1422 2439 Non
1455 2407 1511 2439 est
1542 2403 1715 2440 miseriae

1285 2460 1362 2496 Iam
1395 2460 1498 2496 locus
1530 2459 1691 2506 penituS.

1286 2516 1379 2552 Nam
1412 2521 1558 2562 tempus
1590 2516 1745 2553 caelitus

1341 2573 1507 2610 Advenit
1539 2573 1696 2620 gratiae.

1214 2683 1251 2713 “.
1286 2675 1335 2711 Εἰ
1367 2686 1444 2719 vos,
1476 2685 1497 2711 ο
1528 2675 1668 2722 superi,

1286 2731 1361 2768 Iam
1396 2731 1509 2767 vestri
1542 2732 1684 2767 numeri

1341 2788 1486 2825 Damna
1517 2798 1562 2824 ne
1593 2787 1770 2836 plangite,

1285 2844 1359 2882 Sed
1395 2845 1501 2881 novis
1533 2845 1643 2881 sociis

1285 2901 1464 2947 lssxpulsis
1495 2901 1622 2948 impiis

1341 2958 1519 2995 Gaudere
1551 2958 1706 2995 discite!
