2031 3289
630 265 778 302 Idcirco
810 265 935 301 cuncti
964 275 1063 301 nunc
1092 266 1131 301 in
1162 265 1234 303 isto
1261 265 1423 310 saeculo,

548 322 599 359 45
633 321 734 358 Dum
767 321 885 357 currit
915 325 1020 358 aetas
1051 326 1088 358 et
1111 322 1190 358 dies
1222 321 1304 358 aevi
1333 326 1451 367 patet,

631 378 771 414 Rectas
801 388 954 423 agamus
985 378 1138 414 semitas
1169 377 1277 414 firmo
1308 378 1407 424 pede

631 434 712 470 Nec
744 431 962 470 deferamur
991 433 1139 472 lubrico
1170 434 1271 471 latae
1301 435 1397 473 viae.

632 490 806 526 Praestat
838 500 908 536 per
937 495 1058 526 artum
1093 491 1316 527 dimicantes
1347 490 1535 526 tramitem

632 545 851 583 Laboriosis
881 547 1040 583 introire
1072 546 1227 585 nisibus,

550 603 602 640 50
636 602 724 638 vias
756 602 938 639 bonorum
969 603 1090 639 laetus
1121 603 1293 649 agnoscit
1324 602 1438 647 Deus,

636 659 687 695 At
718 659 919 705 impiorum
954 670 1112 705 pronum
1144 660 1218 695 iter
1251 659 1451 697 delebitur.

447 780 529 812 God.
561 781 712 812 Parisin.
744 779 844 813 2122.
871 792 959 813 saec.
998 780 1047 813 10.
1073 782 1113 813 A.
1146 801 1188 804 —
1223 781 1304 814 Cod.
1330 782 1479 813 Parisin.
1511 782 1569 817 (ol.
1595 782 1790 823 Paredien.)
1813 781 1912 816 2772.

358 836 450 858 saec.
478 823 565 857 ¹⁰l11.
590 828 629 858 Β.
657 843 700 847 —
725 825 747 858 4
771 827 991 869 pestilentiae
1017 827 1087 858 AB.
1112 844 1154 848 —-
1180 826 1200 858 5
1226 827 1301 868 lege
1319 827 1388 858 AB.
1414 844 1458 848 —-
1485 826 1505 858 8
1531 828 1585 858 bis
1611 826 1651 858 51
1679 827 1793 860 fehlen
1807 830 1846 860 B.
1871 847 1914 851 —

360 869 401 903 10
434 871 541 902 fluctu
575 872 676 913 plena
709 872 812 904 redde
837 873 875 903 A.
907 891 950 894 —
987 870 1026 903 13
1060 874 1281 913 prosequitur
1305 873 1346 903 A.
1382 889 1425 893 —
1454 870 1494 903 15
1519 874 1577 905 Sic
1601 874 1637 903 in
1662 874 1715 904 ira
1739 874 1779 904 A.
1803 893 1849 896 —
1871 872 1915 907 20

358 926 438 948 nam
475 917 606 948 crimen
642 917 763 949 videns
797 918 837 949 A.
873 934 916 939 —
951 915 991 948 21
1026 919 1224 959 quaestioni
1258 918 1302 950 A,
1334 934 1377 938 —-
1413 915 1457 948 29
1488 918 1684 959 Variaeque
1720 919 1765 950 A.
1797 938 1840 942 —
1872 917 1916 951 33

357 963 525 994 cremavit
549 963 589 993 A.
622 981 666 985 —
697 960 742 994 42
774 962 855 994 fidei
888 974 958 994 non
989 973 1111 1004 gerens
1137 964 1180 993 A.
1216 979 1255 983 —
1288 960 1331 994 48
1364 963 1564 994 dimicantis
1589 963 1628 993 A.
1664 983 1705 986 —
1737 961 1914 997 5010etas

356 1008 396 1039 A.
421 1024 466 1029 ——
490 1007 605 1046 Hartl,
631 1018 663 1049 p.
692 1005 733 1039 18
757 1019 831 1050 sqq.

910 1175 968 1210 50.
1005 1174 1062 1217 (3.)
1100 1175 1283 1210 Psalmus
1308 1175 1360 1210 ΙΙ.

1014 1244 1127 1276 Carm.
1151 1246 1249 1276 VIII.

572 1337 649 1374 Cur
679 1339 809 1382 gentes
841 1335 1029 1373 fremuere
1061 1341 1097 1373 et
1127 1336 1255 1373 inania
1284 1340 1371 1372 sunt
1401 1336 1573 1373 meditati

571 1391 737 1439 Populi?
768 1393 985 1430 Astiterunt
1015 1403 1193 1439 proceres
1226 1403 1308 1429 cum
1340 1393 1491 1439 regibus
1521 1393 1597 1430 acti

564 1450 780 1486 Adversum
811 1449 1013 1486 Dominum
1046 1454 1083 1486 et
1115 1449 1304 1486 Christum
1340 1460 1477 1486 vesana
1509 1448 1735 1500 frementes3

564 1506 726 1543 Vincula
756 1517 986 1552 rumpamuS,
1019 1507 1105 1552 iuga
1137 1506 1383 1543 discutiamus
1414 1516 1554 1545 eorum.

518 1565 539 1600 5
573 1562 645 1608 Qui
676 1567 801 1599 manet
830 1570 985 1599 aeterno
1016 1564 1105 1600 totis
1137 1562 1393 1599 moderamine
1425 1563 1551 1612 caelis,

567 1619 750 1656 Irridebit
783 1630 845 1656 eos
876 1619 1049 1666 iustaque
1078 1620 1253 1666 loquetur
1282 1619 1321 1655 in
1351 1619 1408 1655 ira

567 1675 823 1722 Terribilique
854 1676 981 1713 minax
1014 1676 1129 1713 verbo
1160 1675 1331 1712 turbabit
1360 1675 1529 1722 iniquos;

568 1733 641 1769 Ast
672 1743 740 1779 ego
771 1743 837 1769 rex
869 1732 917 1769 ab
949 1744 992 1769 eo
1022 1732 1135 1779 parili
1167 1732 1309 1769 ditione
1340 1736 1501 1780 creatus,

571 1789 824 1835 Praeceptum
855 1789 1009 1826 Domini
1040 1799 1154 1835 super
1184 1789 1321 1826 almum
1355 1789 1535 1835 praedico
1567 1788 1669 1826 Sion.

485 1845 536 1883 10
567 1845 656 1892 Ipse
687 1846 736 1883 ad
766 1856 826 1882 me
855 1845 1061 1885 Dominus:
1094 1856 1209 1894 meus⁷
1242 1845 1375 1891 inquit,
1408 1843 1512 1882 filius
1544 1856 1583 1882 es
1613 1849 1667 1892 tu,

571 1903 700 1949 Teque
730 1902 844 1939 hodie
874 1903 1006 1950 genui;
1039 1908 1139 1949 pete,
1171 1902 1222 1938 sis
1253 1901 1345 1938 mihi
1375 1903 1549 1948 gentibus
1579 1902 1702 1949 heres,

571 1959 623 1996 Et
652 1963 717 1996 tua
748 1957 931 1996 fundatur
959 1959 1049 1995 totis
1081 1959 1268 2005 possessio
1299 1959 1425 1996 terris.

569 2014 713 2052 Ferrea
744 2016 851 2062 virga
879 2015 950 2052 tibi
982 2020 1050 2063 est,
1082 2015 1209 2052 valido
1240 2014 1328 2061 quia
1357 2016 1439 2052 iure
1469 2019 1654 2052 tumentes

572 2071 673 2109 Orbe
704 2073 803 2119 regis
835 2077 913 2109 toto
943 2072 1117 2119 populos,
1151 2082 1218 2108 ceu
1249 2082 1340 2108 vasa
1371 2077 1520 2108 recocto

487 2128 537 2166 15
570 2127 680 2165 Ficta
711 2129 790 2165 luto
821 2127 1000 2175 frangens
1033 2129 1160 2177 corda,
1193 2133 1233 2164 ut
1264 2128 1421 2165 meliora
1452 2127 1648 2167 reformes,

571 2184 623 2222 Et
653 2196 763 2234 nunc,
798 2196 895 2234 ecce,
928 2195 1056 2222 omnes
1088 2185 1219 2222 stratis
1250 2184 1440 2221 advertite
1472 2196 1580 2232 reges

572 2242 767 2278 Mentibus
799 2247 836 2278 et
867 2242 1090 2288 quicumque
1120 2242 1310 2278 hominum
1342 2240 1566 2279 famulantia
1596 2241 1713 2278 corda

573 2298 719 2335 Iudicio
750 2299 880 2345 regitis
912 2308 1110 2345 rerumque
1141 2298 1278 2334 tenetis
1309 2298 1496 2336 habenas:

573 2354 774 2391 Deservite
804 2355 885 2392 Deo
915 2355 1058 2401 trepidi
1090 2355 1281 2401 mixtoque
1311 2353 1444 2391 fideles

490 2412 540 2448 20
573 2411 773 2448 Exsultate
803 2415 922 2459 metu3
951 2411 1017 2448 fiat
1049 2411 1241 2448 discordia
1272 2421 1427 2447 concors

575 2467 789 2504 Dissimiles
819 2469 969 2505 socians
1001 2467 1156 2505 affectus
1188 2473 1341 2515 pectore
1371 2467 1410 2504 in
1442 2479 1528 2513 un0‚

574 2524 632 2560 Ne
663 2525 775 2561 timor
804 2523 962 2571 adfligat.
992 2530 1136 2561 mentes
1168 2524 1226 2561 vel
1258 2524 1395 2571 gaudia
1426 2525 1589 2573 solvant,

578 2581 618 2618 Si
647 2586 797 2618 careant
829 2582 929 2618 laeto
961 2581 1091 2627 pavidi
1122 2580 1325 2617 formidine
1355 2581 1433 2620 leti.

577 2637 722 2674 Discite
752 2638 934 2676 iustitiam
966 2644 1163 2684 rectosque
1195 2638 1381 2683 capessite
1411 2648 1534 2675 mores

488 2695 540 2732 25
573 2694 622 2731 Et
654 2694 751 2730 iusto
782 2695 972 2740 trepidate
1007 2694 1096 2733 Deo.
1130 2695 1291 2741 gaudete
1322 2694 1496 2741 benigno,

580 2750 638 2787 Ne
669 2751 818 2797 quando
850 2752 1023 2787 meritum
1057 2751 1158 2787 Deus
1189 2751 1376 2787 irascatur
1406 2752 1444 2787 in
1475 2751 1604 2788 orbem

577 2807 726 2853 Vosque
756 2808 815 2844 xia
845 2808 944 2844 iusta
973 2808 1071 2844 iuste
1104 2808 1269 2853 pereatis
1299 2807 1437 2845 abacti.

577 2864 726 2901 Amodo
758 2865 830 2901 iam
863 2864 1010 2900 resilire
1042 2864 1102 2900 via
1133 2864 1346 2910 properetis
1378 2864 1517 2911 iniqua.
