1914 3223
797 156 1077 197 —47—

543 297 601 333 44.
638 299 718 339 1:¹9.)
755 299 802 334 De
829 308 857 334 s.
883 299 1044 335 Iohanne
1070 300 1330 345 Evangelista.

795 369 822 400 Α
836 369 856 400 d
882 371 1068 402 Laudes.
1235 367 1239 370 ⁴

164 471 202 510 1.
237 470 378 517 Magna
409 470 587 507 Iohannis
620 471 752 507 merita

237 528 377 566 Sancta
407 531 553 573 promat
587 528 760 565 ecclesia.

235 584 352 630 Quam
385 583 551 620 tenebris
583 590 754 626 evacuat,

235 640 347 678 Vitae
377 639 504 677 verbis
535 640 707 680 irradiat.

162 732 205 769 2.
237 730 358 767 Huius
390 740 455 767 cor
485 731 522 767 in
554 730 777 767 sublimibus

239 786 400 824 Sanctus
431 787 628 833 suspendit
660 787 831 833 spiritus,

238 843 291 882 Ut
320 842 510 890 profunde
540 843 697 880 latentia

240 900 382 938 Cernat
410 900 488 937 alta
518 900 713 947 mysteria.

981 475 1018 511 3.
1053 474 1092 510 In
1126 474 1190 511 illa
1224 473 1314 510 felix
1350 474 1476 521 aquila

1048 531 1108 566 Ad
1143 541 1265 567 eseam
1299 531 1401 568 volat
1433 531 1557 571 avida,

1052 590 1154 632 Quae
1187 588 1282 624 caeli
1313 587 1416 624 cives
1449 593 1597 634 vegetat

1052 643 1099 679 Et
1136 655 1200 680 nos·
1232 645 1267 680 in
1301 644 1379 680 vita
1411 650 1570 684 recreat.

983 735 1020 770 4.
1052 732 1125 769 Hic
1156 733 1192 769 in
1226 733 1340 771 choro
1371 738 1426 771 tot
1457 734 1617 772 militum

1056 789 1258 826 Primatum
1291 795 1393 827 tenet
1425 792 1623 841 virginum,

1056 845 1119 883 Fit
1150 858 1245 892 agno
1278 847 1331 884 sio
1362 848 1626 895 pedissequus,

1055 901 1106 939 Ut
1139 903 1269 940 matris
1301 904 1531 944 individuus,

637 994 674 1031 5.
708 990 764 1029 Sit
795 991 895 1038 patri
927 992 1008 1028 laus
1043 992 1224 1039 ingenito.

242 1103 342 1134 Brev.
371 1113 432 1133 ms.
452 1104 673 1135 Bisuntinum
701 1113 791 1135 saec.
818 1101 868 1134 14.
911 1102 993 1135 Cod.
1012 1104 1186 1135 Bisuntin.
1213 1102 1265 1136 (³3.
1284 1105 1324 1136 A.
1351 1123 1392 1126 -—
1419 1106 1515 1138 I‘salt
1533 1110 1566 1138 et
1584 1107 1714 1148 Hymu.

149 1158 214 1180 ms.
246 1149 468 1180 Bisuntinuni
505 1159 594 1180 saec.
635 1147 686 1179 15.
737 1148 820 1180 cod.
856 1149 1030 1179 Bisuntin.
1062 1146 1114 1180 64.
1143 1151 1178 1181 Η.
1207 1167 1244 1170 -
1273 1152 1373 1182 Brev.
1408 1162 1468 1182 ms.
1494 1153 1715 1184 Bisuutinum

151 1203 242 1226 saec.
277 1192 328 1225 15.
379 1193 461 1226 Cod.
487 1194 660 1225 Bisuntin.
695 1191 749 1226 68.
776 1196 812 1226 C.
839 1211 878 1216 ——
910 1194 1127 1225 Breviariuni
1154 1196 1374 1227 Bisuntinum
1409 1198 1489 1238 imp.
1526 1208 1553 1228 s.
1580 1198 1601 1229 l.
1627 1203 1659 1230 et
1684 1209 1715 1230 a.

151 1237 195 1271 D.
218 1257 263 1261 —
287 1239 406 1279 Migne
433 1239 453 1270 Ι.
480 1249 507 1270 c.
533 1238 610 1271 944.
636 1239 676 1271 E.
702 1258 746 1262 -—
770 1238 801 1272 4.
831 1238 845 1271 1
874 1240 932 1271 Sic
957 1241 992 1270 in
1018 1239 1122 1270 chon-0
1148 1241 1188 1273 A.
1214 1258 1257 1263 —
1281 1240 1312 1278 4,
1338 1239 1358 1272 2
1383 1242 1581 1274 Primevuin
1606 1244 1645 1275 A.
1672 1260 1715 1265 ——

148 1282 183 1323 5,
211 1283 228 1316 1
255 1284 376 1317 Gloria
400 1285 476 1322 tibi,
503 1285 652 1316 Domine
678 1285 812 1317 ABCD.

570 1462 628 1498 45.
663 1463 745 1504 (30.)
782 1462 819 1498 In
848 1462 1094 1499 conversione
1121 1473 1148 1498 s.
1176 1463 1295 1499 Pauli.

170 1569 207 1607 1.
239 1568 368 1618 Paule,
403 1562 535 1605 doctor
567 1568 727 1615 egregie.

238 1625 347 1662 Tuba
378 1625 554 1672 clangens
587 1625 781 1671 ecclesiae,

981 1571 1019 1608 4.
1054 1571 1150 1608 Dum
1185 1569 1290 1606 verbi
1321 1571 1466 1617 spargit
1493 1571 1648 1616 semina,

1052 1626 1165 1672 Seges
1196 1626 1314 1673 surgit
1347 1626 1550 1667 uberrima.

240 1681 370 1719 Nubes
402 1682 533 1718 volans
563 1682 611 1718 ad
643 1682 823 1719 tonitrum

239 1738 314 1776 Per
343 1739 510 1785 amplum
539 1739 668 1775 mundi
701 1739 896 1782 circulum,

173 1830 214 1868 2.
244 1829 364 1866 Nobis
394 1834 570 1876 potenter
599 1829 728 1866 intona

241 1885 419 1932 Ruraque
451 1886 576 1923 cordis
608 1886 738 1933 irriga,

240 1942 424 1980 Caelestis
454 1942 576 1979 imbre
607 1943 752 1990 gratiae

237 1999 388 2037 Mentes
420 1999 609 2036 virescant
640 2000 784 2037 aridae.

169 2092 208 2129 3.
240 2090 270 2128 O
296 2101 471 2137 magnum
505 2091 612 2128 Pauli
644 2091 839 2127 meritum!

241 2147 396 2186 Caelum
427 2147 647 2185 conscendit
675 2148 842 2196 tertium,

235 2204 356 2241 Audit
387 2203 504 2241 verba
534 2204 718 2250 mysterii.

238 2261 341 2306 Quae
372 2260 485 2298 nullis
516 2261 630 2298 audet
663 2261 799 2307 eloqui.

1053 1682 1113 1720 Sic
1146 1683 1241 1720 caeli
1273 1684 1421 1729 replent
1453 1685 1628 1721 horreum

1054 1739 1242 1776 Bonorum
1277 1739 1403 1786 fruges
1433 1751 1601 1787 operum.

990 1833 1026 1869 5.
1059 1830 1238 1866 Micantis
1269 1841 1371 1867 more
1402 1831 1618 1878 lampadis·

1058 1885 1258 1924 Perfundit
1288 1887 1416 1925 orbem
1449 1888 1578 1935 radiis,

1055 1943 1179 1990 Fugat
1210 1954 1379 1980 errorum
1410 1944 1598 1988 tenebras,

1057 2001 1108 2039 Ut
1140 2000 1219 2036 sola
1250 2006 1379 2049 regnet
1410 2001 1562 2041 veritas,

982 2093 1018 2129 6.
1053 2090 1109 2127 Sit
1140 2091 1241 2137 patri
1272 2091 1354 2128 laus
1385 2091 1564 2140 ingenito,

1053 2147 1107 2184 Sit
1142 2147 1256 2184 decus
1288 2148 1490 2195 unigenito,

1053 2203 1108 2240 sit
1139 2204 1333 2250 utriusque
1363 2205 1476 2251 parili

1052 2260 1234 2298 Maiestas
1266 2272 1408 2298 summa
1440 2260 1593 2299 flamini.

240 2372 335 2404 Orat.
366 2383 428 2404 ms.
466 2374 657 2413 campense
690 2374 771 2404 anni
806 2370 902 2404 1462.
951 2371 1034 2404 eod.
1061 2372 1316 2403 Darmstadien.
1351 2370 1427 2404 521.
1459 2374 1498 2404 Α.
1526 2390 1566 2395 -—
1592 2375 1709 2415 Migne

148 2416 172 2448 l.
198 2427 227 2449 c.
251 2415 327 2450 942.
354 2419 391 2449 B.
418 2435 461 2459 7—-
486 2416 517 2450 4.
545 2418 564 2448 2
590 2419 799 2449 creberrima
825 2419 864 2449 A.
889 2435 934 2439 —
958 2418 1021 2448 Am
1050 2417 1186 2449 Raude:
1222 2418 1269 2457 ..P
1281 2419 1363 2448 etri
1396 2419 1638 2452 Daniiani“.
1669 2422 1708 2450 A.

652 2596 707 2631 46.
743 2596 824 2637 (31.)
862 2595 911 2630 De
937 2596 1065 2630 sancto
1094 2595 1211 2630 Petro.

168 2700 205 2739 1.
237 2701 396 2739 Senatus
428 2701 627 2747 apostolici

238 2758 422 2804 Princeps
455 2762 491 2793 et
522 2768 660 2804 praeco
692 2757 858 2795 Domini.

239 2815 377 2852 Pastor
404 2815 526 2861 prime
558 2813 738 2862 fidelium,

241 2871 398 2910 Custodi
431 2881 580 2919 gregem
614 2870 812 2910 creditum.

984 2702 1021 2740 2.
1055 2701 1128 2737 Per
1158 2711 1298 2747 pascua
1329 2701 1489 2738 virentia

1055 2757 1130 2793 Nos
1164 2757 1267 2793 verbi
1300 2755 1406 2803 fruge
1438 2768 1579 2796 recrea.

1053 2812 1230 2850 Refectas
1261 2824 1348 2850 oves
1381 2815 1556 2860 praevius

1055 2870 1182 2907 (aulis
1214 2868 1313 2906 infer
1344 2870 1582 2908 caelestibus.
