1914 3223
732 197 783 202 —
848 174 921 214 111
984 198 1039 202 --

147 292 184 328 5.
219 290 334 326 Beata
365 289 469 325 cuius
500 288 618 326 ubera
934 287 997 327 11'.
1031 289 1145 325 Cuius
1177 276 1279 336 pium
1310 289 1533 335 pertransiit

217 346 368 383 Summo
399 345 544 391 repleta
576 354 729 382 munere
1029 346 1144 382 Ensis
1177 345 1318 383 doloris
1349 345 1538 392 spiritum,

216 402 345 439 Terris
375 401 526 438 alebant
555 401 701 438 unicam
1029 402 1167 438 Natum
1200 406 1263 439 tuo
1296 402 1342 439 de
1373 412 1531 448 corpore

215 458 358 495 Terrae
390 458 542 504 polique
572 458 744 505 gloriam.
1027 458 1147 494 Deum
1178 460 1272 495 mori
1305 469 1387 495 cum
1419 468 1605 496 cerneres.

149 573 184 610 6.
217 571 371 608 Festiva
402 571 496 618 legis
528 581 622 617 quae
653 570 772 607 sacris
937 571 1000 609 12.
1033 570 1150 616 Quam
1182 570 1261 608 filio
1291 571 1448 608 tonitrui

215 629 277 665 Ad
310 628 387 664 alta
418 627 551 673 templi
582 627 712 664 limina
1034 626 1166 664 Crucis
1199 634 1333 665 tonans
1366 628 1413 664 de
1446 628 1587 665 vertice

219 684 401 722 Caelestis
433 685 540 721 aulae
571 684 780 730 principem
1033 683 1279 721 Commendat
1317 690 1450 721 auctor
1483 684 1660 734 aetheris,

216 741 327 779 Ulnis
359 741 480 777 tulisti
514 740 698 779 dulcibus.
1032 739 1084 778 Ut
1116 741 1220 787 virgo
1252 746 1377 779 servet
1407 741 1604 788 virginem.

149 856 185 894 7.
219 854 332 891 Cuius
365 855 449 891 sinu
479 854 552 890 iam
585 853 784 900 parvulum
929 854 992 891 13.
1024 852 1115 890 Nati
1147 853 1294 900 Deique
1324 854 1398 891 iam
1431 854 1486 891 tui

214 910 318 957 Magi
349 911 522 947 videntes
555 910 748 947 conditum
1025 911 1128 956 Quae
1159 910 1283 948 cernis
1313 911 1411 948 almo
1443 911 1585 947 lumine

212 967 353 1014 Regem
384 967 580 1014 Deumque
611 967 812 1004 maximum
1027 966 1117 1003 Post
1149 967 1233 1004 dira
1263 968 1395 1004 mortis
1427 967 1579 1004 vincula

216 1024 319 1061 Votis
350 1028 556 1071 precantur
587 1024 761 1060 redditis.
1027 1023 1256 1060 Resuscitati
1289 1024 1459 1071 gloriam.

145 1139 182 1176 8.
216 1136 406 1175 Christum
445 1135 570 1174 ferens
601 1136 840 1183 Memphitici
928 1137 992 1174 14.
1026 1136 1165 1173 Lucem
1196 1136 1277 1183 poli
1305 1148 1400 1184 quac
1431 1136 1618 1184 conspicis

211 1195 314 1241 Quae
345 1204 454 1231 sacra
484 1197 635 1230 vertens
662 1193 840 1242 numinis,
1026 1193 1147 1230 Adire
1178 1193 1299 1240 patris
1331 1194 1542 1241 dexteram,

210 1250 407 1298 Deumque
439 1255 595 1287 cernunt
627 1249 759 1299 exteri,
1026 1250 1144 1295 Quam
1177 1250 1300 1296 prima
1331 1251 1451 1298 patris
1485 1250 1532 1287 de
1562 1250 1647 1287 sinu

212 1307 360 1355 Fugant
379 1303 449 1344 ¹sui
479 1317 588 1354 quem
620 1307 755 1354 patria.
1025 1307 1164 1344 Terras
1195 1306 1303 1344 adire
1333 1307 1498 1346 videras.

144 1422 180 1459 9.
211 1421 313 1466 Quae
344 1426 488 1458 maesta
508 1420 639 1457 mundi
661 1419 840 1467 gaudium
930 1419 992 1458 15.
1026 1419 1206 1456 Sublimis
1237 1420 1338 1456 inter
1368 1419 1572 1466 splendida

215 1477 307 1515 Cum
340 1481 448 1524 patre
478 1477 618 1524 Ioseph
649 1476 840 1523 quaeritas
1024 1476 1295 1522 Apostolorum
1326 1476 1454 1514 sidera

214 1532 432 1581 Summique
462 1534 582 1581 patris
612 1533 771 1571 aedibus
1027 1532 1201 1570 Flamma
1231 1533 1403 1580 sacrique
1433 1533 1589 1580 spiritus

213 1591 338 1629 Ovans
369 1591 562 1628 sedentem
594 1590 779 1637 repperis.
1027 1590 1191 1636 Impleta
1220 1590 1353 1627 laudes
1386 1590 1566 1628 concinis.

120 1704 185 1743 10.
218 1704 330 1742 Cuius
361 1708 495 1752 rogatu
524 1703 704 1751 mysticas
935 1704 999 1742 16.
1030 1703 1213 1749 Laudem,
1237 1703 1318 1740 Deo
1339 1714 1449 1750 quam
1473 1702 1664 1750 supplices

215 1760 388 1799 Christus
419 1761 555 1798 sedens
586 1761 636 1798 ad
667 1760 819 1807 nuptias
1032 1760 1183 1797 Christo
1215 1766 1392 1797 canentes
1423 1759 1632 1810 reddimus,

214 1819 344 1865 Aquas
374 1818 414 1855 in
445 1818 544 1855 alma
574 1817 771 1854 transtulit
1033 1817 1176 1854 Christi
1206 1817 1390 1864 genetrix,
1423 1820 1460 1853 et
1491 1821 1556 1855 tua

217 1875 304 1912 Vini
334 1874 505 1912 rubentis
538 1874 684 1921 pocula.
1030 1874 1279 1911 Commendet
1307 1873 1543 1911 intercessio.

502 1988 566 2025 17.
596 1987 768 2033 Hymnos
799 1996 931 2024 sacrae
961 1997 1054 2033 quos
1083 1986 1221 2034 virgini

596 2043 789 2090 Matrique
820 2046 948 2080 castae
980 2042 1152 2091 dicimus,

596 2100 835 2146 Emmanuel,
868 2104 909 2136 tu
939 2101 1089 2146 suscipe

597 2157 791 2203 Tuamque
821 2156 972 2203 plebem
1002 2156 1137 2195 libera.

195 2292 390 2324 Cassander
424 2292 449 2325 1.
486 2303 514 2324 c
552 2303 583 2334 p.
621 2288 688 2323 293
724 2301 799 2333 sqq.
834 2307 876 2312 —
910 2291 978 2322 Str.
1015 2288 1031 2321 1
1065 2290 1136 2321 und
1172 2287 1193 2321 2
1230 2289 1319 2321 auch
1355 2290 1392 2320 in
1424 2288 1567 2321 Collect.
1603 2298 1666 2321 ms.

103 2339 138 2372 S.
163 2337 348 2370 Michaelis
373 2338 601 2380 Bambergen.
635 2346 724 2368 saec.
754 2334 840 2368 ¹⁰l11.
891 2335 973 2368 Cod.
999 2336 1228 2378 Bambergen.
1255 2336 1283 2367 B
1307 2335 1342 2367 II
1370 2331 1411 2366 10
1441 2334 1490 2374 (in
1514 2333 1665 2365 Alkuins

102 2383 282 2425 Traktat,
284 2383 349 2425 ,De
373 2383 475 2415 laude
501 2364 586 2415 Dei“
592 2382 612 2423 ).

488 2550 546 2587 89.
585 2550 664 2591 (11.)
700 2550 745 2584 In
771 2548 908 2585 Natali
934 2548 1065 2584 sancti
1090 2549 1288 2584 Andreae.

701 2620 901 2661 Hymnus
934 2620 1069 2660 prior.

156 2725 190 2762 1.
222 2724 334 2761 Nunc
361 2723 540 2761 Andreae
571 2722 770 2760 sollemnia
967 2723 1006 2759 2.
1038 2721 1153 2766 Quem
1187 2719 1354 2767 piscibus
1385 2729 1454 2766 per
1483 2718 1639 2756 turbida

225 2780 354 2818 Laetis
386 2790 563 2818 canamus
595 2778 797 2827 mentibus,
1039 2777 1137 2814 Dum
1167 2780 1248 2813 rete
1278 2776 1396 2813 nectit
1425 2785 1601 2822 aequora,

222 2837 470 2884 Apostolatus
502 2836 662 2883 gloriam
1040 2833 1212 2872 Christus
1244 2833 1392 2870 vocavit
1424 2842 1506 2869 cum
1537 2832 1614 2869 suis

224 2893 295 2939 Qui
312 2898 421 2931 ornat
438 2892 630 2939 triumpho
650 2891 855 2939 sanguinis.
1039 2891 1102 2928 Ad
1135 2900 1251 2937 regna
1283 2889 1376 2927 caeli
1405 2887 1589 2926 fratribus
