2031 3289
270 313 332 350 79.

270 425 335 463 80.

270 537 335 575 81.

271 649 336 687 82.

271 763 336 801 83.

271 875 335 913 84.

271 988 334 1027 85.

269 1101 335 1140 86.

270 1214 335 1251 87.

270 1327 335 1365 88.

265 1441 331 1478 89.

269 1553 333 1590 90.

269 1665 333 1703 91.

215 1806 218 1808 -
269 1779 331 1816 92.

268 1892 332 1929 93.

269 2005 332 2042 94.

267 2119 332 2155 95.

268 2231 333 2267 96.

268 2343 338 2381 97.

274 2514 338 2551 98.

272 2627 335 2664 99.

245 2738 337 2776 100.

244 2851 335 2888 101.

865 196 1173 236 —504—

383 310 533 358 Templi
564 315 641 347 stat
671 310 792 357 portis
823 309 946 346 aureis

377 368 484 415 Onyx
517 366 652 404 coloris
683 366 859 413 triplicis,

383 422 462 461 Hic
479 422 701 461 flammescit
719 422 981 464 carbunculus,

382 481 492 516 Vitae
523 480 648 516 clarus
680 478 895 525 virtutibus,

384 534 505 574 Ornat
534 536 659 573 aulam
693 535 760 572 sed
790 535 943 571 ultimus

383 593 547 639 Compar
575 592 612 628 in
645 591 760 638 gestis
793 591 954 638 sardius,

383 648 595 686 Luculenta
627 648 882 694 chrysocomis

382 705 531 751 Templi
547 708 774 741 structuram
788 704 984 750 gemmulis

385 760 602 808 Iunguntur
632 760 709 798 vivi
740 760 901 806 lapides,

383 818 524 856 Polivit
554 818 647 853 istos
680 815 830 865 artifex,

384 872 541 912 Constat
571 873 744 910 caelestis
775 873 929 919 specula

384 931 528 967 Harum
559 935 754 976 petrarum
786 928 958 974 formula,

382 985 519 1024 Attriti
549 986 808 1033 corporalibus

384 1043 575 1080 Probandi
605 1042 841 1079 tunsionibus

380 1098 470 1137 Sion
502 1100 585 1136 istis
618 1099 859 1142 construitur,

382 1156 451 1193 His
483 1156 602 1203 petris
636 1155 730 1192 vivis
762 1155 919 1201 cogitur,

382 1211 486 1250 Pace
516 1223 671 1258 regnum
704 1211 954 1258 componitur,

381 1269 466 1306 Non
505 1269 616 1305 bellis
647 1268 769 1306 saevis
803 1268 984 1317 quatitur,

383 1323 487 1363 Ordo
519 1325 656 1371 quietis
687 1325 811 1361 onmia

384 1383 480 1419 Pace
513 1381 679 1428 disponit
710 1381 870 1428 agmina,

377 1437 463 1475 Non
495 1436 654 1485 signifer
685 1438 876 1474 Romuleis

382 1495 564 1540 Coronam
597 1499 723 1540 captat
756 1495 904 1542 aquilis,

381 1549 590 1597 Suspendit
620 1550 732 1587 fidem
765 1551 859 1588 visio

381 1607 494 1654 Regis
527 1612 681 1654 patente
711 1607 817 1656 solio,

382 1662 476 1701 Alta
509 1664 624 1701 corda
654 1674 750 1710 quae
781 1665 913 1710 tenuit,

383 1721 473 1757 Pars
505 1726 674 1767 augetur,
707 1731 781 1757 non
814 1720 953 1768 deficit,

381 1774 535 1814 Caelum
569 1777 662 1814 caeli
695 1788 769 1823 pax
801 1778 938 1823 aperit,

378 1834 481 1879 Quae
511 1835 591 1870 sola
623 1834 763 1870 sanctis
795 1832 932 1877 adfuit,

381 1888 412 1928 Ο
445 1901 601 1935 merces,
641 1890 742 1927 vitae
772 1891 978 1937 speculum,

381 1947 513 1983 Fontis
544 1948 689 1983 aeterni
721 1947 908 1993 poculum,

380 2001 496 2040 Lucis
527 2008 685 2052 creator,
720 2003 890 2047 Domine,

380 2060 468 2106 Quis
508 2060 569 2096 hic
600 2059 716 2096 stabit
746 2060 783 2096 in
815 2071 981 2106 munere,

378 2115 493 2155 Vnde
524 2115 716 2162 profectus
748 2116 937 2153 hominum

378 2173 442 2221 Te,
478 2172 639 2215 Christe,
673 2174 978 2222 promerentium,

381 2228 560 2266 Millenae
604 2233 743 2267 mortes
773 2234 982 2276 martyrum

380 2286 472 2322 Tale
503 2297 576 2322 non
607 2289 769 2332 aequant
795 2287 981 2335 meritum,

385 2341 495 2379 Bona
527 2342 656 2384 bonus,
691 2352 756 2379 rex
788 2343 942 2391 optime,

385 2399 485 2436 Sorti
517 2409 698 2444 procuras
729 2400 905 2446 propriae

387 2509 596 2558 Agonistae
628 2512 798 2557 victoria,

381 2569 437 2605 Tu
468 2578 605 2604 corona
636 2573 713 2604 stas
744 2579 869 2615 aurea,

384 2623 486 2671 Iesu,
520 2625 597 2661 vita
630 2625 845 2671 viventium,

383 2681 477 2727 Spes
509 2686 663 2717 aeterna
695 2682 946 2731 regnantium,

385 2736 531 2774 Nomen
564 2742 664 2774 tuum
699 2738 735 2774 in
768 2739 918 2775 saccula

383 2796 484 2839 Quae
503 2794 614 2841 digne
631 2794 786 2830 laudant
804 2795 982 2837 carmina,

385 2849 539 2886 Trinum
574 2851 745 2896 personis
779 2851 940 2897 applica,

385 2906 458 2943 Sed
490 2917 601 2942 unum
635 2906 670 2943 in
703 2906 926 2947 substantia.

1086 310 1149 349 79.

1083 423 1146 461 80.

1082 535 1147 572 81.

1086 649 1151 686 82.

1085 761 1150 799 83.

1085 875 1149 912 84.

1085 987 1150 1026 85.

1082 1100 1147 1138 86.

1086 1212 1150 1252 87.

1086 1326 1151 1364 88.

1085 1439 1150 1477 89.

1085 1553 1149 1591 90.

1084 1667 1149 1704 91.

1083 1781 1147 1817 92.

1082 1893 1145 1930 953.

1081 2006 1144 2042 94.

1081 2120 1146 2155 95.

1082 2232 1146 2269 96.

1083 2344 1148 2381 97.

1084 2513 1148 2551 98.

1083 2627 1147 2663 99.

1059 2739 1148 2776 100,

1060 2852 1149 2888 101.

1196 308 1314 358 Mitis,
1347 309 1542 356 benignus,
1575 309 1734 355 sobrius,

1196 365 1347 402 Christo
1376 366 1471 402 nihil
1501 366 1706 412 acceptius,

1194 420 1381 468 Exemplo
1411 422 1475 458 lux
1507 426 1544 458 et
1576 423 1763 468 dogmate,

1192 478 1311 515 Matri
1341 479 1489 515 iunctus
1521 475 1739 518 catholicae.

1194 533 1282 571 Non
1313 535 1406 581 legis
1438 535 1561 572 carnis
1589 534 1740 583 inscius,

1201 590 1295 627 Dum
1327 589 1487 628 florebat
1517 590 1734 628 virtutibus.

1199 645 1308 684 'rutis
1340 648 1503 694 adauget
1533 648 1682 694 gaudia,

1198 705 1330 741 Cessat
1362 703 1453 740 ferri
1483 704 1655 741 materia.

1197 758 1327 797 Iactos
1360 760 1464 797 duris
1494 760 1678 797 malleolis

1199 816 1319 854 Cursu
1350 816 1512 853 labentis
1543 815 1739 862 temporis.

1196 872 1340 910 Beatos
1372 883 1467 920 quae
1498 872 1696 920 significat,

1197 929 1353 966 Sanctos
1383 929 1453 966 Dei
1485 940 1579 976 quae
1610 929 1766 976 typicat.

1196 984 1334 1024 Vivaci
1365 986 1455 1022 lima
1486 985 1579 1022 secti
1610 990 1709 1033 sunt,

1197 1042 1293 1079 Inde
1324 1042 1440 1078 muris
1473 1042 1710 1078 conveniunt.

1196 1096 1293 1136 Sunt
1324 1098 1372 1135 ab
1412 1099 1481 1135 hac
1511 1098 1643 1145 procul
1674 1098 1798 1134 omnia

1200 1155 1321 1201 Vitae,
1353 1156 1485 1192 mortis
1519 1154 1748 1192 discrimina.

1198 1210 1341 1249 Terror
1367 1212 1492 1248 letalis
1523 1211 1703 1248 buccinae

1198 1267 1290 1305 Silet
1323 1273 1480 1314 paccato
1512 1268 1642 1305 milite.

1198 1322 1337 1361 Exstat
1367 1325 1498 1371 procul
1529 1325 1588 1361 his
1620 1323 1756 1360 tinibus

1198 1380 1344 1418 Inflatis
1374 1392 1474 1418 mors
1508 1379 1748 1418 draconibus.

1197 1435 1341 1475 Portae
1376 1438 1449 1475 iam
1480 1437 1599 1474 nitent
1632 1436 1797 1484 patulae,

1198 1495 1279 1531 Pax
1310 1506 1384 1531 una
1416 1499 1541 1531 certae
1572 1493 1730 1540 patriae.

1196 1550 1257 1588 Ex
1291 1551 1399 1588 donis
1430 1551 1503 1587 iam
1533 1550 1711 1586 exhibitis

1198 1608 1291 1653 Spes
1322 1608 1462 1653 peribit
1493 1618 1538 1643 ex
1570 1607 1729 1653 superis.

1195 1662 1377 1710 Regnans
1409 1675 1554 1700 sursum
1577 1662 1796 1712 immobilis,

1192 1721 1287 1766 Quia
1318 1720 1620 1757 interminabilis.

1194 1776 1346 1814 Florem
1371 1777 1498 1813 mundi
1520 1777 1604 1813 dum
1624 1781 1792 1813 tererent

1194 1834 1243 1870 Et
1263 1844 1394 1880 pacem
1418 1834 1538 1870 Deum
1555 1838 1792 1879 quaererent.

1194 1889 1315 1927 Ethra
1347 1901 1416 1938 per
1445 1891 1523 1927 alta
1554 1889 1705 1926 bibulos

1196 1946 1408 1985 Sitibundis
1440 1947 1533 1983 dans
1566 1946 1728 1983 rivulos!

1194 2001 1286 2041 Cum
1320 2003 1425 2050 regni
1456 2003 1504 2039 sit
1535 2003 1714 2039 introitus

1193 2060 1342 2097 Merces
1372 2060 1468 2097 actis
1498 2054 1723 2097 laboribus?

1194 2113 1279 2154 Iam
1313 2121 1349 2153 te
1381 2110 1522 2153 fontem
1549 2115 1612 2162 qui
1634 2115 1795 2162 hauriat,

1195 2173 1278 2209 Lux
1309 2178 1462 2210 aeterna
1493 2183 1565 2218 quo
1595 2172 1732 2210 radiat.

1194 2227 1353 2276 Semper
1374 2230 1474 2276 quod
1496 2234 1552 2265 est
1570 2238 1639 2264 nec
1656 2227 1797 2274 deficit,

1196 2287 1265 2324 Cui
1297 2286 1394 2323 bono
1425 2286 1478 2323 nil
1510 2284 1642 2323 officit.

1197 2341 1252 2379 Te
1282 2343 1405 2389 ipsum
1438 2342 1563 2379 dando
1594 2340 1703 2386 filiis3

1196 2399 1293 2444 Quid
1318 2399 1402 2446 plus
1425 2404 1605 2445 quaerant
1630 2398 1667 2434 in
1685 2407 1793 2444 prae-

1527 2454 1637 2490 1niis‘?

1197 2510 1363 2549 Intranti
1397 2511 1586 2558 praebens
1617 2511 1782 2547 lauream

1200 2570 1287 2606 Post
1322 2567 1468 2605 felicem
1503 2567 1711 2604 victoriani.

1196 2623 1339 2661 Amore
1371 2637 1442 2671 quo
1474 2630 1561 2661 tunc
1593 2624 1740 2670 iubilet,

1199 2681 1252 2718 Te
1282 2682 1401 2717 lucem
1433 2681 1495 2727 qui
1527 2680 1729 2726 suscipiet!

1196 2736 1272 2776 Vbi
1306 2738 1426 2774 trinus
1458 2742 1495 2774 et
1525 2738 1648 2774 unitas

1197 2794 1273 2833 Ubi
1302 2805 1397 2831 unus
1429 2800 1466 2830 et
1495 2792 1686 2841 trinitas?²

1200 2849 1337 2888 Totum
1369 2849 1636 2887 indivisibilem

1198 2907 1277 2943 Nec
1308 2907 1488 2953 gradibus
1519 2905 1728 2942 rotabilem.
