<?xml version="1.0" encoding="UTF-8"?>
<!DOCTYPE html PUBLIC "-//W3C//DTD XHTML 1.0 Transitional//EN"
    "http://www.w3.org/TR/xhtml1/DTD/xhtml1-transitional.dtd">
<html xmlns="http://www.w3.org/1999/xhtml" xml:lang="en" lang="en">
 <head>
  <title>
</title>
<meta http-equiv="Content-Type" content="text/html;charset=utf-8" />
  <meta name='ocr-system' content='tesseract 3.04.00' />
  <meta name='ocr-capabilities' content='ocr_page ocr_carea ocr_par ocr_line ocrx_word'/>
</head>
<body>
  <div class='ocr_page' id='page_1' title='image "./hymnographilatin01drevuoft_0685.png"; bbox 0 0 1914 3223; ppageno 0'>
   <div class='ocr_carea' id='block_1_1' title="bbox 238 258 305 299">
    <p class='ocr_par' dir='ltr' id='par_1_1' title="bbox 238 258 305 299">
     <span class='ocr_line' id='line_1_1' title="bbox 238 258 305 299; baseline 0.015 -1"><span class='ocrx_word' id='word_1_1' title='bbox 238 258 305 299; x_wconf 88' lang='lat'>15.</span> 
     </span>
    </p>
   </div>
   <div class='ocr_carea' id='block_1_2' title="bbox 238 531 306 570">
    <p class='ocr_par' dir='ltr' id='par_1_2' title="bbox 238 531 306 570">
     <span class='ocr_line' id='line_1_2' title="bbox 238 531 306 570; baseline 0 0"><span class='ocrx_word' id='word_1_2' title='bbox 238 531 306 570; x_wconf 88' lang='lat'>16.</span> 
     </span>
    </p>
   </div>
   <div class='ocr_carea' id='block_1_3' title="bbox 236 803 301 843">
    <p class='ocr_par' dir='ltr' id='par_1_3' title="bbox 236 803 301 843">
     <span class='ocr_line' id='line_1_3' title="bbox 236 803 301 843; baseline 0.031 -2"><span class='ocrx_word' id='word_1_3' title='bbox 236 803 301 843; x_wconf 89' lang='lat'>17.</span> 
     </span>
    </p>
   </div>
   <div class='ocr_carea' id='block_1_4' title="bbox 237 1076 303 1114">
    <p class='ocr_par' dir='ltr' id='par_1_4' title="bbox 237 1076 303 1114">
     <span class='ocr_line' id='line_1_4' title="bbox 237 1076 303 1114; baseline 0 0"><span class='ocrx_word' id='word_1_4' title='bbox 237 1076 303 1114; x_wconf 88' lang='lat'>18.</span> 
     </span>
    </p>
   </div>
   <div class='ocr_carea' id='block_1_5' title="bbox 234 1347 301 1387">
    <p class='ocr_par' dir='ltr' id='par_1_5' title="bbox 234 1347 301 1387">
     <span class='ocr_line' id='line_1_5' title="bbox 234 1347 301 1387; baseline 0.015 -1"><span class='ocrx_word' id='word_1_5' title='bbox 234 1347 301 1387; x_wconf 90' lang='lat'>19.</span> 
     </span>
    </p>
   </div>
   <div class='ocr_carea' id='block_1_6' title="bbox 231 1621 297 1660">
    <p class='ocr_par' dir='ltr' id='par_1_6' title="bbox 231 1621 297 1660">
     <span class='ocr_line' id='line_1_6' title="bbox 231 1621 297 1660; baseline 0.015 -1"><span class='ocrx_word' id='word_1_6' title='bbox 231 1621 297 1660; x_wconf 91' lang='lat'>20.</span> 
     </span>
    </p>
   </div>
   <div class='ocr_carea' id='block_1_7' title="bbox 237 1893 305 1933">
    <p class='ocr_par' dir='ltr' id='par_1_7' title="bbox 237 1893 305 1933">
     <span class='ocr_line' id='line_1_7' title="bbox 237 1893 305 1933; baseline 0.029 -2"><span class='ocrx_word' id='word_1_7' title='bbox 237 1893 305 1933; x_wconf 85' lang='lat'>21.</span> 
     </span>
    </p>
   </div>
   <div class='ocr_carea' id='block_1_8' title="bbox 236 2166 300 2204">
    <p class='ocr_par' dir='ltr' id='par_1_8' title="bbox 236 2166 300 2204">
     <span class='ocr_line' id='line_1_8' title="bbox 236 2166 300 2204; baseline -0.063 0"><span class='ocrx_word' id='word_1_8' title='bbox 236 2166 300 2204; x_wconf 91' lang='lat'>22.</span> 
     </span>
    </p>
   </div>
   <div class='ocr_carea' id='block_1_9' title="bbox 231 2438 298 2476">
    <p class='ocr_par' dir='ltr' id='par_1_9' title="bbox 231 2438 298 2476">
     <span class='ocr_line' id='line_1_9' title="bbox 231 2438 298 2476; baseline -0.015 0"><span class='ocrx_word' id='word_1_9' title='bbox 231 2438 298 2476; x_wconf 87' lang='grc'>23.</span> 
     </span>
    </p>
   </div>
   <div class='ocr_carea' id='block_1_10' title="bbox 231 2699 298 2737">
    <p class='ocr_par' dir='ltr' id='par_1_10' title="bbox 231 2699 298 2737">
     <span class='ocr_line' id='line_1_10' title="bbox 231 2699 298 2737; baseline 0.015 -1"><span class='ocrx_word' id='word_1_10' title='bbox 231 2699 298 2737; x_wconf 87' lang='grc'>24.</span> 
     </span>
    </p>
   </div>
   <div class='ocr_carea' id='block_1_11' title="bbox 684 146 992 185">
    <p class='ocr_par' dir='ltr' id='par_1_11' title="bbox 684 146 992 185">
     <span class='ocr_line' id='line_1_11' title="bbox 684 146 992 185; baseline 0 0"><span class='ocrx_word' id='word_1_11' title='bbox 684 168 739 173; x_wconf 88' lang='lat'><strong>—</strong></span> <span class='ocrx_word' id='word_1_12' title='bbox 803 146 880 185; x_wconf 63' lang='lat'>125³</span> <span class='ocrx_word' id='word_1_13' title='bbox 939 169 992 174; x_wconf 94' lang='lat'><strong>—</strong></span> 
     </span>
    </p>
   </div>
   <div class='ocr_carea' id='block_1_12' title="bbox 351 259 1236 476">
    <p class='ocr_par' dir='ltr' id='par_1_12' title="bbox 351 259 1236 307">
     <span class='ocr_line' id='line_1_12' title="bbox 351 259 1236 307; baseline 0.007 -13"><span class='ocrx_word' id='word_1_14' title='bbox 351 259 528 296; x_wconf 88' lang='lat' dir='ltr'>Pastores</span> <span class='ocrx_word' id='word_1_15' title='bbox 560 270 720 306; x_wconf 86' lang='lat' dir='ltr'>namque</span> <span class='ocrx_word' id='word_1_16' title='bbox 751 260 1005 307; x_wconf 85' lang='lat' dir='ltr'><strong>loquebantur</strong></span> <span class='ocrx_word' id='word_1_17' title='bbox 1035 261 1236 307; x_wconf 63' lang='lat' dir='ltr'>invicem:&gt;</span> 
     </span>
    </p>

    <p class='ocr_par' dir='ltr' id='par_1_13' title="bbox 352 315 1122 362">
     <span class='ocr_line' id='line_1_13' title="bbox 352 315 1122 362; baseline 0.004 -10"><span class='ocrx_word' id='word_1_18' title='bbox 352 315 494 352; x_wconf 87' lang='lat' dir='ltr'>Eamus</span> <span class='ocrx_word' id='word_1_19' title='bbox 525 326 644 362; x_wconf 89' lang='lat' dir='ltr'>usque</span> <span class='ocrx_word' id='word_1_20' title='bbox 673 316 712 353; x_wconf 93' lang='lat' dir='ltr'>in</span> <span class='ocrx_word' id='word_1_21' title='bbox 742 317 913 353; x_wconf 82' lang='lat' dir='ltr'><strong>Bethlem</strong></span> <span class='ocrx_word' id='word_1_22' title='bbox 947 317 1122 355; x_wconf 82' lang='lat' dir='ltr'>celeriter</span> 
     </span>
    </p>

    <p class='ocr_par' dir='ltr' id='par_1_14' title="bbox 352 371 1168 476">
     <span class='ocr_line' id='line_1_14' title="bbox 352 371 1168 421; baseline 0.004 -13"><span class='ocrx_word' id='word_1_23' title='bbox 352 371 403 408; x_wconf 84' lang='lat' dir='ltr'>Et</span> <span class='ocrx_word' id='word_1_24' title='bbox 435 371 630 410; x_wconf 86' lang='lat' dir='ltr'>videamus</span> <span class='ocrx_word' id='word_1_25' title='bbox 663 373 734 410; x_wconf 88' lang='lat' dir='ltr'>hoc</span> <span class='ocrx_word' id='word_1_26' title='bbox 766 373 812 410; x_wconf 87' lang='lat' dir='ltr'>de</span> <span class='ocrx_word' id='word_1_27' title='bbox 844 374 971 419; x_wconf 71' lang='lat' dir='ltr'>verbo,</span> <span class='ocrx_word' id='word_1_28' title='bbox 1005 375 1168 421; x_wconf 83' lang='lat' dir='ltr'>qualiter</span> 
     </span>
     <span class='ocr_line' id='line_1_15' title="bbox 595 430 908 476; baseline 0.01 -10"><span class='ocrx_word' id='word_1_29' title='bbox 595 430 764 476; x_wconf 86' lang='lat' dir='ltr'>Angelus</span> <span class='ocrx_word' id='word_1_30' title='bbox 797 430 908 469; x_wconf 85' lang='lat' dir='ltr'>dixit.</span> 
     </span>
    </p>
   </div>
   <div class='ocr_carea' id='block_1_13' title="bbox 351 531 1226 749">
    <p class='ocr_par' dir='ltr' id='par_1_15' title="bbox 351 531 1137 578">
     <span class='ocr_line' id='line_1_16' title="bbox 351 531 1137 578; baseline 0.001 -10"><span class='ocrx_word' id='word_1_31' title='bbox 351 531 545 568; x_wconf 81' lang='lat' dir='ltr'>Venerunt</span> <span class='ocrx_word' id='word_1_32' title='bbox 576 542 676 578; x_wconf 81' lang='lat' dir='ltr'>ergo,</span> <span class='ocrx_word' id='word_1_33' title='bbox 710 531 936 569; x_wconf 81' lang='lat' dir='ltr'>invenerunt</span> <span class='ocrx_word' id='word_1_34' title='bbox 967 543 1137 578; x_wconf 85' lang='lat' dir='ltr'>puerum,</span> 
     </span>
    </p>

    <p class='ocr_par' dir='ltr' id='par_1_16' title="bbox 352 587 1120 635">
     <span class='ocr_line' id='line_1_17' title="bbox 352 587 1120 635; baseline 0.003 -11"><span class='ocrx_word' id='word_1_35' title='bbox 352 587 522 635; x_wconf 84' lang='lat' dir='ltr'>Angelus</span> <span class='ocrx_word' id='word_1_36' title='bbox 553 589 648 625; x_wconf 89' lang='lat' dir='ltr'>sicut</span> <span class='ocrx_word' id='word_1_37' title='bbox 683 588 794 634; x_wconf 79' lang='lat' dir='ltr'>dixit,</span> <span class='ocrx_word' id='word_1_38' title='bbox 826 589 864 625; x_wconf 91' lang='lat' dir='ltr'>in</span> <span class='ocrx_word' id='word_1_39' title='bbox 897 590 1120 635; x_wconf 83' lang='lat' dir='ltr'>praesaepio</span> 
     </span>
    </p>

    <p class='ocr_par' dir='ltr' id='par_1_17' title="bbox 351 644 1226 749">
     <span class='ocr_line' id='line_1_18' title="bbox 351 644 1226 693; baseline 0 -11"><span class='ocrx_word' id='word_1_40' title='bbox 351 644 533 691; x_wconf 88' lang='lat' dir='ltr'>Positum,</span> <span class='ocrx_word' id='word_1_41' title='bbox 566 650 736 682; x_wconf 86' lang='lat' dir='ltr'>sanctam</span> <span class='ocrx_word' id='word_1_42' title='bbox 767 646 995 692; x_wconf 82' lang='lat' dir='ltr'>genetricem</span> <span class='ocrx_word' id='word_1_43' title='bbox 1030 646 1226 693; x_wconf 88' lang='lat' dir='ltr'>virginem,</span> 
     </span>
     <span class='ocr_line' id='line_1_19' title="bbox 595 702 1018 749; baseline 0 -11"><span class='ocrx_word' id='word_1_44' title='bbox 595 702 734 748; x_wconf 88' lang='lat' dir='ltr'>Ioseph</span> <span class='ocrx_word' id='word_1_45' title='bbox 766 708 1018 749; x_wconf 80' lang='lat' dir='ltr'>praesentem.</span> 
     </span>
    </p>
   </div>
   <div class='ocr_carea' id='block_1_14' title="bbox 348 803 1271 1022">
    <p class='ocr_par' dir='ltr' id='par_1_18' title="bbox 348 803 1073 841">
     <span class='ocr_line' id='line_1_20' title="bbox 348 803 1073 841; baseline 0.001 -1"><span class='ocrx_word' id='word_1_46' title='bbox 348 803 392 840; x_wconf 93' lang='lat' dir='ltr'>In</span> <span class='ocrx_word' id='word_1_47' title='bbox 425 803 529 840; x_wconf 85' lang='lat' dir='ltr'>eaelo</span> <span class='ocrx_word' id='word_1_48' title='bbox 560 803 671 840; x_wconf 84' lang='lat' dir='ltr'>stella</span> <span class='ocrx_word' id='word_1_49' title='bbox 701 815 798 841; x_wconf 87' lang='lat' dir='ltr'>novo</span> <span class='ocrx_word' id='word_1_50' title='bbox 829 804 933 841; x_wconf 79' lang='lat' dir='ltr'>elara-</span> <span class='ocrx_word' id='word_1_51' title='bbox 965 804 1073 841; x_wconf 86' lang='lat' dir='ltr'>radio</span> 
     </span>
    </p>

    <p class='ocr_par' dir='ltr' id='par_1_19' title="bbox 350 858 1271 909">
     <span class='ocr_line' id='line_1_21' title="bbox 350 858 1271 909; baseline 0.002 -13"><span class='ocrx_word' id='word_1_52' title='bbox 350 858 529 909; x_wconf 72' lang='lat' dir='ltr'>Refulsst,</span> <span class='ocrx_word' id='word_1_53' title='bbox 561 864 649 897; x_wconf 85' lang='lat' dir='ltr'>ante</span> <span class='ocrx_word' id='word_1_54' title='bbox 679 871 774 907; x_wconf 85' lang='lat' dir='ltr'>quae</span> <span class='ocrx_word' id='word_1_55' title='bbox 805 872 994 907; x_wconf 87' lang='lat' dir='ltr'>nunquam</span> <span class='ocrx_word' id='word_1_56' title='bbox 1024 861 1271 908; x_wconf 86' lang='lat' dir='ltr'>resplenduit,</span> 
     </span>
    </p>

    <p class='ocr_par' dir='ltr' id='par_1_20' title="bbox 354 916 1217 1022">
     <span class='ocr_line' id='line_1_22' title="bbox 354 916 1217 964; baseline 0 -10"><span class='ocrx_word' id='word_1_57' title='bbox 354 916 504 954; x_wconf 86' lang='lat' dir='ltr'>Clarior</span> <span class='ocrx_word' id='word_1_58' title='bbox 537 918 682 954; x_wconf 86' lang='lat' dir='ltr'>cunctis</span> <span class='ocrx_word' id='word_1_59' title='bbox 710 918 838 964; x_wconf 85' lang='lat' dir='ltr'>astris,</span> <span class='ocrx_word' id='word_1_60' title='bbox 870 919 1010 955; x_wconf 87' lang='lat' dir='ltr'>mundo</span> <span class='ocrx_word' id='word_1_61' title='bbox 1042 918 1217 955; x_wconf 85' lang='lat' dir='ltr'>nuntians</span> 
     </span>
     <span class='ocr_line' id='line_1_23' title="bbox 595 973 1004 1022; baseline 0.005 -12"><span class='ocrx_word' id='word_1_62' title='bbox 595 973 782 1011; x_wconf 86' lang='lat' dir='ltr'>Gaudium</span> <span class='ocrx_word' id='word_1_63' title='bbox 817 985 1004 1022; x_wconf 84' lang='lat' dir='ltr'>magnum.</span> 
     </span>
    </p>
   </div>
   <div class='ocr_carea' id='block_1_15' title="bbox 349 1075 1299 1295">
    <p class='ocr_par' dir='ltr' id='par_1_21' title="bbox 349 1075 1185 1123">
     <span class='ocr_line' id='line_1_24' title="bbox 349 1075 1185 1123; baseline 0.001 -11"><span class='ocrx_word' id='word_1_64' title='bbox 349 1075 460 1113; x_wconf 86' lang='lat' dir='ltr'>Hanc</span> <span class='ocrx_word' id='word_1_65' title='bbox 491 1076 639 1113; x_wconf 91' lang='lat' dir='ltr'>stellam</span> <span class='ocrx_word' id='word_1_66' title='bbox 671 1076 773 1123; x_wconf 87' lang='lat' dir='ltr'>magi</span> <span class='ocrx_word' id='word_1_67' title='bbox 805 1075 952 1123; x_wconf 81' lang='lat' dir='ltr'>fulgore</span> <span class='ocrx_word' id='word_1_68' title='bbox 983 1077 1185 1123; x_wconf 89' lang='lat' dir='ltr'>perspicuo</span> 
     </span>
    </p>

    <p class='ocr_par' dir='ltr' id='par_1_22' title="bbox 351 1132 1077 1180">
     <span class='ocr_line' id='line_1_25' title="bbox 351 1132 1077 1180; baseline 0.004 -11"><span class='ocrx_word' id='word_1_69' title='bbox 351 1134 394 1170; x_wconf 88' lang='lat' dir='ltr'>In</span> <span class='ocrx_word' id='word_1_70' title='bbox 427 1132 573 1169; x_wconf 91' lang='lat' dir='ltr'>oriente</span> <span class='ocrx_word' id='word_1_71' title='bbox 600 1133 777 1170; x_wconf 79' lang='lat' dir='ltr'>viderunt</span> <span class='ocrx_word' id='word_1_72' title='bbox 807 1134 1077 1180; x_wconf 87' lang='lat' dir='ltr'>resplendere:</span> 
     </span>
    </p>

    <p class='ocr_par' dir='ltr' id='par_1_23' title="bbox 351 1189 1299 1295">
     <span class='ocr_line' id='line_1_26' title="bbox 351 1189 1299 1237; baseline 0 -10"><span class='ocrx_word' id='word_1_73' title='bbox 351 1190 435 1227; x_wconf 89' lang='lat' dir='ltr'>Hoc</span> <span class='ocrx_word' id='word_1_74' title='bbox 466 1189 625 1236; x_wconf 83' lang='lat' dir='ltr'>signum.</span> <span class='ocrx_word' id='word_1_75' title='bbox 659 1189 800 1237; x_wconf 77' lang='lat' dir='ltr'>fantur,</span> <span class='ocrx_word' id='word_1_76' title='bbox 833 1194 907 1227; x_wconf 85' lang='lat' dir='ltr'>tam</span> <span class='ocrx_word' id='word_1_77' title='bbox 941 1189 1139 1235; x_wconf 85' lang='lat' dir='ltr'>famosum,</span> <span class='ocrx_word' id='word_1_78' title='bbox 1171 1189 1299 1227; x_wconf 89' lang='lat' dir='ltr'>nobile</span> 
     </span>
     <span class='ocr_line' id='line_1_27' title="bbox 594 1247 966 1295; baseline 0.003 -11"><span class='ocrx_word' id='word_1_79' title='bbox 594 1247 709 1295; x_wconf 82' lang='lat' dir='ltr'>Regis</span> <span class='ocrx_word' id='word_1_80' title='bbox 741 1251 798 1283; x_wconf 89' lang='lat' dir='ltr'>est</span> <span class='ocrx_word' id='word_1_81' title='bbox 829 1247 966 1294; x_wconf 84' lang='lat' dir='ltr'>magni.</span> 
     </span>
    </p>
   </div>
   <div class='ocr_carea' id='block_1_16' title="bbox 348 1347 1149 1568">
    <p class='ocr_par' dir='ltr' id='par_1_24' title="bbox 348 1347 1102 1397">
     <span class='ocr_line' id='line_1_28' title="bbox 348 1347 1102 1397; baseline 0.001 -13"><span class='ocrx_word' id='word_1_82' title='bbox 348 1347 490 1384; x_wconf 82' lang='lat' dir='ltr'>Eamus</span> <span class='ocrx_word' id='word_1_83' title='bbox 522 1358 623 1397; x_wconf 82' lang='lat' dir='ltr'>ergo,</span> <span class='ocrx_word' id='word_1_84' title='bbox 657 1349 903 1396; x_wconf 82' lang='lat' dir='ltr'>inquiramus,</span> <span class='ocrx_word' id='word_1_85' title='bbox 936 1348 1001 1385; x_wconf 92' lang='lat' dir='ltr'>ubi</span> <span class='ocrx_word' id='word_1_86' title='bbox 1033 1352 1102 1393; x_wconf 79' lang='lat' dir='ltr'>est,</span> 
     </span>
    </p>

    <p class='ocr_par' dir='ltr' id='par_1_25' title="bbox 349 1403 1075 1442">
     <span class='ocr_line' id='line_1_29' title="bbox 349 1403 1075 1442; baseline 0.001 -1"><span class='ocrx_word' id='word_1_87' title='bbox 349 1404 401 1441; x_wconf 83' lang='lat' dir='ltr'>Et</span> <span class='ocrx_word' id='word_1_88' title='bbox 431 1403 631 1442; x_wconf 87' lang='lat' dir='ltr'>offeramus</span> <span class='ocrx_word' id='word_1_89' title='bbox 662 1405 720 1441; x_wconf 94' lang='lat' dir='ltr'>illi</span> <span class='ocrx_word' id='word_1_90' title='bbox 751 1405 886 1442; x_wconf 88' lang='lat' dir='ltr'>saltem</span> <span class='ocrx_word' id='word_1_91' title='bbox 917 1416 1075 1442; x_wconf 85' lang='lat' dir='ltr'>munera</span> 
     </span>
    </p>

    <p class='ocr_par' dir='ltr' id='par_1_26' title="bbox 350 1460 1149 1568">
     <span class='ocr_line' id='line_1_30' title="bbox 350 1460 1149 1508; baseline 0 -10"><span class='ocrx_word' id='word_1_92' title='bbox 350 1460 503 1498; x_wconf 85' lang='lat' dir='ltr'>Nostris</span> <span class='ocrx_word' id='word_1_93' title='bbox 534 1462 662 1499; x_wconf 84' lang='lat' dir='ltr'>oblata</span> <span class='ocrx_word' id='word_1_94' title='bbox 695 1462 742 1498; x_wconf 91' lang='lat' dir='ltr'>de</span> <span class='ocrx_word' id='word_1_95' title='bbox 772 1462 960 1499; x_wconf 83' lang='lat' dir='ltr'>thesauris</span> <span class='ocrx_word' id='word_1_96' title='bbox 990 1462 1149 1508; x_wconf 87' lang='lat' dir='ltr'>optima,</span> 
     </span>
     <span class='ocr_line' id='line_1_31' title="bbox 591 1520 1064 1568; baseline 0.002 -13"><span class='ocrx_word' id='word_1_97' title='bbox 591 1520 749 1566; x_wconf 90' lang='lat' dir='ltr'>Aurum,</span> <span class='ocrx_word' id='word_1_98' title='bbox 781 1523 853 1568; x_wconf 87' lang='lat' dir='ltr'>tus,</span> <span class='ocrx_word' id='word_1_99' title='bbox 886 1530 1064 1557; x_wconf 85' lang='lat' dir='ltr'>murram.</span> 
     </span>
    </p>
   </div>
   <div class='ocr_carea' id='block_1_17' title="bbox 346 1620 1306 1829">
    <p class='ocr_par' dir='ltr' id='par_1_27' title="bbox 346 1620 1306 1668">
     <span class='ocr_line' id='line_1_32' title="bbox 346 1620 1306 1668; baseline 0.001 -10"><span class='ocrx_word' id='word_1_100' title='bbox 346 1621 453 1659; x_wconf 84' lang='lat' dir='ltr'>Haec</span> <span class='ocrx_word' id='word_1_101' title='bbox 483 1620 557 1657; x_wconf 92' lang='lat' dir='ltr'>tria</span> <span class='ocrx_word' id='word_1_102' title='bbox 586 1631 761 1667; x_wconf 84' lang='lat' dir='ltr'>magnum</span> <span class='ocrx_word' id='word_1_103' title='bbox 795 1620 1057 1657; x_wconf 84' lang='lat' dir='ltr'>demonstrant</span> <span class='ocrx_word' id='word_1_104' title='bbox 1086 1621 1306 1668; x_wconf 82' lang='lat' dir='ltr'>mysterium</span> 
     </span>
    </p>

    <p class='ocr_par' dir='ltr' id='par_1_28' title="bbox 347 1677 1177 1724">
     <span class='ocr_line' id='line_1_33' title="bbox 347 1677 1177 1724; baseline 0 -10"><span class='ocrx_word' id='word_1_105' title='bbox 347 1677 470 1724; x_wconf 87' lang='lat' dir='ltr'>Dona,</span> <span class='ocrx_word' id='word_1_106' title='bbox 503 1687 599 1724; x_wconf 89' lang='lat' dir='ltr'>quae</span> <span class='ocrx_word' id='word_1_107' title='bbox 629 1677 710 1714; x_wconf 91' lang='lat' dir='ltr'>Deo</span> <span class='ocrx_word' id='word_1_108' title='bbox 742 1677 958 1724; x_wconf 89' lang='lat' dir='ltr'>hominique</span> <span class='ocrx_word' id='word_1_109' title='bbox 992 1677 1177 1715; x_wconf 85' lang='lat' dir='ltr'>dederant</span> 
     </span>
    </p>

    <p class='ocr_par' dir='ltr' id='par_1_29' title="bbox 347 1734 1180 1829">
     <span class='ocr_line' id='line_1_34' title="bbox 347 1734 1180 1783; baseline 0.001 -13"><span class='ocrx_word' id='word_1_110' title='bbox 347 1734 441 1771; x_wconf 84' lang='lat' dir='ltr'>Tres</span> <span class='ocrx_word' id='word_1_111' title='bbox 473 1734 584 1782; x_wconf 86' lang='lat' dir='ltr'>magi,</span> <span class='ocrx_word' id='word_1_112' title='bbox 618 1738 749 1771; x_wconf 85' lang='lat' dir='ltr'>sancto</span> <span class='ocrx_word' id='word_1_113' title='bbox 778 1734 1011 1780; x_wconf 85' lang='lat' dir='ltr'>perdocente</span> <span class='ocrx_word' id='word_1_114' title='bbox 1042 1734 1180 1783; x_wconf 86' lang='lat' dir='ltr'>spiritu</span> 
     </span>
     <span class='ocr_line' id='line_1_35' title="bbox 590 1791 874 1829; baseline 0.004 -2"><span class='ocrx_word' id='word_1_115' title='bbox 590 1791 699 1828; x_wconf 86' lang='lat' dir='ltr'>More</span> <span class='ocrx_word' id='word_1_116' title='bbox 732 1791 874 1829; x_wconf 81' lang='lat' dir='ltr'>divin0.</span> 
     </span>
    </p>
   </div>
   <div class='ocr_carea' id='block_1_18' title="bbox 348 1892 1248 2109">
    <p class='ocr_par' dir='ltr' id='par_1_30' title="bbox 353 1892 1113 1939">
     <span class='ocr_line' id='line_1_36' title="bbox 353 1892 1113 1939; baseline 0.001 -10"><span class='ocrx_word' id='word_1_117' title='bbox 353 1893 397 1929; x_wconf 90' lang='lat' dir='ltr'>In</span> <span class='ocrx_word' id='word_1_118' title='bbox 429 1903 520 1929; x_wconf 85' lang='lat' dir='ltr'>auro</span> <span class='ocrx_word' id='word_1_119' title='bbox 552 1892 651 1939; x_wconf 85' lang='lat' dir='ltr'>regis</span> <span class='ocrx_word' id='word_1_120' title='bbox 679 1893 803 1939; x_wconf 80' lang='lat' dir='ltr'>signat</span> <span class='ocrx_word' id='word_1_121' title='bbox 835 1893 1113 1939; x_wconf 85' lang='lat' dir='ltr'>excellentiam,</span> 
     </span>
    </p>

    <p class='ocr_par' dir='ltr' id='par_1_31' title="bbox 349 1949 1182 1997">
     <span class='ocr_line' id='line_1_37' title="bbox 349 1949 1182 1997; baseline 0.001 -11"><span class='ocrx_word' id='word_1_122' title='bbox 349 1949 393 1986; x_wconf 92' lang='lat' dir='ltr'>In</span> <span class='ocrx_word' id='word_1_123' title='bbox 425 1953 509 1985; x_wconf 91' lang='lat' dir='ltr'>ture</span> <span class='ocrx_word' id='word_1_124' title='bbox 540 1960 724 1986; x_wconf 92' lang='lat' dir='ltr'>summum</span> <span class='ocrx_word' id='word_1_125' title='bbox 756 1950 992 1986; x_wconf 84' lang='lat' dir='ltr'>sacerdotem</span> <span class='ocrx_word' id='word_1_126' title='bbox 1024 1951 1182 1997; x_wconf 78' lang='lat' dir='ltr'>typicat,</span> 
     </span>
    </p>

    <p class='ocr_par' dir='ltr' id='par_1_32' title="bbox 348 2006 1248 2109">
     <span class='ocr_line' id='line_1_38' title="bbox 348 2006 1248 2054; baseline 0.001 -10"><span class='ocrx_word' id='word_1_127' title='bbox 348 2007 422 2044; x_wconf 93' lang='lat' dir='ltr'>Per</span> <span class='ocrx_word' id='word_1_128' title='bbox 453 2017 616 2043; x_wconf 86' lang='lat' dir='ltr'>murram</span> <span class='ocrx_word' id='word_1_129' title='bbox 650 2006 792 2044; x_wconf 87' lang='lat' dir='ltr'>Christi</span> <span class='ocrx_word' id='word_1_130' title='bbox 824 2007 1058 2053; x_wconf 78' lang='lat' dir='ltr'>sepulturam</span> <span class='ocrx_word' id='word_1_131' title='bbox 1089 2008 1248 2054; x_wconf 77' lang='lat' dir='ltr'>mystice</span> 
     </span>
     <span class='ocr_line' id='line_1_39' title="bbox 591 2063 898 2109; baseline 0.003 -9"><span class='ocrx_word' id='word_1_132' title='bbox 591 2063 742 2109; x_wconf 89' lang='lat' dir='ltr'>Optime</span> <span class='ocrx_word' id='word_1_133' title='bbox 775 2063 898 2102; x_wconf 88' lang='lat' dir='ltr'>docet.</span> 
     </span>
    </p>
   </div>
   <div class='ocr_carea' id='block_1_19' title="bbox 344 2165 1226 2373">
    <p class='ocr_par' dir='ltr' id='par_1_33' title="bbox 348 2165 1146 2214">
     <span class='ocr_line' id='line_1_40' title="bbox 348 2165 1146 2214; baseline 0 -12"><span class='ocrx_word' id='word_1_134' title='bbox 348 2165 462 2214; x_wconf 85' lang='lat' dir='ltr'>Ecce,</span> <span class='ocrx_word' id='word_1_135' title='bbox 498 2169 679 2202; x_wconf 88' lang='lat' dir='ltr'>venerunt</span> <span class='ocrx_word' id='word_1_136' title='bbox 712 2165 810 2212; x_wconf 87' lang='lat' dir='ltr'>magi</span> <span class='ocrx_word' id='word_1_137' title='bbox 842 2166 1146 2213; x_wconf 86' lang='lat' dir='ltr'>Hierosolymam</span> 
     </span>
    </p>

    <p class='ocr_par' dir='ltr' id='par_1_34' title="bbox 344 2221 1226 2270">
     <span class='ocr_line' id='line_1_41' title="bbox 344 2221 1226 2270; baseline 0.001 -11"><span class='ocrx_word' id='word_1_138' title='bbox 344 2222 551 2259; x_wconf 85' lang='lat' dir='ltr'>Dicentes:</span> <span class='ocrx_word' id='word_1_139' title='bbox 586 2221 742 2259; x_wconf 84' lang='lat' dir='ltr'>Stellam</span> <span class='ocrx_word' id='word_1_140' title='bbox 774 2222 938 2259; x_wconf 88' lang='lat' dir='ltr'>vidimus</span> <span class='ocrx_word' id='word_1_141' title='bbox 971 2221 1226 2270; x_wconf 89' lang='lat' dir='ltr'>perfulgidam</span> 
     </span>
    </p>

    <p class='ocr_par' dir='ltr' id='par_1_35' title="bbox 345 2279 1133 2373">
     <span class='ocr_line' id='line_1_42' title="bbox 345 2279 1133 2326; baseline 0.001 -10"><span class='ocrx_word' id='word_1_142' title='bbox 345 2279 391 2316; x_wconf 92' lang='lat' dir='ltr'>In</span> <span class='ocrx_word' id='word_1_143' title='bbox 419 2279 597 2323; x_wconf 78' lang='lat' dir='ltr'>Oriente3</span> <span class='ocrx_word' id='word_1_144' title='bbox 630 2279 693 2315; x_wconf 90' lang='lat' dir='ltr'>ubi</span> <span class='ocrx_word' id='word_1_145' title='bbox 723 2283 792 2323; x_wconf 85' lang='lat' dir='ltr'>est,</span> <span class='ocrx_word' id='word_1_146' title='bbox 825 2280 887 2326; x_wconf 92' lang='lat' dir='ltr'>qui</span> <span class='ocrx_word' id='word_1_147' title='bbox 919 2284 1031 2316; x_wconf 87' lang='lat' dir='ltr'>natus</span> <span class='ocrx_word' id='word_1_148' title='bbox 1064 2284 1133 2326; x_wconf 85' lang='lat' dir='ltr'>est,</span> 
     </span>
     <span class='ocr_line' id='line_1_43' title="bbox 588 2335 960 2373; baseline 0 -1"><span class='ocrx_word' id='word_1_149' title='bbox 588 2336 670 2373; x_wconf 83' lang='lat' dir='ltr'>Rex</span> <span class='ocrx_word' id='word_1_150' title='bbox 702 2335 960 2373; x_wconf 74' lang='lat' dir='ltr'>Iudaeorum?</span> 
     </span>
    </p>
   </div>
   <div class='ocr_carea' id='block_1_20' title="bbox 345 2436 1244 2653">
    <p class='ocr_par' dir='ltr' id='par_1_36' title="bbox 346 2436 1112 2484">
     <span class='ocr_line' id='line_1_44' title="bbox 346 2436 1112 2484; baseline 0 -11"><span class='ocrx_word' id='word_1_151' title='bbox 346 2436 522 2473; x_wconf 90' lang='lat' dir='ltr'>Herodes</span> <span class='ocrx_word' id='word_1_152' title='bbox 553 2448 688 2484; x_wconf 86' lang='lat' dir='ltr'>magno</span> <span class='ocrx_word' id='word_1_153' title='bbox 718 2437 854 2474; x_wconf 92' lang='lat' dir='ltr'>timore</span> <span class='ocrx_word' id='word_1_154' title='bbox 884 2438 1112 2484; x_wconf 90' lang='lat' dir='ltr'>perterritus</span> 
     </span>
    </p>

    <p class='ocr_par' dir='ltr' id='par_1_37' title="bbox 345 2493 1176 2540">
     <span class='ocr_line' id='line_1_45' title="bbox 345 2493 1176 2540; baseline 0 -10"><span class='ocrx_word' id='word_1_155' title='bbox 345 2493 521 2530; x_wconf 88' lang='lat' dir='ltr'>Revolvit</span> <span class='ocrx_word' id='word_1_156' title='bbox 553 2504 680 2531; x_wconf 79' lang='lat' dir='ltr'>sacras</span> <span class='ocrx_word' id='word_1_157' title='bbox 712 2494 985 2540; x_wconf 83' lang='lat' dir='ltr'>prophetarum</span> <span class='ocrx_word' id='word_1_158' title='bbox 1017 2494 1176 2540; x_wconf 83' lang='lat' dir='ltr'>paginas</span> 
     </span>
    </p>

    <p class='ocr_par' dir='ltr' id='par_1_38' title="bbox 346 2550 1244 2653">
     <span class='ocr_line' id='line_1_46' title="bbox 346 2550 1244 2599; baseline -0.001 -12"><span class='ocrx_word' id='word_1_159' title='bbox 346 2550 550 2596; x_wconf 86' lang='lat' dir='ltr'>Praecepit</span> <span class='ocrx_word' id='word_1_160' title='bbox 580 2550 740 2587; x_wconf 88' lang='lat' dir='ltr'>scribis:</span> <span class='ocrx_word' id='word_1_161' title='bbox 774 2551 922 2597; x_wconf 80' lang='lat' dir='ltr'>Legite,</span> <span class='ocrx_word' id='word_1_162' title='bbox 953 2551 983 2587; x_wconf 83' lang='lat' dir='ltr'>si</span> <span class='ocrx_word' id='word_1_163' title='bbox 1015 2560 1144 2587; x_wconf 87' lang='lat' dir='ltr'>verum</span> <span class='ocrx_word' id='word_1_164' title='bbox 1176 2554 1244 2599; x_wconf 89' lang='lat' dir='ltr'>est,</span> 
     </span>
     <span class='ocr_line' id='line_1_47' title="bbox 589 2606 927 2653; baseline 0.006 -9"><span class='ocrx_word' id='word_1_165' title='bbox 589 2606 787 2653; x_wconf 79' lang='lat' dir='ltr'>Scriptura</span> <span class='ocrx_word' id='word_1_166' title='bbox 818 2612 927 2646; x_wconf 86' lang='lat' dir='ltr'>teste.</span> 
     </span>
    </p>
   </div>
   <div class='ocr_carea' id='block_1_21' title="bbox 343 2697 1268 2913">
    <p class='ocr_par' dir='ltr' id='par_1_39' title="bbox 343 2697 1268 2744">
     <span class='ocr_line' id='line_1_48' title="bbox 343 2697 1268 2744; baseline 0.001 -10"><span class='ocrx_word' id='word_1_167' title='bbox 343 2697 573 2744; x_wconf 86' lang='lat' dir='ltr'>Prophetam</span> <span class='ocrx_word' id='word_1_168' title='bbox 606 2697 747 2734; x_wconf 86' lang='lat' dir='ltr'>dudum</span> <span class='ocrx_word' id='word_1_169' title='bbox 781 2697 922 2733; x_wconf 90' lang='lat' dir='ltr'>dixisse</span> <span class='ocrx_word' id='word_1_170' title='bbox 955 2700 1268 2735; x_wconf 86' lang='lat' dir='ltr'>commemorant:</span> 
     </span>
    </p>

    <p class='ocr_par' dir='ltr' id='par_1_40' title="bbox 343 2753 1216 2802">
     <span class='ocr_line' id='line_1_49' title="bbox 343 2753 1216 2802; baseline -0.002 -11"><span class='ocrx_word' id='word_1_171' title='bbox 343 2754 395 2791; x_wconf 88' lang='lat' dir='ltr'>Et</span> <span class='ocrx_word' id='word_1_172' title='bbox 426 2759 478 2802; x_wconf 91' lang='lat' dir='ltr'>tu,</span> <span class='ocrx_word' id='word_1_173' title='bbox 512 2754 697 2800; x_wconf 89' lang='lat' dir='ltr'>Bethlem,</span> <span class='ocrx_word' id='word_1_174' title='bbox 732 2754 770 2790; x_wconf 93' lang='lat' dir='ltr'>in</span> <span class='ocrx_word' id='word_1_175' title='bbox 801 2757 904 2790; x_wconf 85' lang='lat' dir='ltr'>terra</span> <span class='ocrx_word' id='word_1_176' title='bbox 938 2753 1032 2790; x_wconf 85' lang='lat' dir='ltr'>Iuda</span> <span class='ocrx_word' id='word_1_177' title='bbox 1063 2753 1216 2790; x_wconf 88' lang='lat' dir='ltr'>minima</span> 
     </span>
    </p>

    <p class='ocr_par' dir='ltr' id='par_1_41' title="bbox 343 2809 1204 2913">
     <span class='ocr_line' id='line_1_50' title="bbox 343 2809 1204 2860; baseline -0.002 -12"><span class='ocrx_word' id='word_1_178' title='bbox 343 2811 593 2857; x_wconf 85' lang='lat' dir='ltr'>Nequaquam</span> <span class='ocrx_word' id='word_1_179' title='bbox 624 2810 712 2860; x_wconf 84' lang='lat' dir='ltr'>eris,</span> <span class='ocrx_word' id='word_1_180' title='bbox 745 2820 790 2847; x_wconf 83' lang='lat' dir='ltr'>ex</span> <span class='ocrx_word' id='word_1_181' title='bbox 822 2815 859 2846; x_wconf 87' lang='lat' dir='ltr'>te</span> <span class='ocrx_word' id='word_1_182' title='bbox 892 2810 966 2846; x_wconf 81' lang='lat' dir='ltr'>(lux</span> <span class='ocrx_word' id='word_1_183' title='bbox 999 2809 1204 2859; x_wconf 85' lang='lat' dir='ltr'>egreditur,</span> 
     </span>
     <span class='ocr_line' id='line_1_51' title="bbox 588 2867 937 2913; baseline 0 -9"><span class='ocrx_word' id='word_1_184' title='bbox 588 2867 702 2904; x_wconf 79' lang='lat' dir='ltr'>Iacob</span> <span class='ocrx_word' id='word_1_185' title='bbox 733 2867 795 2913; x_wconf 89' lang='lat' dir='ltr'>qui</span> <span class='ocrx_word' id='word_1_186' title='bbox 828 2867 937 2912; x_wconf 84' lang='lat' dir='ltr'>regit.</span> 
     </span>
    </p>
   </div>
   <div class='ocr_carea' id='block_1_22' title="bbox 89 2932 895 2970">
    <p class='ocr_par' dir='ltr' id='par_1_42' title="bbox 89 2932 895 2970">
     <span class='ocr_line' id='line_1_52' title="bbox 89 2932 895 2970; baseline 0.001 -11"><span class='ocrx_word' id='word_1_187' title='bbox 89 2966 93 2970; x_wconf 28' lang='grc' dir='ltr'><strong><em>ι</em></strong></span> <span class='ocrx_word' id='word_1_188' title='bbox 115 2932 279 2969; x_wconf 77' lang='lat' dir='ltr'>Dreves,</span> <span class='ocrx_word' id='word_1_189' title='bbox 306 2935 511 2962; x_wconf 72' lang='lat' dir='ltr'>Lateinisclie</span> <span class='ocrx_word' id='word_1_190' title='bbox 532 2935 815 2969; x_wconf 75' lang='lat' dir='ltr'>Hyninen=.lichter</span> <span class='ocrx_word' id='word_1_191' title='bbox 854 2934 895 2961; x_wconf 89' lang='lat'>11.</span> 
     </span>
    </p>
   </div>
  </div>
 </body>
</html>
