2031 3289
219 310 271 345 13.

220 525 273 559 14.

218 739 271 774 15.

217 931 270 988 16.

221 1169 272 1204 17.

220 1384 272 1419 18.

218 1600 270 1634 19.

215 1804 272 1849 20.

220 2029 273 2064 21.

219 2243 274 2279 22.

220 2459 274 2494 23.

307 313 365 345 Da
389 314 522 352 timere,
546 312 590 344 da
614 311 733 344 videre

353 358 482 390 Lucem
507 367 610 389 verae
635 357 726 395 fidei,

306 403 422 435 Iesum
447 403 633 441 Christum,
659 403 877 434 benedictum

353 448 516 480 Fructum
541 449 673 480 ventris
700 448 806 480 nivei.

314 527 459 559 Tuearis
485 537 538 558 me
563 526 752 568 praeclaris

355 572 504 614 Cingens
530 572 810 609 charismatibus,

311 617 407 649 Orna
430 617 541 655 donis,
568 627 657 658 quae
682 617 842 658 probaris

355 663 448 695 Dare
473 663 591 704 pronis
616 662 802 694 mentibus.

309 741 379 773 Fac
402 751 456 773 me
480 741 611 779 mitem,
635 743 674 772 ut
696 740 846 772 devitem

353 787 455 824 Iram,
481 786 588 823 litem,
616 785 745 824 odium,

306 832 377 863 Fac
401 831 598 869 amandum,
631 832 760 868 mitem,
786 829 962 870 blandum,

354 876 514 915 Gravem,
540 879 690 914 cautum,
717 875 884 908 sobrium.

307 955 443 988 Circum
452 959 606 997 spectum
632 958 666 987 et
690 955 888 996 perfectum,

357 1001 506 1039 Fortem,
532 1004 675 1039 rectum,
700 1000 876 1038 humilem,

307 1047 504 1078 Patientem
532 1049 566 1078 et
590 1046 804 1087 prudentem,

353 1091 521 1123 Mundum
545 1091 683 1123 flentem
707 1091 869 1124 flebilem.

310 1171 463 1207 Castum,
489 1181 612 1212 purum
638 1181 679 1202 ac
703 1175 887 1210 maturum,

353 1216 477 1248 Mundi
501 1216 666 1247 mundum
692 1217 848 1255 maculis,

306 1262 522 1294 Timoratum
548 1264 582 1293 et
605 1265 776 1293 armatum

354 1306 470 1339 Sacris
496 1310 632 1348 patrum
658 1307 797 1349 regulis.

311 1385 470 1418 Clemens
495 1386 572 1417 dele
597 1386 796 1428 parentelae

353 1433 454 1463 Meae
478 1435 603 1463 cuncta
628 1431 769 1470 scelera,

308 1478 378 1509 Des
406 1478 564 1519 cognatis
589 1478 730 1518 pietatis

356 1523 454 1554 Tuae
478 1525 578 1565 grata
602 1523 747 1553 viscera.

310 1601 420 1635 Stella
445 1602 561 1639 maris,
591 1601 754 1642 largiaris

354 1648 443 1679 Meis
468 1648 559 1678 caris
584 1647 745 1689 gratiam,

312 1693 413 1724 Vivis
438 1693 572 1724 cunctis
598 1702 639 1724 ac
663 1692 835 1724 defunctis

355 1737 444 1769 Mihi
469 1738 598 1769 iunctis
623 1738 774 1769 veniam.

308 1817 425 1848 Meum
450 1819 592 1858 patrem,
619 1826 730 1848 meam
754 1820 899 1848 matrem

354 1863 431 1894 Duc
456 1863 494 1893 in
518 1865 652 1903 partem
677 1861 863 1900 dexteram,

307 1908 397 1939 Meis
422 1907 515 1939 notis
540 1907 661 1939 dextra
685 1907 784 1939 fortis

355 1952 488 1984 Subda‘t
513 1950 670 1991 mortis1)
693 1954 860 1994 viperam.

311 2031 442 2063 Christi
468 2034 607 2072 praesta
629 2030 729 2062 fortis
754 2031 886 2069 dextra,

354 2077 418 2114 Tu,
445 2076 596 2108 fenestra
624 2075 784 2115 aetheris,

312 2123 409 2162 Quae
434 2125 468 2153 te
493 2121 617 2163 pandis
644 2125 677 2153 et
701 2121 869 2163 expandis

355 2167 564 2199 Liberandis
590 2167 738 2198 miseris.

310 2246 367 2278 Me
391 2250 574 2284 terrenum,
601 2256 654 2277 me
680 2256 825 2288 egenum

357 2293 433 2323 Duc
457 2291 501 2323 ad
526 2291 664 2333 plenum
691 2291 867 2333 gaudium,

309 2338 365 2369 Da
392 2337 501 2369 locari
527 2340 561 2368 et
585 2336 708 2368 laetari

356 2383 396 2414 In
421 2385 515 2414 terra
539 2383 742 2413 viventium.

311 2461 536 2503 Serpentinas
562 2462 598 2492 in
623 2471 677 2493 me
702 2462 819 2503 spinas

355 2508 541 2549 Nunquam
567 2507 662 2538 sinas
687 2517 850 2543 crescere,

310 2552 338 2584 A
365 2562 525 2594 pressura
552 2562 604 2583 mc
629 2555 775 2583 ventura

356 2598 420 2629 Pia
444 2607 527 2629 cura
552 2601 677 2639 tegere.

959 199 1042 240 472

1035 310 1090 344 24.

1034 737 1088 773 26.

1038 952 1092 987 27.

1034 1168 1089 1203 28.

1035 1383 1089 1417 29.

1035 1597 1090 1633 30.

1035 1812 1089 1847 31.

1035 2027 1090 2062 32.

1037 2241 1092 2277 33.

1127 313 1213 345 Cum
1237 312 1416 344 districtus
1442 316 1475 345 et
1501 314 1652 345 invictus

1171 357 1280 389 Iudex
1305 357 1464 390 Christus
1489 359 1634 397 venerit,

1125 403 1204 435 Vox
1226 403 1370 435 terroris
1396 406 1430 434 et
1454 403 1607 435 horroris

1170 448 1272 480 Cives
1298 447 1393 480 orbis
1417 447 1570 489 fregerit,

1059 545 1090 559 ·.
1125 527 1225 558 Tunc
1249 526 1384 568 indigni
1410 529 1444 558 et
1469 526 1611 568 maligni

1171 571 1321 604 Flebunt
1344 572 1420 614 igni
1445 571 1576 603 subditi

1125 616 1173 648 Et
1198 617 1353 648 internas
1378 619 1412 648 et
1437 620 1597 649 externas

1170 663 1309 703 Lugent
1332 671 1462 703 poenas
1486 662 1622 704 perditi.

1125 741 1215 778 Heu,
1240 740 1324 782 quid
1347 740 1423 779 feci,
1449 750 1510 772 cur
1533 741 1644 773 obieci

1171 786 1324 817 Mentem
1348 785 1427 817 neci
1451 786 1629 817 nesciam?

1125 830 1216 871 Heu,
1241 831 1325 870 quid
1350 831 1417 872 egi,
1442 840 1503 862 cur
1527 831 1675 874 perfregi

1169 876 1335 908 Normam
1363 876 1424 907 leti
1450 877 1608 908 sociam?

1130 955 1206 994 Quo
1220 958 1302 986 tunc
1315 965 1468 997 pergam,
1486 966 1555 997 quo
1568 966 1622 988 me
1635 958 1781 994 vertam,

1174 1001 1285 1040 Quem
1308 1003 1390 1032 tunc
1416 1010 1580 1042 quaeram
1605 1001 1782 1033 medium?

1130 1046 1206 1085 Quo
1231 1049 1387 1087 patrono,
1413 1047 1513 1077 cuius
1538 1046 1628 1078 dono

1172 1091 1301 1133 Iungar
1325 1091 1430 1122 choro
1456 1092 1584 1123 ovium.

1127 1171 1236 1210 Quem
1261 1171 1446 1211 requiram,
1481 1180 1541 1211 per
1565 1180 1666 1212 quem
1695 1171 1784 1202 iram

1170 1216 1308 1247 Possim
1333 1215 1429 1246 illam
1453 1215 1582 1257 fugere.

1125 1261 1193 1293 Per
1217 1271 1320 1302 quem
1343 1261 1458 1292 Iesum
1484 1270 1588 1302 saepe
1613 1261 1746 1292 laesum

1172 1307 1304 1346 Queam
1329 1306 1455 1337 flexum
1480 1306 1645 1338 reddere?

1126 1384 1156 1416 O
1180 1385 1305 1423 Maria,
1330 1384 1415 1416 mihi
1442 1384 1500 1426 pia

1172 1431 1229 1463 Sis
1254 1431 1291 1461 in
1317 1430 1372 1461 die
1398 1429 1551 1467 Domini,

1123 1476 1222 1507 Tunc
1247 1475 1400 1507 adiutrix
1425 1478 1459 1506 et
1483 1474 1699 1513 conducti-ix,

1168 1520 1272 1552 Modo
1298 1521 1415 1552 nutrix
1444 1520 1604 1551 subveni.

1127 1600 1307 1631 Meliorem
1333 1599 1388 1631 vel
1413 1600 1590 1637 maiorem,

1174 1646 1286 1684 Quam
1309 1654 1402 1676 nunc
1427 1655 1531 1682 orem,
1556 1645 1673 1675 nescio

1127 1690 1199 1722 Nec
1217 1699 1413 1731 personam,
1438 1699 1540 1730 quam
1561 1698 1785 1731 praeponam,

1172 1735 1290 1776 Aeque
1318 1735 1444 1766 bonam
1471 1736 1594 1766 sentio.

1127 1814 1227 1854 Quod
1252 1815 1387 1845 sincero
1412 1813 1514 1845 corde
1539 1823 1680 1856 quaero,

1174 1859 1304 1892 Saltem
1329 1869 1404 1891 sero
1430 1859 1555 1897 tribue,

1126 1906 1318 1938 Intestinae
1342 1915 1396 1936 me
1422 1905 1542 1936 ruinae

1170 1950 1236 1982 Vel
1261 1952 1297 1981 in
1321 1949 1388 1981 fine
1413 1960 1504 1981 erue.

1127 2030 1156 2061 O
1180 2029 1316 2065 decora,
1341 2029 1455 2060 Iesum
1482 2038 1553 2065 ora,

1171 2074 1221 2106 Ut
1245 2075 1282 2105 in
1307 2073 1393 2105 hora
1418 2073 1540 2105 ultima

1126 2120 1236 2151 Reum
1262 2119 1382 2156 salvet,
1410 2129 1510 2150 omne
1535 2119 1638 2157 levet,

1173 2164 1350 2205 Quidquid
1377 2168 1480 2204 pavet
1504 2165 1631 2196 anima.

1129 2245 1184 2276 Da
1208 2245 1272 2275 sim
1299 2247 1422 2282 tecum,
1448 2247 1482 2275 et
1502 2245 1549 2275 sis
1576 2254 1706 2276 mecum

1173 2289 1263 2321 Ante
1288 2299 1437 2331 aequum
1462 2289 1621 2326 iudicem,

1127 2335 1225 2367 Tunc
1249 2334 1422 2366 absconde
1442 2338 1475 2365 et
1500 2334 1644 2366 reconde

1173 2378 1297 2412 Verbis
1324 2379 1467 2421 placans
1492 2379 1675 2412 vindicem.

1127 2458 1183 2491 Sis
1209 2468 1355 2501 persona
1382 2461 1416 2490 et
1440 2462 1597 2490 matrona

1171 2504 1219 2536 Et
1243 2504 1287 2536 da
1314 2504 1405 2535 bona
1431 2504 1569 2537 stantia.

1126 2551 1182 2583 Sis
1208 2549 1339 2581 medela
1365 2553 1398 2580 et
1423 2549 1541 2580 tutela.

1173 2596 1251 2627 Mea
1277 2594 1355 2626 vela
1381 2595 1506 2635 turpia.

673 2674 726 2708 35.
764 2676 820 2707 Me
847 2674 1019 2716 impendo.
1046 2685 1099 2705 me.
1123 2673 1325 2705 commendo

808 2721 886 2752 Tibi
908 2719 1032 2758 flendo,
1058 2719 1208 2755 domina,

764 2767 819 2797 Me
845 2766 990 2807 dignare
1015 2774 1220 2796 conservare

811 2811 920 2843 Caeco
949 2807 1032 2842 dare
1057 2809 1199 2842 lumina.

316 2924 341 2958 ¹}
376 2924 429 2960 20.
454 2925 475 2957 4
500 2927 623 2958 Mortis
650 2926 773 2958 subdat
801 2927 862 2957 lis.
889 2942 931 2946 —
