1914 3223
750 201 804 206 —-
863 179 944 219 485
1004 202 1058 206 -

484 353 567 390 32³5.
604 355 662 395 (2.)
698 356 875 399 Hymnus
901 357 948 391 de
974 358 1124 393 Sancto
1152 357 1323 402 Spiritu.

238 460 274 498 1.
323 460 352 497 O
393 459 502 506 ignee
538 459 709 508 spirituS,
750 460 832 497 laus
864 461 933 498 tibi
965 462 1025 506 sit,
1059 463 1120 510 qui
1153 463 1190 499 in
1223 463 1416 511 tympanis
1448 469 1483 501 et
1516 463 1685 511 cytharis

118 526 303 563 operaris,

233 574 272 611 2.
317 572 467 610 Mentes
512 572 702 609 hominum
746 572 793 610 de
831 577 869 610 te
908 573 1069 622 flagrant
1110 580 1147 613 et
1187 575 1434 614 tabernacula
1477 577 1687 614 animarum

120 639 255 666 corum
288 629 387 667 vires
417 629 584 675 ipsarum
617 629 821 667 continent.

239 687 275 725 3.
322 685 416 722 Inde
459 686 632 723 voluntas
671 686 843 723 ascendit
885 690 921 722 et
962 690 1110 733 gustum
1151 688 1298 725 animae
1339 688 1496 736 tribuit,
1538 693 1575 726 et
1606 689 1686 726 eius

120 742 278 779 lucerna
308 745 366 779 est
397 742 641 781 desiderium.

235 801 273 837 4.
320 799 541 836 Intellectus
582 802 619 835 te
659 799 697 836 in
742 798 960 836 dulcissimo
1001 810 1092 836 sono
1134 801 1294 838 advocat
1334 812 1379 838 ac
1410 801 1584 840 aedificia
1615 801 1687 839 tibi

121 865 208 892 cum
241 855 500 892 rationalitate
530 859 654 904 parat,
687 866 783 902 quae
814 855 852 892 in
883 856 1009 892 aureis
1041 856 1220 902 operibus
1251 857 1378 897 sudat.

235 912 273 951 5.
320 912 378 949 Tu
412 915 536 949 autem
568 922 718 958 semper
749 911 915 958 gladium
947 912 1065 949 habes
1096 913 1214 961 illud,
1247 911 1541 966 absci[n]dere,
1587 914 1689 962 quod

120 968 270 1006 noxiale
300 978 451 1015 pomum
482 978 552 1015 per
582 968 827 1016 nigerrimum
858 969 1105 1006 homicidium
1136 968 1298 1019 profert,

234 1027 271 1064 6.
317 1024 474 1070 Quando
519 1025 658 1062 nebula
703 1025 934 1063 voluntatem
980 1029 1017 1062 et
1063 1026 1254 1064 desideria
1299 1027 1416 1075 tegit,
1461 1027 1499 1064 in
1547 1026 1684 1074 quibus

120 1081 246 1119 anima
276 1081 379 1118 volat
410 1086 446 1118 et
477 1081 643 1128 undique
673 1082 822 1121 circuit.

235 1139 270 1176 7.
318 1137 394 1175 Sed
425 1149 530 1175 mens
561 1142 618 1175 est
648 1138 812 1186 ligatura
842 1138 1047 1176 voluntatis
1080 1143 1116 1176 et
1148 1140 1343 1180 desiderii.

232 1196 269 1233 8.
317 1195 411 1232 Cum
442 1205 532 1232 vero
562 1195 708 1232 animus
739 1205 780 1231 se
810 1195 862 1232 ita
894 1195 1016 1242 erigit,
1049 1196 1149 1242 quod
1183 1197 1343 1243 requirit
1374 1196 1559 1243 pupillam
1593 1195 1684 1233 mali

117 1252 249 1290 videre
279 1255 316 1288 et
346 1252 538 1289 maxillam
569 1251 781 1298 nequitiae,
823 1255 865 1288 tu
896 1261 980 1289 eum
1013 1252 1123 1290 citius
1154 1253 1192 1290 in
1224 1254 1311 1300 igne
1343 1253 1556 1299 comburis,
1601 1263 1683 1289 cum

121 1308 298 1346 volueris.
381 1307 385 1312 '

231 1367 270 1403 9.
315 1364 391 1402 Sed
443 1368 478 1401 et
530 1375 612 1401 cum
663 1364 903 1402 rationalitas
954 1375 994 1402 se
1043 1376 1113 1412 per
1158 1366 1256 1402 mala
1301 1375 1418 1413 opera
1464 1364 1512 1401 ad
1559 1374 1681 1411 prona

116 1421 306 1468 declinat,
347 1426 388 1458 tu
428 1431 532 1466 eam,
577 1432 659 1457 cum
701 1421 780 1470 vis,
823 1422 980 1469 stringis
1020 1426 1056 1459 et
1098 1420 1306 1469 confringis
1348 1426 1384 1458 et
1426 1421 1578 1458 reducis
1611 1430 1680 1468 per

115 1477 343 1515 infusionem
376 1478 733 1524 experimentorum.

200 1535 265 1573 10.
311 1534 469 1580 Quando
508 1538 633 1571 autem
664 1535 802 1571 malum
833 1534 883 1572 ad
913 1538 951 1571 te
982 1535 1148 1582 gladium
1183 1545 1288 1572 suum
1321 1533 1461 1584 educit,
1505 1538 1547 1570 tu
1577 1533 1674 1570 illud

116 1591 155 1629 in
187 1602 252 1628 cor
280 1591 384 1628 illius
414 1590 580 1638 refingis,
611 1591 708 1628 sicut
738 1591 777 1628 in
804 1590 927 1638 primo
949 1591 1100 1638 perdito
1122 1591 1256 1639 angelo
1279 1589 1416 1635 fecisti,
1449 1589 1515 1627 ubi
1535 1590 1671 1627 turrim

115 1647 318 1695 superbiae
349 1648 452 1684 illius
482 1648 520 1684 in
551 1646 742 1684 infernum
775 1647 963 1686 deiecisti.

201 1705 266 1743 11.
312 1704 363 1741 Et
398 1704 451 1741 ibi
491 1704 604 1741 aliam
647 1704 781 1741 turrim
822 1704 860 1740 in
892 1704 1106 1751 publicanis
1139 1708 1176 1740 et
1206 1702 1474 1750 peccatoribus
1506 1702 1680 1747 elevasti,

113 1761 177 1809 qui
208 1761 278 1798 tibi
309 1765 468 1808 peccata
497 1771 565 1798 sua
596 1771 677 1797 cum
710 1760 888 1807 operibus
920 1761 996 1798 suis
1028 1759 1272 1800 confitentur.

200 1818 265 1856 12.
312 1817 424 1856 Unde
464 1827 592 1854 omnes
625 1821 833 1864 creaturae,
865 1828 962 1864 quae
993 1817 1041 1854 de
1066 1821 1105 1854 te
1135 1818 1285 1866 vivunt,
1311 1820 1350 1854 te
1383 1816 1557 1862 laudant,
1590 1816 1679 1863 quia

115 1878 156 1912 tu
198 1874 512 1921 pretiosissimum
554 1880 782 1921 unguentum
825 1884 864 1911 es
906 1872 1038 1911 fractis
1075 1878 1112 1910 et
1142 1872 1297 1911 foetidis
1329 1872 1571 1919 vulneribus,
1614 1872 1679 1909 ubi

114 1931 183 1968 illa
212 1931 251 1968 in
283 1931 577 1977 pretiosissimas
607 1941 773 1978 gemmas
806 1930 1007 1968 convertis.

203 1989 268 2026 13.
315 1987 427 2025 Nunc
477 1987 636 2034 dignare
684 1998 752 2024 nos
801 1998 930 2024 omnes
981 1988 1029 2025 ad
1080 1990 1118 2024 te
1168 1986 1346 2033 colligere
1392 1991 1430 2023 et
1476 1985 1525 2023 ad
1572 1989 1681 2022 recta

112 2044 255 2082 itinera
286 2044 461 2091 dirigere¹
523 2044 658 2084 Amen,

463 2221 545 2257 326.
582 2221 640 2264 (3.)
677 2221 900 2266 Sequentia
926 2222 973 2256 de
1000 2220 1150 2258 Sancta
1175 2220 1319 2256 Maria.

231 2328 266 2365 1.
314 2327 344 2365 Ο
386 2327 492 2374 virga
531 2337 577 2364 ac
618 2327 794 2364 diadema
834 2337 1028 2374 purpurae
1068 2326 1188 2375 regis,
1233 2336 1329 2373 quae
1362 2335 1401 2362 es
1431 2325 1471 2362 in
1502 2325 1678 2362 clausura

112 2386 182 2421 tua
213 2384 311 2420 sicut
340 2383 473 2423 lor-ica.

233 2442 270 2478 2.
319 2440 376 2476 Tu
407 2438 589 2477 frondens
619 2438 782 2476 floruisti
812 2439 850 2476 in
882 2439 958 2477 alia
980 2438 1256 2488 vicissitudine,
1290 2449 1399 2485 quam
1422 2437 1547 2476 Adam
1569 2447 1678 2475 omne

113 2506 234 2544 genus
265 2496 468 2534 humanum
499 2496 742 2543 produceret.

228 2555 264 2591 3.
311 2553 404 2602 Ave,
439 2563 520 2603 ave,
555 2553 602 2590 de
632 2556 696 2590 tuo
728 2556 860 2589 ventre
890 2551 966 2590 alia
997 2552 1075 2589 vita
1106 2551 1302 2599 processit,
1339 2562 1412 2597 qua
1432 2551 1557 2588 Adam
1578 2550 1676 2589 filios

116 2619 203 2647 suos
235 2609 509 2647 denudaverat.

231 2667 268 2704 4.
316 2665 346 2703 O
387 2663 478 2715 flos,
521 2669 563 2703 tu
602 2676 676 2703 non
717 2665 936 2713 germinasti
979 2665 1026 2702 de
1067 2674 1152 2701 rore
1187 2673 1257 2700 nec
1291 2664 1337 2700 de
1369 2664 1484 2711 guttis
1515 2663 1680 2711 pluviae,

111 2731 183 2759 nec
213 2733 278 2759 aer
315 2721 480 2768 desuper
510 2727 548 2759 te
579 2722 748 2771 volavit,
791 2721 859 2759 sed
892 2721 1018 2759 divina
1053 2721 1206 2758 claritas
1237 2720 1274 2756 in
1307 2719 1543 2758 nobilissima
1573 2720 1681 2768 virga

113 2781 151 2815 te
210 2789 229 2815 r
283 2778 376 2816 uxit.

182 2790 206 2827 p
231 2778 280 2874 gd
317 2835 347 2873 Ο
390 2834 519 2882 virga,
566 2833 811 2872 floriditatem
852 2838 953 2872 tuam
993 2834 1096 2871 Deus
1137 2833 1175 2870 in
1215 2833 1337 2879 prima
1379 2832 1440 2870 die
1481 2837 1679 2871 creaturae

118 2901 208 2929 suae
238 2891 496 2938 praeviderat.
