2031 3289
961 204 1265 246 —116—

378 319 444 357 45.
477 318 682 356 Obscaenis
710 318 863 355 nimium

532 376 668 413 studiis
700 375 841 424 dedita,

470 436 606 473 Verbis
639 441 673 474 et
707 436 877 474 sensibus

531 497 568 529 et
599 497 704 540 gestu
735 493 900 543 garrula,

473 555 615 601 Mollis,
649 555 896 604 incontinens,

379 613 443 650 50.
532 612 643 658 plena
674 611 842 662 lascivia,

469 674 621 710 Ardens
651 672 822 710 libidinis

528 729 832 779 intemperantia,

478 791 627 829 Polluta
655 791 858 828 menstruis

526 852 562 884 et
593 849 684 885 luxu
714 848 882 895 sordida,

373 912 436 948 05.
469 912 572 957 Quae
600 921 674 947 non
705 913 901 956 expeteret

531 967 650 1003 coitus
679 966 859 1014 praemia,

472 1028 531 1065 Ne
561 1040 634 1065 non
665 1027 891 1066 habentibus

529 1084 637 1122 fieret
667 1096 819 1131 nausea,

473 1147 676 1194 Largitura
705 1151 830 1185 tamen

376 1205 440 1242 60.
532 1204 673 1252 cynicis
703 1204 877 1253 plurima,

472 1266 511 1303 Si
541 1278 615 1303 non
647 1265 830 1303 defuisset

531 1323 697 1360 donandi
729 1323 847 1370 copia.

472 1385 547 1422 Sed
578 1385 729 1422 tantilla
761 1384 833 1421 fuit

530 1443 609 1478 eius
641 1442 864 1487 substantia,

374 1506 438 1543 65.
471 1505 572 1550 Quae
604 1504 666 1541 vix
699 1502 891 1541 sufficeret

529 1561 576 1597 ad
604 1561 831 1599 necessaria.

471 1617 555 1654 Non
590 1622 742 1664 torques
773 1627 919 1666 aureas,

528 1675 606 1711 sive
638 1674 803 1723 monilia,

470 1731 555 1767 Non
587 1741 677 1777 opes
708 1732 834 1767 varias

375 1788 439 1826 70.
528 1798 713 1834 quaerens
744 1787 918 1836 sollicita,

470 1844 523 1882 Ut
554 1845 694 1881 nudum
723 1848 893 1891 tegerent

529 1911 664 1947 corpus
695 1901 876 1947 multicia,

470 1959 547 1995 Aut
580 1958 775 2004 pulchram
807 1957 987 1995 redderet

527 2014 662 2060 byssus
695 2020 731 2051 et
762 2025 944 2063 purpura,

375 2073 439 2109 75.
472 2071 546 2110 Sed
581 2076 757 2109 contenta
787 2082 928 2119 procax

525 2133 631 2164 veste
662 2129 844 2165 vilissima

468 2185 631 2231 Filando
661 2186 799 2222 meruit

525 2242 633 2287 panis
665 2242 822 2281 cibaria.

470 2299 599 2336 Omnis
627 2299 799 2347 intentio,

370 2355 436 2394 80.
525 2359 632 2392 actus
663 2359 701 2392 et
731 2355 856 2392 studia

467 2411 590 2449 Erant
620 2412 866 2459 spurcissima

526 2469 572 2505 de
603 2469 825 2516 petulantia,

469 2526 511 2562 In
543 2525 722 2562 abusione

525 2586 562 2618 et
591 2582 629 2619 in
661 2581 840 2630 superbia

368 2639 434 2677 85.
465 2640 666 2685 Spernenti
700 2638 867 2685 corporis

524 2695 580 2732 sui
610 2696 824 2742 dispendia,

469 2753 580 2789 Cuius
613 2753 726 2789 decor
760 2758 839 2788 erat

524 2809 716 2846 daemonis
749 2807 902 2858 framea,

469 2866 641 2912 Laqueus
672 2867 846 2903 iuvenum

368 2923 432 2959 5⁷³0.
524 2927 555 2958 et
590 2923 721 2959 mortis
753 2921 872 2960 fovea.

1188 557 1253 595 95.

1155 849 1252 902 ⁴100.

1161 1148 1254 1186 105.

1168 1442 1256 1482 110.

1159 1731 1252 1769 115.

1158 2014 1254 2053 120.

1157 2299 1253 2337 125.

1158 2583 1251 2620 130.

1158 2867 1247 2905 135.

1285 319 1377 356 Cum
1406 319 1495 358 talis
1525 319 1671 357 viveret

1340 376 1378 413 in
1409 376 1644 414 Alexandria

1284 437 1391 475 Vidit
1421 436 1577 476 fortuito

1341 494 1379 531 in
1412 493 1495 531 foro
1525 494 1661 542 posita,

1286 556 1393 602 Quod
1423 555 1536 592 turba
1565 556 1697 604 populi

1340 612 1459 659 ignoti
1490 612 1655 659 plurima

1287 674 1470 711 Certatim
1502 674 1678 711 tenderet

1339 730 1389 767 ad
1420 741 1529 767 sacra
1558 730 1689 767 limina

1284 792 1456 838 Sepulcri
1486 792 1636 829 Domini

1341 848 1475 885 orandi
1505 848 1639 898 gratia,

1286 910 1428 956 Quibus
1459 920 1499 946 se
1529 911 1703 957 ingerens

1342 977 1424 1003 cum
1455 967 1692 1014 impudentia

1284 1029 1389 1066 Dicit
1419 1039 1458 1065 se
1490 1039 1626 1075 cupere

1341 1085 1471 1123 horum
1505 1086 1707 1124 consortia.

1288 1147 1371 1184 Non
1403 1147 1474 1184 hoc
1505 1147 1637 1195 religio

1343 1204 1402 1241 vel
1433 1205 1658 1252 reverentia,

1286 1266 1361 1303 Sed
1392 1267 1486 1303 levis
1517 1267 1633 1303 animi

1340 1321 1430 1360 fecit
1461 1323 1622 1370 insania,

1287 1386 1340 1424 Ut
1372 1385 1488 1422 tantis
1519 1385 1694 1423 iuvenum

1345 1442 1466 1479 turbis
1494 1442 1690 1492 implicita,

1287 1503 1362 1542 Ubi
1394 1504 1475 1541 sola
1506 1503 1605 1541 foret

1342 1561 1463 1607 stupri
1493 1562 1664 1606 materia,

1286 1616 1537 1654 perfunderet
1568 1618 1622 1655 eis

1336 1674 1599 1721 exsecrabilia,

1287 1731 1519 1768 Insatiabilis

1341 1792 1379 1824 et
1409 1789 1463 1824 sui
1495 1788 1670 1835 prodiga.

1284 1845 1374 1883 Cum
1407 1844 1500 1891 ipsis
1532 1845 1659 1891 itaque

1340 1899 1593 1938 transfretans
1623 1912 1789 1948 aequora

1284 1959 1376 1995 Post
1406 1958 1627 1994 transmissa
1657 1958 1772 1996 maris

1344 2014 1500 2061 viaeque
1531 2014 1656 2061 spatia

1284 2071 1453 2108 Tandem
1485 2071 1687 2108 Ierusalem

1342 2128 1493 2165 devenit
1524 2128 1686 2178 hospita,

1284 2184 1372 2234 Ubi,
1403 2188 1494 2231 quot
1520 2185 1655 2235 potuit,

1340 2240 1431 2278 fecit
1460 2239 1617 2289 flagitia,

1286 2297 1455 2343 Civibus,
1488 2298 1645 2335 advenis

1339 2354 1519 2391 meretrix
1550 2354 1715 2401 publica,

1281 2410 1573 2458 Incomparabili

1340 2468 1514 2515 squalens
1545 2467 1742 2514 spurcitia.

1284 2524 1453 2563 Instante
1485 2524 1646 2571 denique

1343 2581 1403 2618 die
1434 2581 1683 2632 sanctissima,

1284 2640 1365 2684 Qua
1397 2639 1518 2675 crucis
1550 2638 1702 2675 Domini

1338 2694 1431 2731 fiunt
1463 2695 1672 2742 sollemnia,

1280 2752 1382 2798 Quae
1413 2751 1524 2798 plebs
1556 2751 1789 2788 concelebrat

1338 2809 1410 2845 rite
1441 2808 1639 2855 catholica,

1283 2865 1389 2902 Votis
1419 2864 1655 2912 supplicibus

1337 2926 1371 2957 et
1404 2922 1517 2959 laude
1548 2932 1712 2967 congrua
