1914 3223
711 172 758 175 ‡—
826 149 901 190 1:37
963 171 1018 176 —

315 265 353 302 4.
405 263 469 301 Sol
499 263 697 311 luminare,
730 262 884 300 schema
915 263 1044 300 mundi
1077 263 1295 308 candidum,

287 2302 354 2341 10.

287 2642 354 2680 11.

399 319 549 357 Delusit
576 329 684 356 omne
715 319 906 356 saeculum
938 319 1107 362 meridie,

399 376 510 413 Texit
541 375 714 422 polorum
746 375 941 422 lampades
973 376 1184 422 nigredine,

399 432 554 471 Caelum
584 431 742 469 tabescit
775 436 897 469 taetra
916 437 1036 469 nocte
1066 433 1251 471 territum,

398 489 561 536 Languit
592 489 712 526 omnis
744 488 905 525 mundus
937 489 1006 526 sub
1038 490 1211 537 caligine.

399 601 568 648 Expavit
596 612 740 650 arvum,
773 606 1009 639 tremuerunt
1040 602 1172 643 maria.

399 658 532 695 Velum
564 658 723 695 recisum
757 658 890 704 templi
921 669 1005 696 mox
1038 669 1108 704 per
1139 660 1302 696 medium

399 714 532 752 Fissae
565 715 703 751 deinde
734 719 936 761 patuerunt
969 715 1106 762 silices,

398 771 522 808 Multa
553 771 700 818 piorum
733 776 980 808 surrexerunt
1011 782 1170 818 corpora

397 828 455 865 De
486 828 750 874 monumentis,
784 828 925 865 dudum
956 828 1019 875 qui
1052 829 1299 867 dormierant.

1308 689 1315 709 l

399 941 453 980 Ut
484 941 582 978 vidit
611 942 744 988 anguis
775 942 1006 978 immolatum
1040 951 1198 987 vespere

399 998 579 1044 Corporis
610 998 699 1035 almi
731 1004 901 1035 sanctum
932 997 1174 1045 sacrificium,

399 1054 511 1094 Quod
542 1065 650 1092 mane
682 1056 825 1092 caelum
858 1055 1019 1102 replevit
1054 1055 1247 1104 odoribus,

398 1110 541 1148 Dolore
572 1112 689 1149 multo
721 1112 870 1149 saucius
897 1111 1100 1159 increpuit,

399 1167 600 1205 Perculsus
631 1169 719 1215 agni
750 1169 937 1206 mansueti
969 1169 1137 1207 vulnere.

344 1311 352 1320 .
381 1281 505 1318 ⁴Vidit
535 1281 574 1318 in
605 1292 673 1318 ara
704 1292 850 1318 sacram
883 1282 1006 1318 erucis
1038 1281 1213 1321 hostiam.

398 1337 599 1385 Sanguinis
629 1338 782 1384 undam,
816 1339 966 1376 laticem
998 1338 1045 1375 de
1075 1339 1196 1375 latere

399 1393 538 1432 Sancto
567 1393 758 1442 fluentem,
793 1395 935 1432 saeculi
966 1396 1028 1441 qui
1061 1395 1219 1432 crimina

398 1451 546 1498 Abluit,
577 1451 656 1488 alta
686 1452 857 1498 paradisi
888 1452 1026 1499 gaudia

400 1508 501 1545 Data
530 1508 681 1553 latroni,
714 1507 859 1546 fractus
891 1508 989 1545 colla
1020 1508 1162 1547 sibilat.

400 1621 512 1658 Felix
544 1620 696 1660 refulsit
725 1621 851 1659 tristia
882 1628 969 1671 post
999 1621 1160 1659 sabbata

399 1677 490 1715 Dies
522 1688 657 1715 serena
687 1679 919 1725 perlustrata
949 1679 1103 1727 lumine,

400 1735 503 1781 Quae
534 1735 615 1772 sola
645 1735 790 1772 cunctis
822 1734 1037 1772 antefertur
1071 1735 1218 1784 diebus,

400 1792 444 1829 In
476 1802 549 1839 qua
580 1792 801 1839 redemptor
831 1792 997 1829 surrexit
1029 1803 1051 1829 a
1081 1793 1240 1830 mortuis
1280 1818 1286 1826 .

399 1848 536 1886 Mundi
568 1849 733 1896 superbo
764 1853 944 1896 superato
975 1849 1163 1896 principe.

402 1961 513 1999 Venit
544 1962 670 1999 Maria
700 1962 932 2010 Magdalene
963 1962 1136 2010 sabbato,

401 2019 526 2056 Maria
558 2019 660 2056 venit
691 2019 813 2056 altera
845 2020 1012 2057 diluculo

399 2075 464 2113 Ad
494 2081 787 2122 monumentum,
821 2081 1019 2123 portantes
1051 2080 1234 2126 aromata,

400 2132 454 2170 Ut
483 2132 678 2169 venientes
710 2143 847 2179 corpus
879 2133 1176 2170 sacratissimum

398 2189 542 2227 Christi
573 2189 730 2226 linirent
760 2189 956 2226 redolente
989 2190 1204 2228 chrismate.

401 2301 592 2340 Concussa
623 2302 737 2339 tellus
768 2302 816 2339 ab
845 2303 920 2340 imo
951 2303 1111 2352 resiluit,

397 2359 563 2408 ‘Terrore
593 2359 703 2406 pulsa
734 2359 930 2405 riguerunt
961 2371 1163 2406 marmora,

399 2415 546 2453 Invasit
577 2415 713 2452 horror
743 2416 920 2453 mulieres
952 2417 1124 2463 pavidas,

399 2471 461 2509 Ab
492 2482 558 2509 ore
588 2483 749 2519 namque
779 2474 1010 2510 monumenti
1041 2473 1210 2520 lapidem

398 2528 498 2566 Dum
529 2533 682 2567 sanctus
714 2540 831 2566 ovans
860 2530 1016 2577 angelus
1048 2530 1275 2568 revolveret.

400 2641 556 2678 Flentes
587 2646 626 2678 at
655 2642 745 2678 illae
775 2641 1028 2688 loquebantur
1058 2646 1208 2680 mutuo:

400 2698 492 2744 Quis
523 2710 545 2735 a
575 2698 742 2744 sepulcri
773 2699 901 2736 clauso
930 2698 1037 2735 nobis
1069 2699 1165 2735 ostio

403 2755 583 2801 Magnum
618 2755 788 2791 revolvet
817 2755 998 2802 lapidem,
1031 2765 1103 2801 quo
1134 2766 1312 2801 smyrnea

403 2811 614 2858 Tinguatur
643 2811 745 2848 unda
777 2822 926 2860 corpuS,
959 2811 1178 2848 aromaticis

399 2867 527 2905 Litum
558 2867 721 2914 respiret
753 2868 930 2915 pretiosis
962 2867 1140 2905 roribus?
