1914 3223
148 221 183 260 2.
219 215 362 268 [Saevi]
395 227 529 264 nempe
561 216 719 254 Daeiani

273 274 425 321 Sprevit
456 273 551 310 iram
583 273 731 322 iudicis,

215 331 358 368 Truces
388 330 507 367 minas
539 335 576 366 et
608 329 772 367 furorem

275 390 352 425 ceu
383 396 556 424 susurros
589 386 732 434 culicis,

217 444 363 487 Vincla,
395 441 526 490 flagra,
560 443 770 480 carcerales

327 499 542 548 Tenebras3

213 557 324 604 Ipsae
357 556 491 603 plagae
522 555 782 601 vulnerantur,

212 613 358 651 Mortes
389 611 573 649 mortibus
605 612 811 659 adduntur,

325 669 402 708 Sed
433 669 565 707 domus

214 726 338 773 Supra
368 724 514 762 firmam
545 724 622 762 fix‘a
651 731 798 772 petram

325 782 466 830 Nequit
498 782 616 819 sterni

269 839 313 875 Vi
337 844 534 876 ventorum
557 839 615 875 vel
637 837 844 877 fluminum.

213 928 330 967 Fame
362 940 498 976 corpus
529 932 758 966 maceratum

326 987 502 1024 Cernitur

236 1043 349 1080 Velut
380 1043 502 1090 epulis
533 1043 715 1079 nutritum

324 1100 561 1146 Sumptuosis

268 1157 326 1194 Ac
357 1156 451 1193 cibis
482 1156 685 1203 regalibus.

211 1247 443 1294 Angelorum
475 1246 616 1294 quippe
648 1246 752 1283 cibus

326 1302 462 1340 Reficit

209 1361 388 1397 Ventrem
407 1360 542 1397 mentis
558 1370 598 1396 se
614 1359 843 1406 quaerentis,

322 1418 425 1463 Quae
456 1417 508 1453 nil
540 1416 620 1453 sitit

267 1475 425 1511 Praeter
455 1473 576 1510 Deum
607 1473 668 1511 vel
709 1473 840 1512 esurit.

143 1566 178 1605 2³.
212 1564 352 1611 Saevit,
386 1563 533 1608 fremet,
566 1563 745 1601 efferatur

265 1621 357 1658 Mox
389 1626 545 1658 cruenta
575 1621 710 1669 bestia,

208 1677 360 1728 Fervet,
385 1676 550 1724 frendet,
567 1682 693 1715 movet
710 1681 846 1714 cuncta

266 1735 555 1772 Tormentorum
587 1744 738 1782 genera,

209 1790 383 1839 Ferrum,
415 1792 532 1839 ignes,
566 1792 748 1838 eculeum,

325 1848 505 1891 Fistulas,

209 1905 390 1953 Torquet,
424 1909 546 1942 torret
577 1909 615 1942 et
643 1914 844 1952 compages

210 1961 359 1999 Dividit
391 1962 649 2011 articulorum,

323 2019 513 2065 Imprimit

212 2075 420 2122 Ignitarum
451 2075 677 2112 laminarum

326 2132 447 2169 Sectis
478 2131 656 2169 membris

268 2189 410 2227 Caecus
443 2187 549 2226 furor
580 2189 801 2227 cauterium.

211 2278 358 2318 Christi
388 2280 496 2316 miles
526 2279 666 2327 premit
696 2278 797 2317 vires

325 2336 491 2384 Viribus,

213 2392 348 2431 Cordis
380 2391 452 2443 (et)
484 2393 570 2439 igne
594 2393 719 2430 carnis
740 2392 846 2440 ignes

324 2449 583 2497 Extinguebat

269 2505 409 2544 Sancto
440 2507 574 2553 plenus
606 2506 757 2553 spiritu.

213 2595 352 2634 Caesus
382 2594 524 2645 flagris,
567 2594 689 2634 fessus
721 2596 844 2644 plagis

325 2652 478 2700 Iubilat,

211 2709 374 2747 Desides
405 2709 535 2746 horret
565 2713 742 2757 tortores,

327 2766 455 2804 Solum
487 2766 596 2803 timet

268 2823 483 2860 Levitatem
515 2822 746 2860 carnificum.

960 219 998 257 4.
1032 219 1138 255 Bella
1153 217 1329 261 fremunt,
1344 217 1469 253 hostes
1483 217 1666 265 caedunt,

1088 275 1191 311 Haec
1224 284 1277 310 est
1312 274 1370 310 lex
1404 274 1607 322 victoriae3

1033 331 1161 377 Pugna
1192 331 1323 377 surgit,
1367 332 1492 376 palma
1523 331 1665 367 crescit.

1087 388 1137 424 Et
1169 397 1328 424 coronae
1359 387 1501 433 gloria3

1031 444 1164 481 Clarus
1197 443 1337 480 Christi
1366 443 1619 489 triumphator

1145 500 1293 537 Curiam

1031 556 1174 594 Summi
1206 557 1300 593 caeli
1331 559 1563 602 purpuratus

1031 613 1220 657 Introivit,
1253 612 1452 649 comitatus

1143 669 1263 706 Niveo

1031 725 1326 772 splendidorum
1357 725 1575 772 angelorum

1144 782 1263 819 Dulce
1296 792 1446 819 carmen

1086 839 1310 876 Modulantc
1342 838 1512 885 collegio.

1029 929 1121 966 Mox
1152 929 1190 965 in
1221 929 1317 965 latos
1349 939 1485 975 corpus
1516 939 1631 975 agros

1142 985 1285 1022 Iacitur

1030 1042 1278 1089 Insepultum,
1311 1045 1450 1088 pavent
1482 1052 1604 1088 canes,

1143 1099 1174 1135 T
1179 1104 1326 1135 remunt
1354 1109 1442 1134 aves

1088 1155 1249 1202 Propius
1280 1155 1484 1204 accedere,

1028 1245 1146 1283 Dives
1177 1256 1307 1283 arvum
1340 1244 1413 1281 fert
1441 1245 1662 1283 thesaurum>

1142 1302 1329 1346 Nobilem,

1028 1358 1112 1396 Non
1139 1359 1364 1405 praedones,
1388 1369 1461 1395 non
1477 1359 1665 1407 latrones,

1141 1417 1193 1455 Ut
1225 1416 1427 1461 occultent,

1085 1472 1224 1510 Valent
1254 1472 1349 1508 illud
1380 1471 1556 1509 effodere.

958 1566 993 1602 5.
1023 1563 1121 1600 Nam
1151 1573 1312 1602 vesanus
1343 1563 1533 1599 Dacianus

1084 1619 1167 1657 Suit
1197 1620 1295 1656 hunc
1327 1619 1544 1666 herunculo,

1027 1677 1140 1714 Velut
1171 1676 1210 1713 in
1241 1676 1445 1722 paricidali

1086 1734 1204 1771 Reum
1237 1733 1389 1770 claudat
1421 1733 1550 1781 cule03

1026 1791 1070 1827 In
1101 1790 1258 1827 marinis
1288 1790 1393 1826 iubet
1423 1789 1543 1836 mergi

1141 1847 1172 1884 F
1176 1846 1360 1892 luctibus3

1028 1903 1170 1950 Nequit.
1191 1907 1328 1950 pontus
1345 1913 1493 1940 sacrum
1511 1901 1666 1948 pondus

1029 1960 1226 1999 Cohibere,
1259 1960 1327 1996 sed
1358 1959 1406 1996 ad
1438 1959 1527 1996 litus

1145 2017 1311 2054 Caelitus

1031 2073 1292 2112 Gubernatum
1325 2073 1549 2120 deportatur

1142 2130 1193 2167 Et
1223 2129 1380 2166 festinos

1085 2187 1288 2225 Praevenit
1320 2185 1412 2223 felix
1443 2187 1616 2233 remiges.

1029 2278 1142 2315 Nunc
1158 2287 1344 2325 serenum,
1366 2277 1496 2323 victor,
1516 2277 1664 2313 caelum

1146 2330 1334 2384 [Introis],

1031 2390 1060 2429 Ο
1092 2391 1215 2437 beate,
1250 2395 1426 2427 coronate

1145 2448 1233 2484 Post
1264 2446 1508 2496 triumphum,

1084 2506 1237 2550 Martyr
1266 2503 1525 2540 invictissime.

1029 2595 1073 2632 In
1105 2593 1249 2632 aeterni
1281 2594 1364 2630 luce
1395 2593 1500 2640 regni

1143 2650 1325 2693 Radians,

1030 2708 1147 2754 Lapis
1180 2707 1298 2743 vix-us.
1332 2707 1473 2743 clarum
1505 2705 1627 2753 sidus,

1146 2764 1236 2801 Cum
1265 2763 1393 2810 ignitis

1087 2820 1318 2867 Angelorum
1352 2818 1574 2867 agminibuS.
