1914 3223
736 134 1046 174 —259—

303 311 379 346 195.
414 312 473 354 (8.)
507 312 552 347 ln
577 312 840 357 Susceptione
866 291 1144 358 Reliquiarum
1170 302 1304 350 sancti
1329 315 1480 359 Magni.

118 419 156 457 1.
187 419 218 457 Ο
249 421 378 455 rector
412 417 664 454 invictissime
945 421 981 456 5.
1015 419 1109 456 Nam
1139 420 1296 466 spiritus
1327 431 1372 457 ex
1404 420 1530 458 sidere

197 475 416 522 Regumque
446 478 550 511 sator
579 473 720 520 inclite,
1015 475 1120 512 Haec
1151 477 1322 514 creditur
1351 477 1530 523 revisere,

197 531 359 569 Nostras
387 541 520 577 preces
553 540 634 567 cum
666 530 834 568 carmine
1014 531 1194 569 Gaudens
1225 533 1365 570 honore
1396 534 1554 580 provehi

197 588 358 626 Intende
388 597 488 625 nunc
518 586 699 633 piissime.
1015 589 1247 635 Quandoque
1278 590 1516 627 reddendum
1547 591 1633 630 sibi.

128 704 165 741 2.
197 701 384 739 Timenda
415 710 475 737 res
507 704 564 737 cst
597 699 771 746 denique,
946 702 982 738 6.
1016 701 1126 737 Nunc
1156 701 1361 747 Magnus
1393 702 1463 739 iste
1494 704 1646 741 nomine

200 757 478 795 Praesumimus
510 768 621 803 quam
653 761 822 805 tangere,
1015 757 1214 804 Maiorque
1245 757 1389 796 Christi
1419 770 1575 797 munere

197 815 316 852 Artus
347 818 382 850 et
414 814 545 850 horum
577 813 760 861 pandere,
1015 812 1207 851 Defendat
1237 814 1337 851 alma
1368 816 1491 862 gratia

198 872 297 917 Quos
328 875 369 908 tu
399 870 522 907 beasti
551 870 588 907 in
622 869 788 907 aethere.
1015 870 1144 907 Plebis
1177 870 1315 908 viantis
1347 878 1515 918 pectora.

130 986 166 1023 3.
199 984 388 1031 Absterge
418 986 562 1029 nostra,
595 993 834 1030 quaesumus,
947 984 984 1022 7.
1014 984 1228 1034 Portamus,
1260 995 1360 1031 ecce,
1394 987 1522 1023 cernui

202 1043 375 1090 Peccata,
409 1050 505 1087 quae
536 1040 799 1089 commisimus,
1015 1040 1155 1087 Pignus
1188 1041 1336 1079 decoris
1368 1042 1561 1088 splendidi

200 1099 253 1138 Ut
282 1101 414 1135 sancta
444 1096 613 1134 membra
643 1100 799 1143 tangere
1013 1097 1124 1134 Nunc
1152 1098 1280 1144 plana,
1312 1109 1411 1135 nunc
1441 1109 1510 1147 per
1539 1111 1678 1147 aspera

198 1154 283 1192 Non
314 1165 438 1201 poena
469 1153 519 1191 sit
544 1154 612 1191 sed
634 1153 856 1201 praemium.
1012 1153 1075 1191 Ad
1107 1154 1209 1192 sedis
1239 1158 1353 1202 aptae
1385 1155 1560 1196 culmina.

128 1270 166 1306 4.
197 1267 318 1306 Adest
350 1266 445 1305 fides
476 1266 772 1317 promptissima,
946 1268 983 1306 8.
1015 1266 1090 1303 Hic
1120 1266 1255 1303 civium
1288 1268 1504 1306 caelestium

201 1324 401 1371 Spondens
432 1334 501 1371 per
531 1324 604 1360 ista
634 1323 762 1361 munia
1015 1323 1099 1360 Lux
1131 1323 1235 1360 clara
1264 1325 1442 1372 splendet
1471 1326 1594 1375 obvia,

199 1381 279 1418 Nos
310 1381 485 1418 adiuvari
516 1380 677 1428 certius3
1015 1381 1074 1417 Ac
1105 1390 1300 1427 compares
1330 1380 1506 1420 fidissimi

197 1438 381 1476 Discedat
412 1437 501 1475 hinc
530 1438 605 1475 iam
637 1435 820 1483 perfidus,
1017 1437 1228 1484 Iunguntur
1253 1448 1318 1474 ore
1347 1438 1478 1478 nobili.

507 1556 547 1590 t).
588 1550 675 1587 Illic
706 1550 875 1596 parentis
906 1550 1064 1596 gloriam

589 1607 805 1653 Summique
835 1606 915 1643 nati
946 1607 1107 1654 gratiam

590 1663 683 1701 Cum
715 1663 889 1700 claritate
920 1664 1077 1711 spiritus

588 1720 717 1758 Laetis
754 1731 930 1758 canamus
962 1720 1129 1758 vocibus.

197 1833 303 1876 Trop.
328 1843 390 1865 ms.
416 1832 644 1874 Sangallense
670 1843 759 1864 saec.
786 1830 838 1864 10.
889 1832 973 1865 Cod.
998 1833 1199 1875 Sangallen.
1223 1817 1300 1864 381⁷.

296 2013 378 2049 196.
415 2014 473 2056 (9.)
510 2013 555 2047 In
582 2012 847 2057 Susceptione
873 2013 1153 2057 Reliquiarum
1179 2012 1312 2048 sancti
1337 2012 1488 2055 Magni.

425 2119 460 2159 1.
495 2118 667 2156 Christus
699 2119 747 2155 ad
778 2124 929 2155 nostras
959 2118 1086 2155 veniat
1118 2128 1303 2166 cameiiaS‚

497 2175 673 2213 Christus
705 2180 742 2212 et
772 2185 901 2212 vocem
932 2175 1074 2211 tribuat
1105 2174 1307 2214 salubrem,

497 2232 669 2269 Christus
700 2232 749 2269 ad
782 2232 897 2269 vitam
930 2232 1041 2268 vehat
1072 2235 1109 2267 et
1139 2241 1343 2277 perennem

586 2289 634 2326 Se
664 2289 915 2327 modulantes.

426 2404 464 2441 2.
497 2402 641 2440 Audiat
672 2405 819 2439 nosmet
850 2402 986 2438 chorus
1017 2401 1249 2449 angelorum,

497 2460 677 2505 Protegat
707 2469 773 2495 nos
804 2458 911 2504 plebs
943 2462 979 2494 et
1010 2456 1278 2505 apostolorum,

498 2515 745 2554 Patriarcliae
776 2526 904 2551 omnes
937 2515 1050 2551 simul
1081 2519 1117 2550 et
1147 2513 1357 2562 prophetae

587 2573 688 2608 Luce
723 2572 893 2618 perenni,

427 2687 464 2723 3.
500 2684 712 2730 Martyrum
748 2684 879 2721 turbas
910 2684 1074 2730 petimus
1106 2693 1272 2729 serenas,

499 2741 699 2786 Sanguinis
732 2741 856 2786 palma
887 2740 1083 2786 pretioque
1114 2740 1248 2783 claras,

469 2799 474 2805 ’
502 2797 611 2834 Vocis
644 2802 683 2832 ut,
714 2802 867 2835 nostrae
899 2797 1060 2833 modulis
1090 2796 1253 2842 receptis

590 2853 737 2890 Gaudia
770 2858 977 2900 praestent.
