2031 3289
906 162 1213 202 —250‘—

285 280 415 319 panton
440 280 560 308 craton
583 285 665 318 ysos
691 276 825 307 sodisse
850 278 884 306 te
909 277 1031 316 pantes
1057 275 1109 314 Η,·
1134 284 1216 316 ysos
1242 274 1376 306 sodisse
1400 277 1434 306 te
1458 278 1583 315 pontos
1608 275 1648 306 L.
1673 294 1715 298 —
1741 273 1794 314 20,
1819 273 1840 306 2

284 323 380 354 Suba
409 322 523 363 syleos
553 332 677 362 ymon,
711 321 863 358 Christe,
897 320 1040 360 eleyson
1068 329 1167 360 ymas
1197 320 1244 361 Α;
1277 321 1327 351 Su
1360 319 1521 360 basyleos
1545 329 1668 360 ymon,
1692 320 1840 359 Christe,

285 368 425 409 eleyson
456 377 555 407 ymas
581 368 624 406 B,
659 366 707 397 Su
741 365 894 397 basileos
927 366 1037 402 imon,
1069 365 1222 402 Christe,
1255 365 1388 396 eleison
1413 365 1501 396 imas
1522 364 1564 406 C,
1597 364 1670 396 Sub
1694 365 1841 397 basiltos

281 423 407 454 ymon,
440 411 589 449 Christe,
617 411 759 451 eleyson
782 420 882 450 ymas
906 410 956 449 D;
993 409 1063 441 Sub
1090 410 1218 441 asileos
1241 420 1348 450 ymon
1371 411 1420 450 G,
1451 410 1523 441 Sub
1547 410 1700 441 basileos
1725 421 1841 451 ymon,

283 457 432 497 Christe,
460 457 591 488 eleison
615 465 714 496 ymas
739 456 824 494 HL,
851 455 922 487 Sub
948 454 1100 486 basileos
1124 465 1241 495 ymon,
1267 454 1414 493 Christe,
1443 455 1585 495 eleyson
1607 465 1706 507 ymas
1731 455 1773 486 K.
1798 472 1842 476 —

285 504 391 544 „Item
418 502 609 533 eiusdem
635 501 678 531 ad
704 502 961 542 processionem
977 499 1100 531 diebus
1118 498 1322 531 dominicis“
1343 502 1390 538 A,
1419 501 1589 541 „Letania
1605 502 1641 531 in
1659 500 1842 532 dominicis

283 528 425 580 diebus“
458 548 505 585 G,
541 546 800 586 ,Dominicales
833 542 1146 576 Letaniae“1.—-
1171 545 1240 575 Ffir
1271 544 1327 575 die
1354 544 1595 596 'Feststellung
1627 545 1686 577 des
1715 545 1842 576 Textes

283 593 359 624 sind
384 593 439 623 die
464 591 559 622 nicht
578 592 626 624 St.
646 591 848 622 (ss-illisehen
867 589 1141 621 Handsehriften
1167 599 1204 620 so
1231 593 1294 632 gut
1319 591 1385 621 wie
1409 590 1567 630 wertlos,
1593 591 1644 621 sie
1670 589 1843 622 schildern

282 639 365 669 aber
389 638 444 668 die
470 637 607 677 litui-gis
593 636 672 667 <che
698 635 972 677 Zersungenheit
997 635 1055 666 des
1083 634 1222 666 Liedes.
1263 635 1342 676 Vgl.
1367 634 1551 676 beziiglieh
1575 634 1688 667 dieser
1705 635 1844 667 Litanei

282 683 337 714 die
367 681 583 722 Bemerkung
607 680 808 712 Ekkehalts
834 691 875 712 w.
901 691 931 711 o.
958 681 995 711 in
1019 680 1079 711 der
1107 680 1406 721 Vmbemerkung.

456 883 537 918 19⁶2.
576 883 634 925 (5.)
668 883 818 917 Versus
843 881 1087 916 Hartmanni
1117 881 1168 916 ad
1193 880 1489 925 suscipiendum
1512 881 1674 924 Regem.

488 1010 644 1056 Suscipe
676 1010 910 1055 clementem,
942 1007 1052 1054 plebs
1083 1008 1343 1057 devotissima,
1376 1018 1503 1055 regem

447 1065 452 1071 ‘
545 1066 700 1112 Ducque
732 1075 869 1101 canens
902 1064 1004 1102 Galli
1033 1068 1134 1102 tecta
1165 1065 1233 1101 sub
1267 1066 1346 1101 alta
1377 1065 1442 1112 pii.

489 1124 583 1168 Iam,
615 1122 827 1168 benedicte,
861 1121 960 1168 veni,
990 1126 1115 1158 rector
1147 1121 1367 1168 dignissime
1398 1121 1542 1170 mundi,

545 1179 713 1216 Dextera
743 1183 780 1214 te
812 1178 954 1215 Christi
985 1182 1162 1224 protegat
1191 1188 1280 1214 arce
1316 1178 1408 1224 poli.

438 1241 458 1274 :3
491 1236 650 1273 Actibus
680 1237 718 1271 in
751 1235 895 1271 cunctis
926 1234 997 1270 tibi
1029 1244 1214 1280 prospera
1245 1238 1383 1271 cuncta
1414 1243 1577 1280 superne

546 1291 775 1329 Proveniant
805 1291 902 1327 votis
934 1296 971 1326 et
1001 1291 1083 1327 sine
1112 1290 1186 1327 fine
1217 1291 1302 1336 piiS.

491 1349 572 1385 Hoc
600 1359 667 1385 nos
698 1348 885 1385 instanter
916 1347 1120 1394 rogitamus
1151 1352 1306 1394 pectore
1336 1345 1425 1391 fido,

548 1405 630 1442 Hoc
661 1405 823 1451 petimus
854 1415 983 1442 omnes
1014 1409 1124 1440 nocte
1155 1404 1290 1450 dieque
1321 1403 1446 1440 simul.

489 1462 543 1498 Te
574 1461 682 1498 nobis
713 1461 894 1497 blandum
927 1460 1086 1497 dederat
1114 1460 1268 1497 dilectio
1301 1459 1459 1506 Christi,

408 1521 457 1557 10
545 1518 615 1565 Qui
653 1522 798 1554 nosmet
828 1521 933 1554 tanta
965 1517 1169 1554 sedulitate
1200 1516 1306 1553 foves

494 1575 609 1611 Insita
639 1580 677 1611 te
706 1574 815 1611 nobis
846 1573 995 1610 bonitas
1027 1578 1063 1610 et
1094 1579 1225 1610 sancta
1256 1573 1430 1610 voluntas

547 1634 648 1668 Ante
680 1631 786 1667 dedit
817 1641 958 1675 carum,
990 1641 1098 1676 quam
1132 1640 1279 1677 quoque
1310 1630 1411 1666 visus
1443 1639 1539 1668 eras.

492 1688 655 1725 Cernere
685 1697 785 1724 nunc
815 1685 951 1724 faciem
982 1687 1095 1723 liceat
1127 1687 1267 1723 virtute
1297 1686 1492 1733 nitentem,

549 1744 662 1791 Optio
693 1744 793 1790 quod
825 1749 954 1781 nostra
984 1754 1098 1789 saepe
1129 1743 1257 1789 cupita
1287 1741 1370 1780 fuit.

409 1803 458 1840 15
493 1803 584 1849 Rex,
620 1801 792 1838 dominus
824 1811 964 1848 regum,
998 1799 1121 1836 factor
1151 1804 1351 1845 rectorque
1381 1802 1594 1846 potentum,

550 1857 621 1904 Qui
652 1862 688 1893 te
720 1862 870 1894 terreno
902 1857 1084 1903 praetulit
1113 1856 1286 1902 imperio,

492 1915 565 1952 Hic
595 1919 632 1950 te
664 1912 852 1950 confortet
881 1923 1030 1960 semper
1060 1913 1200 1949 virtute
1231 1913 1407 1959 polorum

549 1972 599 2008 Et
629 1981 755 2008 secum
789 1981 904 2017 regno
934 1968 1114 2007 laetificet
1146 1970 1298 2015 populo.

378 2097 482 2137 Trop.
508 2105 570 2128 ms,
596 2094 823 2137 Sangallense
848 2102 937 2126 saec.
966 2091 1017 2126 10.
1066 2093 1150 2126 Cod.
1176 2093 1377 2135 Sangallen.
1404 2089 1481 2126 381.

481 2296 561 2330 193.
598 2296 656 2337 (6,)
692 2296 737 2329 In
763 2293 1026 2339 Susceptione
1051 2293 1328 2337 Reliquiarum
1353 2293 1486 2329 sancti
1512 2293 1662 2336 Magni.

546 2425 582 2463 1.
614 2424 715 2461 Mire
746 2427 966 2461 cunctorum
999 2423 1101 2459 Deus
1133 2426 1170 2458 et
1201 2425 1362 2471 creator,

614 2480 722 2518 Mitis
754 2483 791 2516 et
823 2479 933 2516 fortis
965 2479 1149 2515 solidator
1179 2478 1295 2524 orbis,

612 2537 710 2573 Vota
741 2547 934 2573 servorum
967 2535 1035 2572 tibi
1067 2535 1305 2572 subditorum

720 2592 862 2639 Aspice
893 2593 1070 2632 clemens,

548 2709 583 2744 2.
616 2705 818 2752 Pangimus
851 2705 992 2742 clarum
1025 2705 1154 2752 cupidi
1185 2705 1427 2752 triumphum,

618 2762 749 2800 Mente
779 2762 986 2809 gaudentes
1016 2762 1127 2798 simul
1159 2766 1196 2798 et
1226 2766 1438 2810 precantes,

617 2819 776 2856 Sanctus
807 2823 846 2855 ut
878 2829 1056 2866 praesens
1087 2828 1202 2865 super
1232 2823 1336 2856 astra
1366 2818 1533 2865 gaudens

723 2875 801 2912 Nos
830 2874 1042 2915 benedicat.
