1914 3223
718 131 1024 173 -215—

519 289 600 325 ⁶2:30.
636 288 739 331 (120.)
773 288 816 323 In
843 288 974 323 Pestis
1002 287 1223 330 virginum.

743 359 783 390 In
812 357 839 390 l.
866 359 1054 390 Nocturno.

113 470 149 507 1.
181 467 324 514 Sponsa
355 465 494 503 Christi
923 464 959 501 3.
993 463 1143 508 Integra
1175 463 1250 497 tam

240 528 313 560 tam
344 523 447 568 virgo
470 532 578 568 quam
603 525 746 566 martyr
767 523 835 564 est,
1050 517 1189 564 spiritu
1220 527 1330 562 quum
1363 525 1532 564 corpore,

183 581 294 618 Cuius
326 579 448 626 palma
993 574 1262 611 Holocaustum

241 635 400 673 celebris
432 634 523 671 haec
555 634 633 671 dies
666 637 742 678 est3
1049 641 1175 667 verum
1206 629 1247 666 tit
1277 641 1323 666 ex
1355 629 1521 676 virgine3

182 692 312 730 Palma
344 691 481 738 duplex
627 706 632 711 ·
992 688 1053 724 Ad
1085 687 1278 723 incensum

239 748 373 785 festum
396 757 574 794 praesens
604 746 800 793 germinat,
1049 744 1157 780 liuius
1191 742 1292 779 refer
1321 741 1468 779 hostiae

184 807 298 852 Virgo
331 814 492 847 carnem,
994 798 1114 838 Rufao
1146 804 1277 846 typum

239 866 382 908 martyr
411 861 553 898 hostem
585 863 760 907 superat3
1049 861 1086 893 et
1116 857 1278 893 tenellae
1309 855 1472 901 vitulae,

295 919 393 955 Hinc
425 918 536 965 igitur
1104 914 1190 950 Illic
1219 912 1367 960 umbra,

351 974 483 1021 psalmi
515 977 701 1018 resonent,
1160 970 1228 1006 sed
1260 970 1321 1006 hic
1352 969 1505 1016 veritas,

297 1032 491 1068 Lectiones
1105 1026 1145 1064 Si
1177 1036 1236 1063 res
1268 1026 1385 1073 signis

351 1088 438 1124 inde
467 1089 706 1132 concrepent.
1162 1083 1256 1120 bene
1287 1081 1473 1120 conferas.

116 1192 151 1231 2.
185 1191 289 1228 Haec
320 1191 357 1226 in
391 1189 480 1226 viris
923 1188 962 1226 4.
993 1188 1094 1233 Quae
1126 1196 1191 1223 cor
1221 1185 1301 1222 Deo

240 1248 378 1295 duplex
411 1246 535 1292 palma
567 1245 689 1282 rarior
1049 1254 1118 1289 per
1148 1253 1187 1279 se
1219 1245 1519 1287 consecraverat,

182 1305 329 1341 Eminet
363 1305 399 1339 in
994 1300 1069 1336 l’er
1100 1299 1272 1336 lictorem

239 1359 387 1397 feminis
418 1351 582 1406 uberior,
1049 1367 1148 1393 nunc
1178 1360 1215 1392 et
1246 1365 1381 1402 corpus
1409 1360 1628 1404 consecrat3

183 1417 231 1455 Ut
262 1428 334 1463 quo
366 1426 475 1452 sexus
995 1414 1246 1451 Consecratus

240 1473 368 1510 liarum
401 1476 457 1509 est
488 1470 682 1517 infirmior,
1048 1469 1128 1506 Deo
1159 1469 1320 1516 primum
1352 1469 1498 1505 animus

181 1530 236 1566 Sit
268 1530 434 1576 ipsarum
992 1526 1102 1563 Hosti
1135 1536 1271 1573 corpus

239 1587 355 1623 virtus
391 1584 610 1624 mirabilior.
1049 1583 1202 1629 exponit
1234 1582 1464 1628 intrepidus.

295 1642 343 1679 Et
374 1643 539 1688 ipsarum
1106 1639 1183 1686 Ipsi
1216 1639 1343 1686 decus,

350 1703 453 1736 tanto
483 1698 626 1745 gratior
1163 1696 1238 1742 ipsi
1268 1695 1400 1745 gloria,

295 1755 357 1792 Fit
387 1755 522 1801 hostia,
1108 1752 1178 1799 Qui
1208 1755 1264 1790 tot
1295 1750 1387 1789 fecit

350 1816 488 1858 quanto
518 1810 659 1857 purior.
1161 1808 1363 1847 mirabilia.

192 1914 216 1944 13
248 1912 304 1944 fol.
340 1910 421 1943 96a.
448 1929 492 1933 —
516 1912 542 1943 C
574 1911 631 1942 fol.
663 1908 772 1942 2181).
797 1928 842 1932 -—
870 1908 903 1947 1,
936 1908 956 1941 2
988 1920 1091 1951 quam
1123 1914 1232 1942 mater
1257 1913 1310 1941 est
1334 1911 1372 1941 B.
1400 1927 1441 1931 —
1472 1908 1507 1947 2,
1539 1908 1559 1941 5
1585 1920 1653 1951 quo

100 1958 184 1990 fehlt
209 1959 255 1990 B:
284 1958 374 2000 quod
400 1959 436 1989 (2.
461 1974 504 1978 —
530 1955 560 1996 2,
586 1955 605 1988 7
633 1957 690 1989 Sic
714 1957 753 1988 Β.
778 1974 820 1977 —-
845 1954 877 1995 4,
903 1953 923 1987 9
950 1956 1085 1988 Christe
1109 1956 1213 1987 decus
1239 1957 1278 1988 B.

568 2125 649 2161 231.
685 2124 787 2167 (121.)
822 2124 867 2159 In
891 2123 927 2159 ⁴2.
955 2123 1177 2159 Nocturno.

115 2232 151 2269 1.
185 2230 274 2268 Cum
304 2230 341 2267 in
372 2230 512 2267 sanctis
924 2232 960 2270 2.
992 2229 1193 2276 Exquisita

241 2287 340 2323 Deus
370 2288 419 2324 sit
449 2287 643 2337 mirabilis,
1048 2290 1318 2323 tormentorum
1350 2297 1488 2333 genera

185 2344 396 2381 Praeminet
427 2344 462 2380 in
992 2343 1233 2380 Feminarum

239 2405 444 2447 martyrum
476 2401 657 2447 victoriis,
1050 2405 1202 2446 superat
1236 2400 1461 2448 constantia,

185 2457 258 2494 Sed
291 2467 373 2493 cum
405 2454 469 2494 dat
499 2462 535 2493 et
991 2457 1070 2494 Aut
1099 2457 1253 2493 istarum

238 2511 385 2549 feminis
416 2514 624 2565 victoriam,
1048 2514 1168 2551 virtus
1201 2518 1256 2550 est
1287 2513 1486 2561 mirabilis,

184 2569 273 2616 Quis
305 2581 376 2606 non
410 2570 554 2607 cunctis
991 2572 1069 2608 Aut
1100 2581 1259 2617 agonum

242 2625 431 2673 praeferat
462 2627 559 2664 hanc
589 2627 761 2674 gratiam,
1049 2627 1179 2663 horum
1213 2638 1334 2673 poena
1365 2625 1512 2676 facilis3

294 2683 346 2720 Ut
375 2694 447 2729 quo
478 2694 588 2720 sexus
1107 2683 1181 2721 Sed
1212 2688 1412 2730 utrumque

350 2745 405 2776 est
438 2738 619 2788 fragilior,
1163 2741 1243 2787 geri
1273 2740 1407 2778 melius

293 2796 375 2833 Hoc
407 2797 453 2833 sit
487 2797 605 2834 virtus
1105 2796 1342 2844 Disponente

348 2853 559 2891 mirabilior
569 2852 589 2893 P
1164 2853 1244 2891 Deo
1277 2853 1475 2892 credimus.
