1914 3223
749 148 1026 188 —49-

127 263 163 298 23.
196 261 307 298 Nunc
338 261 463 298 carnis
493 260 592 297 liber
621 271 734 298 onero
940 264 978 301 4.
1009 262 1076 305 Te,
1109 265 1252 307 martyr
1283 261 1392 305 alme,
1422 260 1582 306 petimus

194 317 323 354 Rubro
355 317 516 354 vestitur
546 317 700 365 podere,
1010 318 1153 355 Mentis
1185 328 1326 365 pronao
1358 317 1581 366 visceribus,

129 373 132 376 '
191 372 337 410 Corona
368 373 503 419 plexus
534 373 658 419 capito
1010 375 1088 411 Nos
1119 379 1182 411 tua
1212 368 1361 410 solvant
1390 373 1537 419 merita,

190 429 248 467 De.
277 429 446 476 pretioso
476 429 618 476 lapide.
1010 434 1110 477 Quos
1142 435 1269 468 nostra
1299 434 1457 477 gravant
1489 430 1628 470 debita.

596 510 632 546 5.
667 508 723 545 Sit
754 509 854 555 patri
884 509 966 546 laus
998 510 1176 557 ingenito.

197 598 315 639 Migne
341 597 362 629 l.
390 607 417 628 c.
444 594 520 628 954.
547 597 586 628 A.
615 614 657 618 —
684 598 899 638 Lipomanus
927 599 948 630 l.
975 611 1002 630 c..
1027 597 1117 630 245γ
1147 601 1182 630 Η.
1212 617 1251 620 -
1279 597 1310 638 2,
1335 596 1355 630 2
1382 599 1530 640 pondero
1555 600 1595 630 A.
1624 618 1665 622 —

105 644 153 675 Zu
185 643 252 676 Str.
284 641 306 674 4
331 642 400 684 vgl.
429 642 487 673 Nr.
514 639 574 679 ΒΤ,
610 645 676 674 Str.
703 641 733 674 5.
760 660 803 664 —
828 643 952 675 Dioser
980 645 1139 685 Hymnus
1167 646 1209 675 ist
1236 646 1271 676 in
1297 646 1340 680 13,
1373 644 1462 675 wohl
1489 644 1663 685 richtigcr,

105 688 156 720 als
182 688 265 720 Div
278 689 288 719 i
301 689 365 719 sio
392 686 604 719 bezeiclinet.

544 820 549 826 '
575 842 633 878 49.
669 844 750 887 (34.)
786 843 835 879 De
863 844 991 879 sancto
1018 842 1196 879 Ursicino.

119 950 154 988 1.
187 949 307 986 Dulce
338 953 485 997 martyr
516 949 674 987 eximius
935 951 973 987 4.
1003 949 1054 986 Et
1084 960 1151 986 nos
1182 950 1281 987 inter
1313 951 1529 1000 cortamina,

159 1005 339 1054 *Festum
372 1006 531 1055 praebet
563 1006 776 1057 Ursicinus,
1006 1006 1158 1053 Martyr
1188 1006 1358 1054 insignis,
1392 1008 1542 1054 adiuva,

187 1063 266 1109 Quo
297 1063 419 1100 victus
452 1063 575 1100 victor
605 1063 750 1099 exstitit
1004 1062 1063 1099 Da
1096 1061 1312 1100 diffidentes
1343 1062 1461 1100 fidere

186 1119 236 1157 Et
268 1120 392 1157 clarus
423 1124 529 1157 astra
558 1120 680 1166 petiit.
1007 1119 1209 1166 Victosque
1239 1131 1388 1157 rursum
1418 1121 1581 1161 vincere,

113 1212 151 1248 2.
186 1210 280 1248 Nam
314 1221 453 1257 poenas
484 1216 570 1258 post
601 1209 796 1247 horrificas
937 1213 974 1250 5.
1007 1210 1068 1248 Sic
1095 1210 1302 1247 animarum
1334 1211 1501 1247 medicus

182 1266 316 1306 Carnis
347 1272 461 1314 pavet
491 1266 702 1315 infirmitas,
1002 1267 1108 1304 Affer
1137 1277 1245 1314 opem
1278 1268 1554 1314 languentibus,

185 1324 260 1361 Sed
292 1335 379 1361 mox
411 1325 460 1364 ad
492 1335 557 1361 cor
588 1323 792 1360 revertitur
1006 1324 1153 1361 Haustu
1185 1324 1360 1360 caelestis
1391 1324 1535 1371 gratiae

183 1381 233 1417 Et
265 1381 386 1417 laetus
417 1382 455 1417 in
487 1391 527 1418 se
558 1380 741 1418 caeditur.
1005 1381 1155 1427 Aegrae
1187 1384 1364 1417 curentur
1394 1380 1551 1418 animae.

114 1473 151 1510 3.
184 1470 308 1517 Digne
340 1474 473 1517 raptor
503 1470 664 1517 erubuit,
935 1471 974 1509 6.
1005 1470 1062 1508 Sit
1092 1470 1193 1516 patri
1224 1470 1305 1507 laus
1336 1470 1514 1517 ingenito,

188 1527 359 1573 Rapinae
392 1537 473 1564 cum
505 1527 701 1564 succubuit
1007 1526 1064 1564 Sit
1096 1527 1210 1563 decus
1240 1526 1444 1574 unigenito,

188 1583 240 1621 Et
269 1584 377 1621 hoste
407 1584 514 1630 lapso
546 1584 728 1631 perdidit,
1007 1583 1064 1620 Sit
1093 1583 1288 1630 utriusque
1318 1583 1432 1630 parili

193 1641 264 1687 Qui
296 1640 412 1678 stanti
442 1641 577 1678 vulnus
609 1641 748 1678 intulit.
1004 1640 1187 1678 Maiestas
1221 1651 1365 1677 summa
1394 1638 1548 1678 flamini.

192 1731 310 1773 Migne
336 1730 359 1762 l.
384 1741 412 1762 c.
438 1729 514 1763 950.
540 1749 585 1752 -
608 1729 646 1769 2,
671 1729 693 1762 4
719 1732 754 1763 in
781 1742 817 1763 se
836 1730 1023 1771 jedenfalls
1049 1731 1244 1762 irrtiiinlich
1270 1748 1311 1752 —
1340 1728 1374 1769 3,
1403 1729 1417 1762 1
1446 1732 1592 1773 Dignae.
1618 1748 1663 1754 --

100 1775 131 1813 4,
157 1773 177 1808 3
201 1776 433 1808 Dissidentes.
459 1794 504 1798 —
528 1775 558 1815 5,
583 1775 606 1809 4
630 1781 806 1808 curantur.

601 1944 655 1981 50.
690 1944 768 1987 (35).
808 1943 855 1979 De
882 1944 1009 1980 sancto
1035 1940 1172 1979 vitale.

123 2050 159 2088 1.
191 2049 343 2097 Insigne
376 2051 489 2088 decus
520 2055 743 2097 martyrum,
935 2051 974 2088 4.
1007 2049 1148 2086 Terrae
1179 2059 1324 2086 mersus
1353 2048 1552 2094 infoditur,

191 2107 348 2143 Astrum
379 2107 517 2145 Vitalis
547 2117 715 2154 aureum,
1005 2105 1068 2143 Sol
1097 2116 1212 2152 super
1241 2110 1345 2142 astra
1374 2106 1533 2147 tollitur,

194 2163 268 2201 Per
301 2164 459 2210 gloriam
491 2163 707 2201 certaminis
1007 2162 1189 2200 Obruitur
1219 2162 1433 2207 ruderibus,

191 2219 332 2258 Urbem
364 2219 535 2268 perfudit
565 2220 697 2260 radiis,
1006 2219 1147 2257 Radiat
1177 2219 1215 2256 in
1247 2218 1486 2256 caelestibus.

119 2310 156 2347 2.
188 2309 291 2346 Ense
322 2310 561 2357 praecinctus
591 2309 682 2347 fidei
938 2310 973 2348 5.
1005 2309 1096 2353 Nos,
1130 2313 1276 2355 martyr
1303 2308 1560 2356 invictissime,

192 2365 334 2403 Christi
364 2367 550 2404 succurrit
582 2367 705 2416 militi,
1006 2366 1066 2403 Da
1096 2370 1182 2413 post
1213 2366 1358 2402 ruinam
1390 2365 1540 2401 vincere

191 2421 288 2459 Dum
320 2423 428 2470 lapso
459 2435 608 2461 manum
640 2422 814 2471 porrigit,
1006 2422 1203 2471 Digneque
1233 2427 1318 2468 post
1351 2422 1546 2458 victoriam

190 2478 347 2516 Hostem
381 2480 528 2517 calcare
560 2480 700 2519 docuit.
1007 2479 1070 2516 Ad
1102 2478 1195 2516 caeli
1227 2476 1393 2515 transfer
1422 2478 1592 2524 gloriam.

115 2569 151 2607 3.
184 2569 327 2607 Eculeo
359 2571 615 2617 suspenditur,
936 2570 973 2609 6.
1006 2569 1062 2607 Sit
1090 2569 1193 2616 patri
1222 2569 1303 2605 laus
1337 2568 1515 2614 ingenito,

188 2625 263 2663 Sed
294 2636 417 2673 poena
448 2627 752 2674 parvipenditur,
1003 2626 1060 2664 Sit
1092 2626 1205 2662 decus
1236 2625 1441 2673 unigenito,

187 2682 338 2719 Amoris
369 2684 485 2720 ardor
515 2684 637 2720 intimi
1003 2682 1058 2720 Sit
1091 2683 1285 2728 utriusque
1317 2681 1431 2729 parili

186 2738 272 2776 Non
303 2740 417 2776 sentit
450 2741 525 2778 vim
557 2739 750 2786 supplicii.
999 2738 1182 2776 Maiestas
1213 2749 1356 2774 summa
1387 2736 1540 2778 flamini,

190 2828 309 2869 Migne
334 2828 355 2860 l.
383 2838 410 2859 c.
437 2826 513 2860 949.
539 2845 581 2850 -—
609 2829 657 2860 Zu
681 2826 719 2866 3,
746 2826 767 2859 3
792 2839 841 2870 sq.
868 2829 937 2870 vgl.
963 2829 1022 2860 Nr.
1049 2825 1110 2864 29.
1138 2829 1204 2859 Str.
1229 2824 1260 2865 3,
1286 2825 1306 2857 3
1332 2826 1401 2858 und
1427 2828 1485 2859 Nr.
1511 2825 1565 2866 30,
1593 2827 1660 2859 Str.

99 2870 130 2910 2,
155 2869 186 2905 3.
211 2890 255 2894 -
280 2873 351 2905 Ans
365 2874 492 2905 vitalis
518 2874 631 2905 finden
658 2874 731 2905 sich
757 2878 858 2905 unter
874 2875 1059 2905 Damianis
1081 2873 1197 2905 Reden
1215 2873 1309 2909 zwei,
1339 2874 1458 2904 Sermo
1484 2873 1583 2905 XVII
1610 2883 1660 2914 sq.

169 2931 332 2965 Dreves,
361 2933 608 2967 Hymnographi
630 2932 749 2959 Latini.
786 2933 809 2958 1.
1437 2926 1458 2958 4
