2031 3289
302 464 394 503 140.

298 745 391 783 145.

299 1028 391 1066 150.

302 1311 392 1349 155.

301 1594 391 1634 160.

426 295 476 332 Et
506 296 555 333 ad
587 296 777 333 Christum

482 352 640 389 tendens
672 364 745 389 non
775 352 940 396 reicitur,

427 407 499 444 Per
529 412 565 444 te
595 409 712 454 lapsis

483 465 604 510 pietas
635 464 880 515 impenditur,

427 521 499 558 Per
529 526 566 557 te
596 531 733 568 perpes

480 577 558 614 vita
589 577 878 624 concupiscitur,

423 634 495 671 Per
525 638 562 670 te
593 634 729 680 placet,

479 690 541 736 qui
572 690 724 736 placere
754 690 901 736 nititur,

424 746 499 782 Per
529 751 566 782 te
596 746 702 792 vivit,

476 814 498 838 a
528 813 599 849 quo
631 802 725 839 bene
757 803 910 851 vivitur,

423 859 498 896 Per
527 862 564 894 te
595 869 721 896 casum

479 915 628 961 patiens
659 916 830 965 erigitur,

424 972 496 1009 Per
525 975 562 1008 te
590 982 746 1018 surgens

479 1029 604 1065 anima
634 1040 708 1065 non
738 1030 908 1079 moritur,

424 1085 497 1122 Per
527 1088 564 1121 te
595 1085 726 1122 mortis

478 1141 601 1178 iaculo
632 1140 859 1192 confoditur,

422 1198 492 1243 Qui
524 1202 560 1234 te
590 1202 748 1235 matrem

481 1254 661 1301 virginem
694 1266 767 1292 non
799 1256 975 1302 loquitur,

427 1312 500 1348 Per
530 1314 567 1348 te
598 1309 691 1348 felix

481 1378 562 1405 cum
596 1368 735 1405 sanctis
767 1368 982 1415 laetabitur,

424 1424 493 1470 Qui
524 1424 667 1462 salubri

478 1485 625 1519 terrore
656 1482 930 1531 compungitur,

422 1538 497 1575 Per
527 1542 564 1574 te
595 1542 700 1576 scuto

480 1594 568 1632 fidei
599 1595 823 1645 protegitur,

1024 183 1101 222 124

1112 521 1203 561 16-3.

1113 805 1204 845 170.

1114 1087 1206 1127 175.

1112 1370 1204 1410 180.

372 1692 413 1725 77
440 1699 477 1726 ut
503 1695 598 1736 prosi
624 1697 768 1737 perpeti.
794 1713 837 1717 —
867 1693 929 1728 180
953 1696 1046 1738 quod
1072 1697 1183 1727 malis.

298 2503 361 2540 10.

297 2785 360 2822 15.

1237 297 1350 334 Cuius
1379 297 1499 335 omnis

1292 364 1378 399 spes
1409 354 1490 391 Deo
1521 353 1780 401 committitur,

1238 410 1309 446 Per
1338 415 1375 445 te
1406 410 1513 447 bonis

1292 466 1464 503 omnibus
1495 467 1716 515 replebitur,

1237 522 1413 568 Quisquis
1444 522 1514 559 tibi

1293 579 1448 616 devotus
1479 579 1710 626 obsequitur.

1236 636 1309 673 Per
1338 638 1375 671 te
1406 635 1502 672 hosti

1292 692 1493 739 temptanti
1524 692 1713 729 resistitur

1235 748 1293 784 Ac
1323 748 1391 785 sub
1421 749 1507 795 iugo

1293 804 1436 842 Christi
1466 815 1571 842 mens
1602 804 1834 851 reprimitur,

1236 861 1311 898 Per
1341 864 1378 897 te
1407 860 1515 898 labor

1292 921 1329 954 et
1361 917 1469 955 dolor
1500 917 1727 962 excluditur.

1236 974 1310 1010 Per
1338 979 1374 1010 te
1405 985 1480 1021 pax
1511 978 1548 1011 et

1290 1030 1410 1078 gloria
1441 1031 1663 1078 percipitur.

1240 1088 1325 1124 Iure
1356 1087 1426 1123 tibi

1290 1144 1481 1190 supplices
1512 1142 1730 1189 sufficimur,

1238 1200 1309 1237 Per
1339 1211 1448 1247 quam
1482 1204 1589 1238 tanta

1292 1268 1448 1294 munera
1479 1256 1754 1303 consequimur.

1237 1313 1332 1350 Vide
1363 1323 1465 1362 ergo,

1293 1374 1381 1417 quot
1413 1370 1521 1407 malis
1552 1367 1752 1417 afficimur,

1235 1427 1271 1464 A
1301 1438 1373 1473 quo
1405 1426 1476 1464 tibi

1292 1484 1374 1521 laus
1404 1484 1478 1521 ista
1507 1494 1605 1520 nunc
1637 1482 1789 1528 dicitur,

1236 1539 1287 1577 Et
1317 1541 1418 1579 hunc
1448 1541 1543 1583 loca,

1294 1608 1367 1644 qua
1399 1597 1478 1635 dies
1509 1608 1583 1634 non
1616 1595 1817 1634 clauditur.

758 1874 830 1910 106.
866 1874 924 1917 (4.)
960 1873 1166 1919 Rhythmus
1193 1875 1367 1917 Quartus.

393 1991 506 2028 Alma
536 1991 653 2040 virgo,

450 2048 578 2095 regina
610 2049 762 2099 saeculi,

394 2106 508 2143 Porta
540 2105 651 2153 vitae,

451 2162 561 2199 ianua
591 2162 732 2212 gaudii,

352 2248 359 2256 .
393 2218 462 2260 Tu,
494 2219 631 2265 Maria,

451 2276 631 2322 templum
663 2276 849 2323 altissimi,

394 2333 507 2370 Cuius
540 2343 652 2369 carne

449 2389 607 2425 amictus
638 2389 769 2426 humili

394 2445 448 2482 Te
479 2446 633 2482 contulit

449 2502 610 2539 humano
641 2502 768 2549 generi

394 2559 495 2596 Sicut
530 2559 648 2596 imber

451 2616 608 2662 illapsus
640 2616 784 2663 velleri,

395 2673 443 2711 Ut
476 2676 627 2720 pareret

452 2728 572 2766 forma
603 2729 755 2767 visibili.

394 2785 480 2823 Sola
512 2791 632 2823 mater

453 2841 606 2879 factoris
637 2843 794 2890 proprii.

394 2899 524 2946 Stella,
558 2899 660 2937 cuius

1111 2107 1175 2144 20.

1107 2391 1172 2429 25.

1109 2675 1172 2712 30.

1266 1996 1340 2030 tam
1372 1996 1459 2029 sunt.
1489 1992 1702 2039 clarissimi,

1209 2049 1259 2087 Ut
1291 2060 1364 2086 non
1395 2060 1557 2096 unquam

1264 2105 1499 2152 occumbant,
1533 2105 1644 2154 radii,

1208 2162 1413 2200 Christiani

1264 2230 1350 2266 spes
1382 2230 1516 2266 magna
1546 2219 1675 2268 populi

1207 2277 1264 2313 Ac
1294 2280 1379 2322 post
1410 2276 1529 2313 Deum

1266 2333 1397 2370 domus
1429 2331 1577 2380 refugii,

1205 2387 1366 2428 Officina

1263 2446 1383 2483 sancti
1414 2445 1601 2492 paracliti.

1207 2504 1249 2540 In
1283 2513 1355 2549 qua
1387 2513 1523 2548 corpus

1264 2559 1405 2596 creavit
1439 2559 1588 2596 Domini

1207 2616 1307 2653 Miro
1339 2616 1449 2652 modo

1263 2677 1298 2709 et
1330 2672 1532 2718 inefl'abili3

1206 2730 1318 2769 Miro.
1353 2729 1448 2775 dico,

1264 2797 1338 2824 non
1369 2785 1597 2824 incredibili.

1208 2842 1296 2880 Sine
1327 2846 1434 2889 patre

1265 2899 1358 2936 dans
1389 2903 1536 2946 partum
1571 2898 1718 2946 virgini.
