1914 3223
779 156 824 161 —-
895 133 968 174 173
1028 156 1077 161 ——

157 253 195 289 3.
225 251 314 297 Quis
344 250 413 287 hoc.
445 248 608 286 fidelium
966 250 1003 286 4.
1035 247 1092 285 Tu
1121 247 1190 285 tibi
1220 248 1381 294 compati

281 306 411 344 audire
444 304 622 353 perferat,

227 365 303 401 Aut
333 363 416 410 quis
446 362 516 399 hoc
544 362 702 399 audiens

283 431 355 457 non
386 419 495 456 homo
524 417 717 465 ingemat?

231 476 318 524 Quis
349 475 457 513 siccis
487 474 605 512 oculis

285 533 355 571 hoc
384 532 505 569 scelus
535 531 676 580 audiat,

227 593 341 636 Quem
375 589 465 626 haec
494 587 651 625 saevitia

283 656 432 682 saevum
463 656 535 682 non
566 644 708 680 molliat
720 644 741 682 ’ἓ

1094 304 1147 341 sic
1180 303 1239 342 fac
1270 316 1348 353 nos,
1380 303 1552 352 Domine,

1036 360 1139 398 Tuae
1169 361 1374 408 participes

1093 421 1135 456 ut
1165 419 1279 456 simus
1310 417 1466 466 gloriae,

1037 475 1100 512 Sic
1131 485 1309 522 praesens
1339 474 1506 511 triduum

1093 532 1131 568 in
1163 532 1266 569 luctu
1298 531 1447 578 ducere,

1038 589 1091 627 Ut
1123 588 1238 625 risum
1271 587 1416 625 tribuas

1092 645 1281 691 paschalis
1312 645 1468 692 gratiae.

247 781 272 811 C
298 780 353 811 fol.
379 778 460 811 7921.
486 795 528 800 —
554 776 585 816 3,
610 776 631 809 4
657 778 840 819 ingomiat3
867 777 967 810 homo
993 777 1087 810 fehlt.
1116 795 1159 799 —
1183 776 1214 817 3,
1240 777 1259 810 7
1286 779 1451 821 Quaeque
1477 778 1571 811 haec.

696 969 764 1005 156.
800 970 881 1011 (46.)
915 967 968 1004 Ad
995 968 1164 1005 Primam.

160 1088 194 1124 1.
228 1086 481 1134 Damnaudus,
514 1086 683 1135 Domine,

287 1142 407 1179 Pilato
438 1142 593 1189 sisteris,

228 1200 277 1236 Et
308 1199 356 1237 ad
387 1200 641 1247 spectaculum

286 1260 326 1292 ut
357 1266 441 1292 reus
472 1256 644 1303 traheris,

227 1312 410 1349 Coronam
431 1312 625 1358 spineam,

283 1373 472 1415 sceptrum
503 1369 696 1406 arundinis

232 1425 277 1461 Et
311 1425 384 1462 vile
415 1425 604 1462 coccinum

283 1491 432 1519 sumens
460 1482 644 1520 illuderiS.

163 1618 202 1655 2.
235 1616 396 1654 Gentilis
424 1617 558 1655 iudicis

291 1678 449 1711 mentem
481 1675 683 1712 crudelitas

232 1730 281 1766 Et
312 1731 545 1768 innocentiae.

289 1792 495 1825 commovet
525 1788 682 1834 puritas,

234 1843 414 1892 Flagellis
445 1845 641 1890 praevenit

288 1901 417 1937 mortis
447 1902 648 1948 angustias

229 1955 280 1993 Ut
311 1957 368 1994 vel
401 1957 454 1994 sic
484 1968 641 2004 parcere

287 2013 405 2059 possit
435 2014 620 2061 impietas,

248 2147 274 2178 C
298 2146 355 2178 fol.
388 2145 464 2178 19a.
490 2166 531 2170 —
559 2147 586 2186 1,
614 2147 632 2180 7
656 2150 748 2182 ville.

696 2338 754 2375 157

164 2453 199 2490 1.
232 2452 308 2489 Iam
340 2452 434 2491 liora
461 2455 572 2493 tertia

288 2509 360 2546 diei
392 2515 556 2560 venerat,

230 2566 320 2603 Cum
351 2566 458 2612 plebs
489 2567 662 2616 obtinuit,

286 2623 384 2669 quod
416 2624 682 2670 postulaverat,

227 2679 342 2724 Quem
374 2680 646 2727 crucifigerent,

285 2736 433 2781 pmesul
464 2737 688 2779 tradiderat.

230 2792 298 2837 Qui
331 2802 476 2829 crucem
508 2793 679 2831 baiulans

283 2848 357 2885 iam
388 2860 534 2886 crucem
567 2851 712 2889 tolerat.

968 1090 1005 1128 53,
1037 1087 1108 1133 Qui
1140 1097 1287 1124 caesum
1320 1087 1480 1134 denique

1094 1147 1244 1182 coactus
1276 1144 1439 1190 tradere,

1037 1200 1089 1239 Ut
1119 1200 1166 1237 ab
1198 1201 1269 1238 hoc
1298 1201 1462 1238 animum

1093 1261 1273 1305 purgaret
1300 1258 1456 1304 scelere,

1037 1314 1173 1351 Manus
1204 1313 1360 1351 abluere

1094 1371 1260 1407 decrevit
1291 1370 1454 1418 publice,

1036 1427 1219 1464 Mundum
1252 1438 1291 1464 se
1322 1427 1504 1474 profitens

1090 1495 1112 1521 a
1141 1484 1230 1521 iusti
1261 1485 1453 1532 sanguine.

970 1623 1008 1658 4.
1040 1620 1097 1657 Tu
1127 1620 1196 1657 tibi
1227 1621 1390 1669 compati

1096 1677 1150 1714 sic
1181 1676 1242 1715 fac
1270 1689 1351 1724 nos,
1384 1678 1556 1724 Domine,

1041 1733 1145 1771 Tuae
1175 1734 1381 1781 participes

1096 1795 1138 1827 ut
1168 1791 1283 1828 simus
1313 1791 1468 1841 gloriae,

1041 1847 1104 1885 Sic
1134 1858 1313 1894 praesens
1343 1848 1510 1885 triduum

1094 1904 1133 1941 in
1163 1904 1267 1941 luctu
1297 1905 1447 1953 ducere,

1040 1960 1093 1998 Ut
1123 1961 1238 1998 risum
1270 1961 1413 1999 tribuas

1097 2017 1286 2064 paschalis
1316 2019 1472 2065 gratiae.

757 2367 765 2374 .
800 2341 880 2383 (47.)
916 2340 969 2376 Ad
993 2340 1168 2378 Tertiam.

969 2461 1006 2497 2.
1039 2459 1114 2498 Ubi
1146 2460 1358 2498 Calvariam

1095 2517 1270 2563 pervenit
1299 2517 1497 2566 Dominus,

1037 2573 1106 2620 Qui
1137 2574 1242 2611 locus
1273 2575 1348 2611 reis
1379 2577 1437 2611 est

1092 2630 1141 2667 ad
1173 2641 1302 2668 necem
1334 2631 1498 2679 deditus,

1037 2688 1179 2724 Amaro
1210 2688 1346 2734 poculo

1095 2743 1266 2781 delusum
1298 2745 1486 2793 primitus,

1039 2799 1090 2837 Ut
1122 2800 1397 2850 crucifigerent,

1097 2857 1292 2894 denudant
1324 2858 1504 2899 vestibus.
