2031 3289
913 176 1216 217 —626—

736 308 818 345 406.
856 308 914 351 (2.)
950 308 1008 343 De
1035 309 1177 344 saneto
1205 307 1395 351 Georgia.

945 377 999 409 Ad
1024 377 1174 410 Laudes.

289 469 325 507 1.
372 469 402 508 Ο
434 469 578 507 athleta
607 469 741 518 victor,
774 469 888 518 laeta,
1103 470 1141 518 3,
1186 469 1330 507 Multos
1360 473 1486 507 terror
1515 470 1619 518 vicit,
1652 481 1759 509 error

427 525 578 573 Georgi,
612 523 760 573 fulgens
791 525 934 574 laurea,
1243 525 1452 563 Multorum
1482 526 1609 574 palam
1639 527 1819 580 dissonat,

369 581 423 619 Te
453 583 662 631 laudamus,
696 580 759 617 hic
788 591 957 628 ovamus,
1187 582 1279 621 Cum
1320 592 1491 629 egressus
1521 582 1581 620 vir
1610 593 1680 620 nec
1711 581 1846 634 fessus,

424 638 537 685 Lux,
557 647 682 684 ecce,
701 637 854 684 surgit
875 647 1029 676 aurea.
1244 638 1340 676 Vox
1353 638 1846 688 clara,ecce,intonat.

287 741 323 777 2.
368 738 466 776 Fide
497 742 635 785 rectus,
667 749 736 786 spe
765 743 980 785 provectus,
1101 741 1141 778 4.
1187 739 1381 777 Christum
1412 739 1526 786 fatur,
1558 751 1631 788 quo
1664 741 1817 789 ditatur,

427 795 543 841 Quem
585 793 715 832 fruens
745 794 841 842 ignit
874 795 1026 845 caritas,
1244 795 1399 843 Strages
1429 795 1596 834 firmavit
1627 797 1816 844 comitum,

363 851 529 888 Mortem
559 852 718 901 spernit,
748 852 865 889 vitam
890 852 1024 902 cernit,
1184 851 1268 890 Stat
1299 852 1485 900 tribunus,
1524 853 1703 900 princeps
1733 865 1844 901 unus,

423 908 453 945 O
483 908 588 958 lux,
621 907 771 945 beata
800 907 1027 946 trinitas.
1240 908 1395 957 Deus,
1421 912 1616 947 tuorum
1638 909 1845 949 militum.

617 1011 655 1050 5.
703 1009 807 1056 Ergo
834 1007 973 1047 fortem
1005 1012 1137 1047 contra
1166 1012 1325 1046 mortem

762 1066 900 1103 Poscat
929 1075 1035 1103 mens
1067 1066 1201 1103 ducem
1230 1066 1371 1112 saucia,

700 1123 754 1161 Ut
785 1122 958 1170 exsistat,
989 1132 1085 1169 quae
1115 1133 1219 1160 nunc
1251 1122 1378 1172 distat,

756 1179 990 1216 Aeterna
1029 1179 1160 1216 caeli
1199 1179 1382 1226 gloria.

370 1279 474 1313 Grad.
507 1290 571 1311 ms·
603 1279 724 1311 Iacobi
754 1279 796 1310 de
829 1278 1076 1320 Stephanescis
1109 1289 1199 1311 saec.
1231 1276 1283 1311 14.
1333 1279 1414 1311 cod.
1441 1279 1555 1321 Capit.
1580 1281 1745 1313 Vaticani
1781 1279 1845 1314 129

284 1326 320 1358 C.
345 1326 386 1358 A.
418 1344 461 1348 -—
495 1326 594 1357 BreV.
627 1335 690 1356 ins.
719 1324 922 1356 Parisiense
953 1334 1044 1356 saec.
1071 1321 1123 1355 14.
1182 1324 1265 1356 Cod.
1290 1325 1442 1356 Parisin.
1470 1322 1567 1357 1024.
1601 1326 1640 1358 Β.
1673 1343 1716 1348 -
1743 1328 1845 1360 BreV.

281 1382 343 1403 ms.
376 1371 578 1402 Parisiense
611 1379 698 1401 saec.
731 1367 783 1401 15.
840 1369 924 1401 Cod.
950 1370 1100 1401 Parisin.
1130 1367 1227 1402 1291.
1253 1370 1290 1402 C.
1316 1386 1359 1391 —
1384 1371 1485 1402 Brev.
1510 1381 1573 1402 ms.
1597 1370 1847 1413 Parisiense(?)

281 1427 371 1449 saec.
408 1413 460 1447 15.
516 1415 598 1447 cod.
633 1414 886 1456 Carlopolitan.
924 1412 1000 1446 146.
1032 1415 1076 1447 D.
1107 1433 1152 1436 —
1182 1416 1283 1447 Brev.
1317 1425 1379 1448 ms.
1408 1415 1609 1448 Parisiense
1641 1426 1731 1449 saec.
1758 1414 1846 1450 ¹5l16.

281 1462 364 1494 Cod.
391 1462 541 1493 Parisin·
565 1458 712 1500 (Arsen.)
736 1458 812 1492 660.
837 1460 880 1492 Ε.
907 1477 948 1481 --

375 1505 412 1545 1,
447 1504 463 1537 1
490 1507 590 1548 virgo
615 1505 709 1537 laeta
734 1504 770 1536 C.
807 1522 849 1528 --
887 1503 922 1544 l,
955 1502 976 1537 3
1001 1505 1083 1536 huic
1108 1515 1246 1537 oramus
1271 1506 1315 1537 D.
1349 1524 1394 1528 —
1425 1503 1461 1545 3,
1495 1504 1511 1537 1
1538 1506 1651 1538 Multa
1674 1506 1776 1539 BCE.
1801 1524 1844 1530 —

281 1550 323 1591 3,
353 1549 374 1583 3
397 1553 458 1583 vix
484 1561 546 1582 nee
572 1552 610 1582 Β.
642 1568 683 1572 -
708 1548 746 1589 4,
779 1547 794 1581 1
822 1551 941 1592 Ipsum
966 1550 1059 1582 fatur
1082 1551 1126 1582 D.
1152 1568 1196 1572 —-
1220 1548 1259 1589 4,
1291 1548 1311 1582 2
1335 1550 1449 1582 firmat
1472 1551 1523 1591 D3
1557 1551 1713 1584 firmatur
1737 1553 1777 1584 B.
1802 1570 1846 1574 —

282 1596 319 1636 5,
358 1595 373 1628 1
400 1597 507 1638 Virgo
540 1596 663 1627 fortem
689 1596 725 1628 C.
759 1613 804 1617 —-
835 1596 904 1628 Die
928 1596 1097 1627 Lesarten
1130 1606 1199 1627 von
1223 1596 1252 1627 A
1279 1595 1398 1627 stehen
1423 1597 1489 1628 mir
1512 1596 1610 1628 nieht
1633 1608 1677 1629 zu
1700 1597 1845 1630 Gebote.

283 1642 362 1684 Vgl.
388 1642 450 1673 das
476 1651 554 1673 zum
578 1642 723 1682 vorigen
748 1641 908 1682 Hymnus
934 1640 1129 1673 Bemerkte.
1147 1660 1187 1664 -—
1207 1641 1425 1673 Wiederholt
1449 1651 1512 1673 aus
1529 1641 1630 1674 Anal.
1647 1642 1743 1682 XIX,
1772 1640 1846 1675 143.

682 1784 763 1821 407.
796 1784 856 1827 (3.)
890 1785 948 1819 De
974 1794 1007 1820 s.
1035 1785 1160 1820 Petro
1188 1784 1434 1820 Caelestino.

916 1856 1200 1896 Responsorium.

336 1949 380 1987 R.
427 1948 491 1985 Fit
521 1948 737 1993 monachus,
771 1948 834 1994 qui
866 1958 967 1994 papa
999 1945 1083 1993 fuit,
1117 1946 1352 1994 simplexque
1384 1947 1563 1984 sacerdos

434 2004 591 2043 Praesul
623 2008 659 2040 et
687 2004 874 2040 inclinans
906 2014 946 2040 se
978 2002 1050 2049 his,
1084 2003 1143 2040 cui
1174 2003 1278 2050 regia
1309 2007 1460 2050 sceptra

506 2062 728 2105 paruerant,

339 2118 381 2155 V.
429 2116 586 2164 Imperii
618 2117 794 2154 diadema
826 2125 974 2152 sacrum
1007 2115 1218 2162 mitraeque
1249 2115 1437 2154 bicornes,

371 2218 454 2250 Cod.
488 2217 694 2249 Casanaten.
731 2214 797 2248 934
827 2215 871 2253 (D
897 2217 951 2248 111
979 2213 1044 2255 13.)
1076 2226 1165 2248 saec.
1203 2213 1288 2248 ¹⁶!17.
1322 2216 1362 2248 A.
1395 2234 1439 2237 —
1472 2217 1559 2248 Acta
1585 2216 1645 2249 SS.
1670 2217 1757 2248 Maii
1783 2218 1849 2256 IV,

282 2261 360 2295 484.
385 2263 424 2294 B.
456 2280 501 2285 —
534 2260 555 2294 2
580 2262 753 2293 inclinans
781 2262 861 2293 aliis
888 2262 925 2292 B.
955 2279 997 2282 ——
1024 2260 1302 2303 „Subsequentia
1326 2263 1547 2303 responsoria
1573 2263 1658 2301 tria,
1690 2261 1844 2294 Alleluia

281 2319 387 2340 unum
413 2318 490 2339 eum
515 2308 673 2339 versibus
700 2308 735 2338 in
762 2307 863 2338 litera
889 2310 1061 2347 cantuque
1087 2316 1126 2338 ac
1152 2308 1328 2338 orationes
1353 2309 1422 2338 tres
1447 2318 1510 2339 nec
1535 2317 1605 2338 non
1630 2307 1841 2347 antiphonas

282 2354 368 2385 duas
402 2355 437 2384 in
470 2354 572 2384 litera
603 2355 637 2383 et
669 2356 772 2383 cantu
807 2352 847 2383 de
881 2353 983 2383 beato
1017 2352 1120 2383 Petro
1153 2351 1349 2383 confessore
1381 2353 1529 2384 Iacobus
1561 2352 1595 2384 S.
1621 2352 1765 2394 Georgii
1799 2352 1843 2384 ad

283 2399 407 2430 Velum
433 2399 582 2429 Aureum
608 2398 776 2429 diaconus
803 2397 991 2428 cardinalis
1016 2394 1243 2438 eomposuit“.
1272 2397 1309 2428 A.
1336 2414 1379 2418 —
1405 2397 1540 2429 Voraut'
1560 2396 1642 2438 geht
1666 2398 1723 2429 ein
1747 2397 1847 2429 Brief

285 2444 496 2485 „Religiosis
530 2444 636 2480 viris,
673 2443 795 2473 amicis
821 2443 1032 2480 ‹zai-issiniiS‚
1062 2442 1175 2473 Priori
1201 2442 1375 2480 Generali,
1411 2442 1661 2474 Definitoribus
1687 2442 1841 2484 Capituli

282 2489 463 2521 Generalis
497 2488 629 2519 ordinis
663 2498 689 2519 s.
716 2488 811 2519 Petri
842 2487 883 2519 de
912 2485 1095 2519 Murrone“
1133 2491 1196 2519 etc.
1247 2487 1467 2526 Bedauernd,
1502 2487 1556 2518 die
1588 2487 1841 2529 versproehene

282 2535 443 2565 Historia
467 2537 575 2565 metro
602 2533 759 2572 heroico,
799 2533 906 2564 durch
932 2533 1208 2573 Amtsgesehiifte
1234 2532 1450 2570 verhindert,
1476 2533 1565 2564 noch
1590 2533 1688 2564 nieht
1712 2532 1842 2565 sendeu

280 2590 323 2610 zu
350 2579 500 2615 konnen,
527 2579 668 2609 schicke
695 2589 730 2609 or
748 2578 962 2609 oinstweilon
981 2578 1094 2619 oinige
1112 2577 1334 2619 Antiphonen
1352 2588 1434 2608 usw.
1478 2578 1626 2617 „Verum
1642 2588 1686 2609 ne
1703 2579 1841 2610 interim

282 2628 421 2655 nostrae
455 2624 650 2656 devotionis
678 2623 835 2654 modulus
861 2623 978 2661 sileat,
1015 2624 1099 2662 quin
1124 2624 1229 2653 immo
1257 2623 1320 2654 sub
1345 2622 1457 2653 duleis
1482 2623 1683 2655 harmoniae
1709 2624 1842 2655 musica

283 2671 357 2710 ipsc
383 2672 566 2710 vesterque
590 2669 715 2699 chorus
742 2668 851 2699 eidem
879 2669 1016 2709 egregio
1042 2668 1231 2699 confessori
1257 2667 1419 2699 laudibus
1446 2668 1578 2705 inbuet,
1606 2669 1841 2708 Responsoria

283 2716 349 2745 tria
376 2725 443 2745 una
469 2725 545 2745 euni
571 2715 749 2752 versibus,
776 2713 929 2744 Alleluia
955 2714 989 2744 iu
1015 2713 1115 2744 litera
1140 2716 1312 2753 cantuque
1337 2716 1372 2744 et
1397 2714 1572 2744 orationes
1598 2716 1667 2745 tres
1693 2724 1753 2755 per
1776 2723 1840 2745 nos

282 2761 475 2800 composita
516 2760 558 2791 ‹lo
596 2761 671 2801 ipso
712 2759 908 2790 consessore
945 2769 1005 2799 per
1041 2759 1178 2789 fratrem
1219 2759 1357 2789 Petrum
1393 2758 1434 2789 de
1471 2759 1644 2797 Romano,
1689 2759 1840 2799 priorem

282 2806 481 2836 monasterii
519 2807 552 2835 S.
586 2805 719 2836 Mariae
753 2804 794 2835 (lo
821 2803 1054 2841 Collemadio,
1090 2803 1221 2834 ordinis
1255 2804 1379 2842 vostri,
1414 2803 1557 2835 latorem
1595 2804 1838 2845 praesentium.

283 2871 290 2878 .
318 2874 324 2880 .
352 2871 358 2878 .
386 2874 391 2879 .
418 2849 643 2881 destinamus.
694 2851 733 2881 In
752 2849 905 2881 eiusdem
925 2850 1031 2890 igitur
1048 2850 1158 2880 sanc-ti
1178 2848 1312 2879 laudem
1332 2852 1365 2880 et
1381 2848 1540 2891 gloriam,
1565 2858 1652 2889 quae
1670 2849 1837 2886 misimus

281 2898 377 2935 grat«=
415 2896 580 2935 suscipite
613 2895 743 2936 illaque
778 2895 888 2936 ipsius
915 2895 1037 2925 festivo
1063 2894 1247 2935 applicetis
1273 2893 1385 2925 officio
1411 2892 1646 2925 decantanda‘⁸
1674 2897 1737 2926 etc.
1767 2893 1838 2925 AB.
