2031 3289
378 414 444 452 05.

378 710 440 747 10.

375 1303 440 1341 20.

371 1598 393 1634 ΤΟ

401 1600 422 1635 25!

371 1881 433 1918 30.

374 2449 441 2485 40.

369 2733 434 2768 45.

959 181 1264 221 -112—

478 294 685 333 Gravitatis
716 306 760 332 ac
787 295 951 344 pudicae

533 352 632 390 vitae
661 352 930 401 magisterium,

476 414 596 461 Virgo
626 414 780 461 blanda,
811 412 1028 451 veneranda

536 475 573 508 et
603 471 764 508 amanda
794 469 1010 516 plurimum,

475 534 598 576 Cuius,
610 538 761 581 praeter
769 532 867 579 quod
878 535 935 568 est
944 535 1075 580 mater,

530 590 625 626 nihil
657 594 710 626 est
744 588 957 625 femineum.

478 653 724 689 Fortunatum
757 654 791 687 et
824 650 984 699 felicem,

529 709 642 745 immo
672 707 930 745 beatissimum

476 770 590 807 Cuius
624 770 728 817 preci
758 773 799 806 tu
831 773 1028 806 convertes

532 827 753 863 clementem
784 825 981 862 intuitum!

474 889 596 926 Huius
628 900 695 935 ego
726 888 868 925 nullum
901 896 981 922 esse

528 956 716 992 nunquam
728 945 878 981 credam
888 944 1074 992 meritum,

435 1037 443 1045 .
473 1009 585 1046 Hunc
607 1011 812 1055 temptator
833 1006 957 1044 nullus
974 1005 1076 1041 ultra

525 1064 651 1102 trahet
680 1065 717 1101 in
748 1063 953 1100 interitum.

469 1127 525 1163 Tu
557 1139 596 1164 es
627 1126 747 1164 nostri
778 1123 1001 1170 Salomonis,

527 1184 605 1221 veri
637 1183 747 1232 regis,
781 1181 975 1230 ferculum,

467 1245 729 1283 Absolutionis
757 1245 886 1282 mundi

529 1303 702 1339 volumen
735 1302 938 1349 egregium,

471 1364 599 1412 Digito
630 1364 785 1411 spiritus
816 1363 937 1402 saneti

527 1422 777 1468 conscriptum
792 1418 1095 1466 chirographum,

469 1485 740 1532 Argumentum
775 1488 809 1519 et
840 1492 995 1519 censura

525 1541 734 1578 sobriorum
766 1550 910 1584 usuum⁷

429 1626 438 1634 .
471 1597 595 1644 Stirps
626 1597 764 1644 regalis
796 1595 1035 1641 foederisque

529 1654 600 1691 Dei
631 1653 928 1699 tabernaculum,

470 1711 511 1747 ln
543 1722 615 1757 qua
646 1711 740 1758 legis
771 1710 917 1747 latioris

526 1767 635 1804 nobis
667 1767 769 1803 misit
799 1766 982 1813 angelum.

471 1824 726 1871 Vegetationis
759 1830 910 1861 nostrae

528 1881 674 1928 vegetal
704 1881 916 1928 ingenuum,

469 1938 687 1975 Gratiarum
720 1937 907 1974 actionum

525 1994 651 2031 thema
682 1994 998 2035 venustissimum,

470 2052 511 2088 ln
543 2057 727 2088 concentu
758 2050 851 2087 caeli
882 2049 1046 2086 reddens

525 2108 780 2145 modulantem
811 2106 987 2143 sonitum.

427 2193 435 2201 .
470 2164 558 2210 Fae,
589 2165 688 2211 quod
715 2164 823 2211 facis,
856 2163 1067 2210 benedicta,

523 2232 626 2258 sume
658 2232 768 2258 manu
800 2229 1031 2266 tympanum,

471 2278 675 2324 Virginalis
708 2278 924 2314 harmoniae

524 2334 786 2381 concrepando
818 2333 987 2379 iubilum,

466 2392 581 2437 lunge
613 2392 754 2440 modos,
788 2400 909 2437 pange
939 2390 1067 2435 melos,

533 2448 594 2484 dic
626 2458 774 2484 carmen
797 2447 1066 2494 hymnidicum,

470 2504 577 2541 Dona
608 2509 694 2542 vota
727 2504 901 2547 creatori,

527 2562 681 2608 dragma
710 2560 985 2608 decentissima,

469 2619 602 2655 Prome
634 2628 761 2663 voces,
795 2616 912 2653 redde
943 2621 1067 2663 grates

519 2681 553 2710 et
586 2675 760 2712 collauda
790 2674 1002 2721 Dominum,

469 2731 657 2768 iucundae
689 2730 886 2778 legationis

523 2787 721 2834 proferens
753 2786 952 2833 eloquium,

466 2845 558 2889 Quia
589 2849 719 2891 gentes
749 2848 971 2881 atterentem

521 2911 588 2946 per
620 2906 656 2936 to
688 2900 797 2947 fregit
830 2901 1018 2937 malleum.

1163 653 1227 690 55.

1164 946 1229 983 60.

1157 1247 1223 1285 65.

1159 1541 1221 1579 70.

1154 2109 1218 2146 80.

1153 2393 1217 2430 85.

1153 2675 1217 2713 90.

1259 297 1377 343 Quam
1408 298 1532 336 suavis
1562 297 1778 346 innotescis,

1314 355 1455 401 optima
1482 355 1690 403 mulierum,

1257 417 1359 462 Quae
1388 417 1539 454 virtutis
1570 421 1656 455 tuae
1685 416 1810 463 reples

1315 471 1416 512 fama
1445 483 1553 510 omne
1583 473 1772 511 saeculum

1258 535 1373 581 Apud
1403 535 1521 573 Deum
1554 535 1743 582 singulare

1314 589 1440 628 ferens
1469 590 1742 639 patrocinium!

1261 653 1360 689 Pons
1382 653 1551 690 sublimis
1573 653 1759 700 praebens
1779 651 1888 689 nobis

1313 709 1362 746 ad
1390 714 1543 748 aeterna
1572 710 1785 755 transitum,

1262 771 1514 808 Procellosum
1545 771 1660 808 maris
1692 771 1801 807 huius

1314 829 1525 865 serenando
1555 826 1758 865 fremitum.

1259 888 1406 936 Tropus
1439 890 1715 938 delectationis,

1320 945 1379 983 far
1409 947 1736 993 pretiosissimum,

1259 1007 1316 1044 De
1346 1020 1418 1055 quo
1450 1007 1572 1046 factus
1603 1008 1712 1055 panis
1745 1008 1850 1044 vivus

1315 1064 1509 1103 confirmat
1541 1076 1605 1102 cor
1634 1065 1836 1107 hominum,

1257 1125 1419 1164 Officina
1450 1127 1638 1175 salutaris,

1313 1184 1427 1220 decus
1457 1184 1585 1220 mundi
1618 1182 1822 1231 publicum,

1255 1246 1506 1283 Institutionis
1537 1251 1689 1282 sanctae

1310 1307 1468 1339 stemma
1497 1301 1783 1348 nobilissimum,

1257 1365 1549 1402 Instrumentum
1582 1365 1747 1411 pietatis,

1313 1422 1408 1458 caeli
1438 1421 1667 1467 capitolium,

1254 1486 1377 1521 Arcus
1407 1483 1549 1520 liabens
1581 1483 1826 1530 triumphales

1312 1540 1414 1577 circa
1441 1540 1498 1576 sui
1529 1539 1721 1587 ambitum,

1254 1598 1336 1635 Hoc
1367 1601 1421 1633 est
1452 1600 1534 1633 tuos
1566 1601 1752 1633 amatores

1308 1653 1461 1691 firmans
1493 1663 1559 1699 spe
1590 1653 1823 1700 perennium,

1252 1710 1382 1747 Donec
1413 1721 1474 1747 eos
1505 1710 1723 1746 introducas

1308 1767 1346 1803 in
1379 1767 1476 1813 regis
1509 1766 1734 1805 cubiculum.

1253 1823 1336 1860 Non
1368 1828 1529 1869 austera,
1562 1823 1628 1859 sed
1660 1833 1802 1873 severa,

1309 1880 1419 1917 iubar
1450 1880 1540 1917 solis
1572 1879 1738 1918 rutilum.

1253 1937 1309 1974 De
1339 1947 1412 1984 qua
1441 1947 1550 1973 verus
1578 1937 1633 1973 sol
1665 1940 1815 1973 exortus

1308 1999 1454 2030 noctem
1485 1991 1589 2040 fugat
1622 1993 1830 2038 criminum,

1252 2050 1549 2097 Cinnamomum,
1582 2049 1685 2086 cuius
1716 2054 1838 2086 tactus

1309 2111 1415 2144 curat
1444 2107 1587 2153 lepram
1621 2106 1803 2152 cordium,

1252 2164 1453 2201 Cataracta
1483 2163 1709 2201 firmamenti

1308 2226 1442 2267 patens
1472 2220 1511 2256 in
1541 2219 1785 2266 praesidium,

1251 2279 1375 2315 Favus
1407 2276 1530 2313 mellis
1561 2281 1672 2322 atque
1701 2277 1780 2322 regi

1308 2334 1494 2371 caelorum
1527 2332 1765 2370 vestibulum.

1251 2392 1293 2427 In
1326 2402 1409 2437 quo,
1441 2389 1622 2436 quidquid
1656 2390 1862 2436 potiuntur

1308 2457 1397 2484 vera
1427 2457 1520 2493 pace
1551 2446 1700 2491 civium,

1251 2504 1357 2542 Istud
1389 2504 1459 2539 sibi
1493 2503 1619 2540 datum
1651 2502 1815 2549 gaudent

1307 2571 1374 2607 per
1404 2565 1440 2596 te
1472 2559 1706 2598 beneficium.

1249 2617 1334 2654 Tibi
1365 2616 1516 2663 filioque
1546 2621 1610 2653 tuo

1306 2674 1358 2710 nil
1391 2678 1447 2710 est
1477 2673 1754 2722 intermedium,

1250 2730 1325 2767 Sed
1358 2741 1439 2767 eum
1473 2741 1515 2767 eo
1543 2730 1718 2777 generale

1306 2787 1474 2833 disponis
1505 2787 1713 2836 imperium,

1252 2844 1423 2890 Eleganti
1453 2854 1628 2890 promens
1658 2854 1722 2880 oro

1305 2911 1512 2936 sermonem
1545 2900 1765 2945 censorium,
