2031 3289
930 184 1238 224 —344—

1137 298 1203 336 15.
1233 298 1286 335 Et
1317 297 1535 334 instantiam
1567 295 1666 333 facio

1291 353 1377 390 Tibi
1409 364 1492 389 cum
1519 353 1745 402 reverentia,

1234 409 1273 447 Si
1304 415 1344 446 tu
1375 420 1444 456 pro
1475 419 1557 445 meo
1588 409 1680 445 vitio

1291 466 1396 514 Exis‚
1431 465 1494 512 qui
1525 475 1607 502 mea
1638 465 1732 502 vitia

1234 522 1442 568 Expellere
1473 522 1520 558 de
1550 522 1648 559 atrio

1290 577 1416 615 Debes
1446 582 1511 614 tua
1540 577 1735 624 potentia‚·

1235 635 1395 671 Laesum
1427 645 1450 671 a
1479 638 1518 670 te
1547 644 1607 670 me
1638 633 1773 680 sentio,

1289 692 1334 728 In
1366 691 1471 727 cuius
1501 701 1583 726 sum
1611 690 1794 728 custodia.

329 298 392 337 12.
424 298 608 334 Proterva
638 298 862 334 sensualitas

478 354 612 392 Comes
644 354 733 389 mihi
765 358 801 389 et
831 354 944 400 socia,

423 409 538 447 Cuius
571 411 618 447 ad
652 410 787 446 malum
818 410 989 456 pronitas

476 466 548 504 Est,
578 466 625 503 ab
656 466 928 513 adulescentia,

419 522 637 570 Explorans
668 532 770 559 meas
801 523 953 559 semitas

479 579 567 615 Plus
599 582 654 615 est
684 579 776 614 mihi
808 579 1013 626 contraria,

420 636 537 681 Quam
567 645 809 681 quaecunque
839 636 1051 673 adversitas

477 691 667 728 incolatus
699 691 771 727 mei
805 691 875 729 via.

324 794 389 832 13.
420 791 460 829 Si
490 792 606 838 igitur
635 796 671 828 te
703 793 864 839 compuli
1137 794 1201 831 16.
1234 792 1319 829 Non
1352 792 1531 836 custodis,
1564 791 1595 827 si
1629 790 1772 828 deseris

474 849 593 885 Exire
626 859 747 885 meum
778 848 927 897 ostium,
1290 848 1341 885 Et
1371 853 1505 894 potens
1536 848 1588 884 sis
1621 847 1836 893 custodire3

417 905 545 952 Agens
572 905 610 941 in
642 905 723 942 loeo
754 906 891 952 anguli,
1234 905 1309 943 Sed
1340 904 1574 951 respondere
1603 903 1759 953 poteris,

475 962 580 1006 Quod
613 966 695 998 erat
725 962 817 998 mihi
849 962 1014 1011 noxium,
1292 961 1402 1007 Quod
1442 972 1516 998 non
1547 959 1639 997 fecit
1669 965 1708 997 te
1738 960 1868 998 venire

419 1017 490 1054 Tui
524 1018 703 1054 viderunt
733 1018 844 1067 oculi,
1233 1017 1336 1054 Deus
1368 1017 1416 1053 ad
1447 1017 1587 1054 luctam
1619 1017 1789 1065 sceleris,

476 1074 545 1119 Qui
576 1074 703 1112 stabas
734 1075 783 1112 ad
815 1074 1026 1123 posticium,
1290 1074 1364 1111 Sed
1404 1074 1609 1110 luctantem
1648 1073 1864 1124 garandire,

416 1131 524 1178 Quod
557 1135 776 1177 contemptu
806 1142 879 1167 non
912 1131 1040 1177 expuli
1231 1130 1292 1168 Ab
1324 1131 1431 1167 hoste
1462 1140 1509 1166 ne
1541 1140 1623 1167 oum
1654 1129 1805 1166 miseris

473 1187 540 1231 Te,
564 1198 685 1224 meum
709 1188 902 1225 custodem
930 1188 1046 1234 pium.
1288 1187 1352 1223 Me
1383 1185 1500 1223 faciat
1530 1186 1699 1223 interire.

323 1288 386 1327 14.
419 1288 501 1326 Nec
528 1288 614 1325 ideo
645 1294 845 1327 excusatus
1135 1289 1198 1327 17.
1231 1288 1316 1325 Non
1349 1286 1598 1335 profugandis
1629 1287 1809 1334 peccatis,

475 1344 562 1381 Sum
596 1346 655 1382 vel
687 1345 806 1382 debeo
831 1344 925 1392 fieri,
1288 1345 1391 1389 Quae
1422 1344 1544 1381 libero
1572 1344 1732 1381 arbitrio

419 1401 599 1448 Quoniam
631 1402 680 1439 ad
710 1412 831 1439 meum
863 1402 962 1438 latus
1231 1400 1346 1437 Fiunt
1379 1405 1415 1437 et
1447 1411 1542 1448 quae
1572 1401 1775 1447 potestatis

475 1458 602 1494 Vicem
634 1463 765 1495 tenens
795 1458 973 1505 armigeri
1289 1458 1451 1496 Possunt
1483 1455 1638 1494 defendi
1669 1456 1837 1505 brachio,

418 1514 576 1561 Semper
606 1525 658 1563 es,
687 1515 760 1551 nisi
791 1520 917 1552 reatus
1233 1514 1448 1560 Advenisti‚
1482 1514 1550 1551 sed
1580 1513 1751 1560 probatis

474 1571 528 1608 Sit
560 1582 642 1608 meo
673 1572 813 1608 mixtus
843 1572 962 1618 operi⁷
1288 1571 1419 1617 Longo
1452 1574 1489 1606 et
1519 1568 1609 1607 forti
1640 1570 1785 1617 proelio

419 1628 493 1665 Per
522 1638 631 1674 quem
662 1628 730 1665 fias
761 1629 956 1675 elongatus
1232 1627 1298 1664 Vis
1329 1627 1464 1664 adesse
1495 1637 1558 1663 eos
1590 1627 1708 1674 gratis

475 1684 614 1721 Volens
642 1689 680 1721 te
712 1684 839 1722 faeere
871 1684 1013 1731 quaeri.
1289 1683 1356 1721 Pio
1388 1682 1518 1720 fovens
1550 1683 1704 1720 auxilio.

727 1787 793 1826 18.
825 1786 863 1824 Si
895 1797 983 1834 ergo
1019 1789 1150 1824 eontra
1180 1785 1324 1822 scelera

881 1844 955 1881 Pro
972 1853 1031 1879 me
1047 1853 1122 1880 non
1139 1841 1233 1879 facis
1251 1842 1456 1887 luctamen,

823 1900 1029 1946 Nunquam
1058 1904 1184 1936 tamen
1215 1899 1262 1935 de
1289 1909 1437 1935 camera

880 1957 1019 2002 Exeas,
1051 1956 1120 1993 sed
1151 1955 1374 1993 roboramen

824 2013 920 2050 Mihi
952 2017 1123 2060 praestes
1155 2016 1192 2049 et
1219 2022 1396 2058 propera,

880 2070 932 2108 Ut
962 2075 1066 2106 tuum
1087 2072 1257 2106 sanctum
1278 2068 1452 2105 iuvamen

825 2127 1009 2173 Impetret
1038 2125 1130 2162 mihi
1159 2135 1297 2172 supera

880 2183 931 2220 Et
947 2183 1063 2220 vitam
1079 2186 1284 2220 aeternam.
1317 2182 1451 2221 Amen.

352 2329 363 2360 1
396 2284 537 2316 Colleet.
564 2295 625 2315 ms.
653 2284 932 2316 Claraevallense
957 2293 1047 2315 saec.
1074 2281 1126 2314 15.
1174 2282 1257 2315 Cod.
1283 2282 1426 2313 Trecen.
1455 2278 1551 2313 1612.
1578 2298 1619 2302 —
1646 2279 1676 2319 2,
1706 2279 1722 2312 1
1748 2282 1864 2313 Meam

306 2340 349 2361 cu
367 2339 455 2371 pam.

301 2506 384 2543 355.
421 2508 499 2549 (10.)
545 2508 601 2542 Ad
627 2508 787 2542 beatum
812 2507 1008 2542 Andream
1033 2507 1262 2551 apostolum
1286 2516 1359 2551 per
1382 2506 1547 2541 litteras
1573 2505 1635 2541 sui
1659 2504 1850 2541 nominis.

351 2614 386 2652 1.
418 2609 481 2652 Ad
512 2613 673 2659 aliquem
703 2623 763 2649 me
794 2622 949 2659 vergere

418 2669 640 2707 Sanctorum
671 2674 710 2706 et
740 2672 959 2706 convertere

477 2727 662 2763 Hortatur
692 2736 801 2762 sacra
831 2725 956 2774 lectio,

420 2782 505 2819 Non
536 2783 636 2829 quod
667 2793 794 2819 omnes
827 2782 984 2829 diligere

420 2838 505 2875 Non
539 2838 693 2875 debeam
727 2843 763 2875 et
791 2838 915 2875 colere

475 2896 571 2932 Toto
604 2895 729 2932 cordis
760 2895 951 2941 obsequio,

1232 2612 1305 2649 Sed
1338 2612 1425 2658 quia
1455 2622 1528 2648 non
1558 2609 1704 2647 sufficio

1231 2668 1364 2714 Neque
1395 2679 1545 2715 possum
1579 2677 1697 2714 neque
1728 2666 1806 2703 scio

1289 2724 1469 2762 Omnibus
1500 2722 1735 2771 satisfacere,

1231 2781 1506 2827 Exponendum
1539 2780 1608 2817 boc
1639 2779 1759 2816 sentio

1232 2837 1398 2874 Excluso
1424 2836 1658 2884 praeiudicio

1291 2894 1433 2932 Horum
1464 2904 1577 2930 unum
1609 2893 1760 2940 eligere.
