2031 3289
888 195 1197 236 —398-—

655 310 727 341 CF:
753 311 802 341 Te
828 309 1021 350 opitulante

753 355 799 385 Et
824 355 900 395 ipso
925 354 1076 385 donante

755 400 905 430 Domino
930 402 1048 430 nostro
1073 399 1153 430 Iesu
1179 397 1327 435 Cin-isto,

754 445 829 476 Tuo
856 443 984 475 dilecto
1009 443 1093 482 filio,

262 549 299 578 in
323 547 383 579 der
408 549 552 579 zweiten
570 546 664 578 Zeile
683 544 834 587 Ipsoque
859 548 1060 586 praestante
1076 545 1112 581 C,
1138 544 1201 575 das
1227 544 1319 575 daun
1344 543 1432 574 noch
1458 542 1637 574 fortfiihrt:
1662 545 1721 586 qui
1741 554 1818 576 cum

263 595 360 634 patre
385 597 418 624 et
443 593 568 634 spiritu
595 596 713 623 saneto
739 591 832 622 vivit
856 594 890 621 et
919 593 1041 631 regnat
1065 590 1160 621 Deus
1185 600 1246 630 per
1271 599 1354 620 usw.

301 639 350 669 D:
375 638 422 668 Et
447 648 506 678 per
532 647 628 668 suam
654 637 893 668 ascensionem
1116 635 1162 667 G:
1192 635 1239 665 Et
1263 635 1372 676 ipsius
1397 634 1552 665 ascensio

375 684 432 714 Me
457 682 560 713 ducat
584 682 627 713 ad
652 683 831 712 visionem.
1191 680 1245 711 Sit
1273 679 1359 710 mihi
1384 679 1592 710 consolacio.

592 882 673 917 307.
709 882 790 923 (10.)
829 881 886 916 De
916 881 1059 916 sancta
1082 880 1213 915 Maria
1238 879 1497 923 Magdalena.

915 956 969 987 Ad
993 957 1177 998 Vesperas.

281 1061 316 1098 1.
352 1060 549 1097 Peccatrix
580 1060 769 1106 quondam
801 1058 953 1108 femina,
1097 1060 1132 1097 5.
1163 1058 1261 1105 Quid
1294 1059 1419 1101 vellet,
1453 1067 1542 1094 voce
1573 1057 1704 1102 tacuit,

351 1117 548 1154 Ecclesiae
578 1116 789 1163 notissima,
1166 1115 1241 1152 Sed
1270 1115 1438 1152 lacrimis
1469 1114 1654 1160 exposuit,

350 1173 478 1210 Exuta
505 1173 632 1209 carnis
663 1183 776 1209 onere
1165 1172 1216 1208 Et
1247 1171 1385 1208 osculis
1417 1175 1454 1207 et
1485 1170 1651 1206 crinibus

352 1229 484 1267 Caelos
515 1229 687 1265 ascendit
717 1229 842 1267 hodie.
1165 1228 1298 1266 Oravit
1328 1238 1398 1274 pro
1429 1226 1662 1264 criminibus.

283 1345 320 1382 2.
351 1343 474 1380 Huius
505 1343 568 1389 qui
599 1343 724 1379 colunt
757 1343 910 1390 exitum,
1097 1343 1134 1380 6.
1167 1341 1434 1391 Interpellavit
1463 1339 1638 1386 unguine,

353 1400 590 1437 Recenseant
622 1399 817 1436 introitum
1168 1398 1262 1435 Cum
1294 1408 1368 1434 non
1400 1401 1457 1434 est
1486 1407 1576 1434 ausa
1607 1394 1759 1442 famine,

351 1456 414 1493 Ad
445 1456 594 1492 laudem
626 1456 759 1492 summi
790 1455 955 1501 Domini,
1166 1454 1274 1491 Dans
1306 1454 1507 1500 pharisaeo
1538 1452 1773 1499 scandalum,

352 1512 423 1558 Qui
454 1517 599 1549 tantum
629 1516 800 1559 praestat
832 1511 987 1549 homini.
1162 1510 1238 1548 Sed
1270 1510 1352 1547 Deo
1383 1508 1623 1548 sacrificium.

282 1627 320 1663 3.
353 1624 518 1663 sedebat
549 1624 650 1671 apud
682 1624 870 1661 Simonem
1099 1625 1132 1661 7.
1166 1623 1222 1662 Ob
1254 1623 1325 1660 hoc
1357 1623 1511 1659 recessit
1543 1622 1706 1659 omnium

352 1681 455 1719 Deus
486 1681 640 1718 indutus
672 1681 873 1725 hominem,
1163 1680 1293 1717 Soluta
1325 1690 1423 1716 nexu
1453 1679 1648 1715 criminum

351 1737 526 1775 Accessit
555 1747 726 1774 maerens
757 1737 938 1784 languida
1168 1736 1318 1774 Christo
1351 1734 1495 1772 ferente
1525 1735 1684 1783 veniam,

353 1794 415 1832 Ad
447 1793 585 1831 medici
615 1794 786 1840 vestigia.
1166 1793 1236 1839 Qui
1268 1792 1425 1839 protulit
1457 1791 1697 1829 sententiam.

282 1909 322 1946 4.
353 1906 413 1944 Ex
444 1917 579 1952 magno
611 1906 801 1944 desiderio
1099 1906 1135 1944 8.
1169 1905 1223 1943 Sit
1256 1905 1356 1952 patri
1388 1905 1468 1941 laus
1499 1904 1664 1951 ingenito

354 1963 545 2000 Processit
576 1963 670 2000 haec
700 1962 970 2009 praesumptio,
1166 1962 1218 1999 Et
1249 1963 1328 1998 eius
1361 1961 1553 2010 unigenito

352 2020 407 2058 Ut
435 2023 658 2057 attrectaret
690 2020 883 2066 meretrix,
1169 2019 1261 2056 Cum
1295 2018 1432 2064 spiritu
1463 2017 1647 2064 paraclito

353 2076 467 2121 Quem
500 2076 586 2113 tulit
617 2076 722 2123 virgo
753 2076 940 2122 genetrix.
1169 2075 1250 2111 Nec
1281 2079 1369 2111 nato
1400 2084 1469 2111 ncc
1499 2073 1676 2120 ingenito.

359 2195 457 2225 Brev.
484 2204 545 2225 ms,
572 2193 774 2225 Redonensc
801 2204 879 2225 saec
920 2192 971 2225 15.
1013 2192 1096 2224 Cod.
1122 2193 1282 2224 Vatican.
1307 2192 1472 2224 Ottobon.
1497 2188 1573 2223 543.
1599 2191 1638 2222 A.
1665 2208 1705 2212 —
1726 2191 1824 2222 Brev.

267 2250 330 2271 ms.
356 2240 390 2271 S.
417 2239 536 2270 Albini
562 2239 783 2280 Andegaven.
811 2250 901 2271 saec.
930 2237 980 2270 15.
1030 2238 1111 2270 Cod.
1139 2238 1360 2279 Andegaven.
1391 2235 1462 2269 108.
1488 2237 1526 2267 B.
1560 2253 1604 2257 —-
1638 2238 1738 2268 Brev.
1762 2245 1825 2267 ms.

269 2285 330 2317 SS.
356 2284 501 2316 Cosinae
527 2288 561 2315 et
585 2285 748 2315 Damiani
776 2295 883 2326 prope
910 2285 1066 2316 Turones
1092 2294 1181 2315 saec.
1211 2282 1261 2314 15.
1310 2283 1392 2315 Cod.
1419 2283 1592 2314 Turonen.
1620 2279 1693 2316 152,
1721 2281 1755 2312 C.
1782 2297 1841 2318 -,

270 2332 396 2371 Hymn.
424 2340 484 2360 ins.
510 2329 761 2371 Andegavense
787 2340 874 2361 saec.
905 2327 954 2361 14.
1009 2329 1092 2361 cod.
1118 2328 1339 2369 Andegaveu.
1368 2326 1440 2360 105.
1469 2329 1509 2359 D.
1537 2344 1581 2348 --
1611 2327 1738 2367 Hymn.
1764 2335 1825 2357 ms.

269 2375 519 2415 Andegavense
553 2385 641 2406 saec.
679 2373 728 2407 14.
787 2375 870 2407 Cod.
905 2375 1128 2416 Andegaven.
1164 2372 1237 2406 106.
1271 2374 1312 2405 Ε.
1337 2390 1382 2394 -
1407 2373 1622 2404 Breviarium
1648 2371 1826 2404 Lochense

269 2422 350 2462 imp.
375 2420 574 2451 Turonibus
603 2418 688 2451 15:36
713 2421 750 2451 F.
776 2438 819 2441 ——
844 2421 1065 2452 Breviarium
1092 2420 1126 2451 S.
1152 2419 1272 2451 Albini
1290 2418 1511 2460 Andegaven.
1541 2419 1621 2459 imp.
1647 2417 1825 2458 Andegavi

272 2464 367 2498 1531.
394 2465 433 2496 G.
452 2482 495 2486 ——
516 2466 613 2496 Brev.
640 2466 674 2496 S.
697 2465 842 2497 Melanii
862 2466 1038 2497 Redonen.
1064 2466 1146 2506 imp.
1172 2464 1325 2496 Redonis
1355 2462 1452 2495 1526.
1478 2465 1522 2495 li.
1539 2480 1583 2484 -
1603 2461 1826 2503 licaugendre

270 2511 292 2542 l.
319 2522 348 2542 c.
373 2510 437 2541 col.
467 2508 562 2541 1557.
589 2511 615 2541 Ι.

363 2554 399 2594 1,
433 2553 447 2586 1
479 2555 660 2587 Peccatrix
685 2555 853 2596 quaedam
880 2556 967 2588 CGI.
992 2573 1036 2577 -—
1063 2553 1099 2593 1,
1124 2552 1144 2585 2
1169 2554 1361 2585 novissima
1386 2554 1430 2584 ΙΙ.
1459 2571 1501 2574 ——
1526 2551 1562 2592 2,
1593 2552 1606 2584 1
1634 2552 1740 2584 Cuius
1765 2552 1825 2592 qui

271 2601 329 2633 CI.
354 2617 399 2622 —·
424 2599 455 2639 7,
480 2598 500 2631 3
527 2601 606 2642 Ipso
632 2602 761 2633 t'crente
786 2602 813 2632 I.
839 2618 881 2622 --
907 2601 984 2642 Vgl.
1011 2600 1111 2631 Anal.
1138 2601 1215 2635 XII,
1250 2597 1320 2633 167,

361 2645 446 2677 Dass
481 2646 626 2677 Marbod
660 2646 819 2677 wirklich
852 2646 912 2677 der
938 2646 1116 2677 Vcrsasser
1146 2645 1259 2677 dieses
1295 2644 1362 2675 und
1396 2644 1456 2675 (lor
1490 2642 1671 2684 folgenden
1703 2640 1825 2674 beiden

271 2692 431 2733 Hymnen
462 2692 531 2731 sci,
566 2691 693 2723 welche
729 2691 785 2723 die
816 2691 922 2723 editio
948 2692 1107 2732 princeps
1142 2689 1211 2721 ihm
1245 2689 1460 2726 zusclireibt,
1494 2688 1598 2720 findet
1629 2689 1705 2719 eine
1731 2685 1825 2718 nicht

270 2736 514 2768 uncrhebliche
547 2736 665 2768 Stiitze
703 2738 738 2768 in
774 2737 850 2767 dem
888 2736 1098 2774 Umstande,
1134 2735 1209 2766 dass
1247 2735 1301 2766 die
1333 2736 1494 2775 Hymnen
1527 2732 1653 2774 gerade
1684 2733 1718 2763 in
1748 2731 1823 2763 dem

271 2782 411 2813 Klostcr
437 2783 471 2812 in
497 2778 680 2813 Gebrauch
707 2792 841 2814 waren.
868 2783 903 2812 in
928 2781 1005 2813 (lem
1030 2781 1175 2812 Marbod
1202 2781 1297 2812 scine
1322 2780 1416 2821 Tage
1442 2778 1623 2812 beschloss,
1651 2778 1686 2808 in
1711 2777 1823 2808 Saint-

273 2826 386 2858 Aubin
413 2837 453 2858 zu
474 2827 618 2867 AngerS,
646 2827 713 2858 und
740 2827 827 2858 auch
854 2829 888 2857 in
916 2827 977 2858 das
997 2827 1138 2858 Brevier
1162 2826 1222 2857 (lor
1240 2825 1365 2856 Kireho
1392 2835 1433 2856 zu
1451 2825 1586 2856 Hennes
1604 2822 1823 2863 iibergingen.

272 2872 342 2903 Der
371 2872 559 2905 Umstand.
593 2872 668 2903 dass
700 2872 759 2903 der
791 2873 888 2903 lx’eiin
920 2871 1016 2903 nicht
1048 2871 1258 2910 zweisilbig,
1292 2871 1386 2901 kann
1418 2880 1526 2909 ι’,ιϊμνοη
1552 2867 1695 2900 Mai-bod
1730 2865 1824 2897 nicht

272 2927 411 2957 zeugen,
438 2916 569 2958 spru-ht
594 2916 761 2949 viclmchr
786 2917 840 2948 fiir
865 2917 935 2948 ihu.
986 2917 1062 2959 Vgl.
1088 2917 1148 2948 das
1176 2927 1216 2947 zu
1244 2917 1302 2947 ΧΓ.
1326 2914 1372 2954 (l)
1400 2914 1590 2946 lieinerkte.
