1914 3223
742 135 1018 174 —135—

193 249 258 281 Str.
279 245 366 280 l—3
390 246 504 278 feblen
523 247 561 277 Β.
584 263 620 266 -
642 245 672 283 2,
700 244 720 277 5
739 246 1008 287 Plircncsimque
1027 248 1130 279 robur
1148 249 1272 288 put-ant
1289 247 1324 278 C.
1345 263 1386 268 —
1404 244 1436 283 4,
1456 244 1477 276 2
1494 247 1669 277 minarum

104 304 144 327 ac
163 293 329 326 terribilis
349 294 387 324 C.
408 308 448 313 —
465 289 496 329 4,
517 290 538 322 6
565 291 685 333 pulsae
702 291 841 323 cardine
860 292 899 323 A.
919 309 961 314 —
980 291 1012 329 5,
1030 292 1050 324 5
1067 294 1163 333 Ignei
1181 293 1321 323 venient
1340 293 1376 323 B.
1396 308 1439 312 —
1457 289 1486 325 5.
1505 292 1525 322 6
1542 290 1670 322 cadent

103 341 141 373 B.
166 358 209 363 -
235 338 266 375 6,
294 336 308 369 1
330 338 426 369 fuore
454 338 491 368 C.
518 353 560 357 —
585 334 616 371 6,
642 335 663 367 4
688 342 965 378 conquassantur
982 340 1020 369 C.
1038 355 1081 360 —
1098 336 1129 375 7,
1159 336 1172 368 1
1201 339 1288 377 Sunt
1312 338 1371 379 qui
1398 347 1474 368 euni
1495 338 1535 374 (ἐς
1563 346 1667 377 nega-

104 388 227 417 verunt
251 385 289 415 B.
314 400 357 404 —
386 381 416 419 7,
443 380 464 412 2
489 385 629 413 cernent
656 392 774 413 omncs
801 383 908 424 impia
934 384 970 414 C.
996 400 1035 404 —
1056 382 1086 421 δ,
1113 381 1133 413 3
1158 383 1296 414 videtur
1318 385 1357 413 A.
1376 398 1418 403 --
1437 380 1467 420 9,
1494 382 1513 412 2
1541 381 1667 422 probra

104 431 163 473 qui
179 430 227 469 A,
253 428 345 460 mala
373 437 462 469 quae
481 429 520 458 C.
537 443 582 448 —-
604 424 654 463 10,
681 424 701 457 6
726 428 908 459 imminent
925 430 962 459 B.
981 446 1024 450 —
1045 427 1094 464 11,
1120 426 1139 458 3
1166 427 1350 459 Denudata
1375 427 1438 458 sub
1465 430 1666 457 cunctorum

104 476 140 508 C.
157 492 201 497 —
222 471 271 511 11,
297 471 318 504 5
337 473 467 504 Parent
485 473 522 503 C.
541 488 585 493 --
604 471 803 512 „Secundus
830 472 978 513 hymnus
1005 475 1076 505 eiu
1089 473 1205 504 sdem
1223 473 1265 505 de
1285 476 1436 504 extremo
1456 470 1604 503 iu<licio“
1628 472 1669 509 A,

105 521 229 563 „Ymus
259 519 300 550 de
337 522 491 549 extremo
525 515 686 548 iudicio.“
715 519 752 549 C.
778 534 819 539 ——
847 519 885 549 In
916 520 939 549 13
973 520 1059 550 solat
1083 520 1226 550 aut‘b'tr.
1255 516 1291 549 11
1317 518 1406 550 ohne
1431 517 1561 549 Absatz
1587 516 1670 548 oder

102 563 292 598 Aut'schrift
317 562 547 595 unmittelbar
573 560 602 594 O
628 571 734 602 quam
762 560 866 596 dura.
893 572 1001 603 qnam
1022 546 1214 596 Tiorn'mla.

582 706 635 741 05.
674 707 757 749 (50.)
793 706 843 742 De
870 705 999 742 Poenis
1024 705 1178 742 Inferni.

150 804 185 842 1.
218 802 248 840 Ο
269 813 381 849 quam
404 802 500 847 dira,
520 813 639 848 -quam
661 800 853 838 horrenda
967 804 1004 841 5.
1037 801 1124 839 Illic
1156 801 1276 849 dolor,
1309 802 1510 849 cruciatus,

273 869 367 896 voce
398 859 513 895 iudex
545 859 705 903 intonat,
1091 856 1213 904 fletus,
1243 859 1386 895 stridor
1418 858 1598 905 dentium,

220 915 311 953 Cum
342 915 488 962 paratis
519 915 636 961 mergi
667 913 828 952 flammis
1036 914 1180 951 Assunt
1212 913 1386 952 fremitus
1416 915 1578 965 leonum,

273 972 497 1009 maledictos
525 972 699 1019 imperat,
1092 971 1192 1008 sibili
1224 972 1470 1018 serpentium,

216 1029 306 1066 Mox
341 1029 553 1076 deglutiens
586 1029 757 1065 viventes

275 1085 402 1132 Stygis
433 1086 509 1123 olla
541 1086 710 1124 devorat.

151 1189 187 1226 2.
220 1187 465 1234 Vaporantur
495 1186 668 1224 infelices

274 1244 376 1281 intus
408 1249 445 1280 et
471 1244 718 1292 extrinsecus,

222 1300 462 1348 Crepitantes
493 1300 655 1337 strident
679 1300 854 1339 flammae

277 1357 380 1393 velut
412 1357 552 1395 ardens
583 1357 767 1404 clibanus,

219 1413 305 1457 Ore,
338 1413 493 1450 naribus
523 1418 559 1450 et
588 1414 681 1460 ipsis

274 1469 467 1517 profluunt
496 1470 713 1509 luminibus,

153 1575 189 1612 3.
221 1573 452 1610 Immortalis
482 1583 584 1610 mors
615 1572 758 1609 occidit

273 1639 343 1666 nec
374 1629 525 1666 omnino
557 1629 722 1678 perimit,

218 1684 321 1732 Ignis
351 1686 429 1724 urit
458 1696 529 1723 nec
560 1686 747 1724 consumit

275 1753 345 1779 nec
377 1741 567 1780 defectum
595 1743 745 1790 recipit,

217 1799 307 1836 Vita
338 1799 509 1848 moritur,
542 1811 643 1837 mors
673 1800 779 1846 vivit,

272 1855 356 1893 finis
389 1867 537 1903 semper
565 1856 712 1904 incipit.

147 1959 186 1997 4.
217 1957 406 1995 Rediviva
436 1962 582 2005 septem
613 1959 748 2005 plagae

271 2019 457 2051 renovant
487 2015 688 2062 supplicia⁷

214 2070 369 2120 Fumus,
403 2070 538 2118 foetor,
569 2072 690 2119 algor,
721 2073 850 2121 ardor,

273 2126 405 2174 fames,
438 2128 522 2165 sitis
551 2129 674 2175 ignea,

218 2185 373 2222 Vermes
405 2196 594 2232 nunquam
624 2186 826 2236 satiantur,

273 2242 337 2288 qui
369 2242 577 2279 corrodunt
606 2242 765 2281 viscera.

1035 1028 1178 1075 Quibus
1208 1028 1317 1065 mixti
1348 1027 1630 1066 confunduntur

1092 1085 1258 1121 ululatus
1289 1083 1470 1123 flentium.

995 1216 1003 1225 .
1035 1186 1150 1224 Molis
1181 1186 1336 1223 trabeae
1368 1186 1550 1224 dracones

1092 1243 1178 1280 laxa
1209 1243 1381 1290 pandunt
1411 1247 1575 1291 guttura,

1037 1300 1204 1346 Quorum
1234 1300 1334 1336 oculi
1364 1301 1522 1346 sagittas

1092 1357 1307 1394 iaculantur
1337 1356 1478 1403 igneas,

1037 1413 1192 1452 Caudae
1223 1413 1349 1450 chelas
1380 1413 1632 1459 scorpionum,

1093 1470 1248 1517 plantae
1279 1469 1445 1516 produnt
1476 1469 1639 1517 viperas,

996 1604 1004 1613 .
1037 1572 1215 1610 Tendunt
1236 1571 1387 1619 quidem
1410 1571 1458 1608 ad
1481 1582 1555 1608 non
1573 1581 1668 1619 esse,

1093 1629 1161 1666 sed
1191 1639 1265 1666 non
1297 1639 1378 1665 esse
1410 1628 1599 1671 desinunt,

1036 1686 1180 1723 Vivunt
1209 1686 1336 1732 morti,
1367 1685 1499 1721 volunt
1529 1684 1639 1730 mori,

1091 1742 1159 1779 sed
1190 1742 1340 1780 omnino
1370 1746 1573 1788 nequeunt,

1035 1799 1106 1846 Qui
1135 1799 1234 1837 male
1265 1799 1407 1846 vixere,
1441 1798 1557 1835 vitam

1093 1867 1162 1903 pro
1191 1860 1378 1893 tormento
1408 1851 1620 1904 perferunt.

996 1989 1004 1996 .
1035 1959 1141 1996 Haec
1171 1968 1264 2004 prae
1294 1957 1424 2004 oculis,
1457 1956 1599 2001 vesani,

1094 2013 1342 2051 formidantes
1374 2014 1515 2060 ponite,

1037 2071 1144 2109 Haec
1174 2071 1303 2108 subtili
1333 2074 1614 2117 pertractantes

1092 2128 1218 2165 studio
1247 2128 1430 2165 revolvite

1034 2185 1085 2222 Et
1126 2195 1328 2232 pravorum
1360 2183 1495 2222 vinclis
1525 2192 1671 2220 morum

1093 2242 1190 2279 colla
1221 2241 1357 2278 mentis
1388 2240 1536 2280 solvite.

498 2346 536 2384 9.
569 2345 666 2383 Nam
698 2348 855 2391 paratus
887 2348 944 2382 est
976 2344 1170 2382 conversis

626 2402 825 2449 indulgere
856 2401 1014 2450 veniam,

567 2459 636 2505 Qui
669 2458 861 2505 perversis
893 2458 1018 2495 adhuc
1049 2459 1149 2495 celat

625 2515 817 2553 vindictae
848 2515 1098 2562 sententiam3

569 2572 692 2613 Salus,
724 2572 847 2609 honor
877 2571 941 2618 pio
972 2572 1054 2619 regi

627 2639 697 2676 per
727 2632 884 2666 aeterna
915 2629 1078 2666 saecula.

195 2728 339 2760 collect.
365 2740 428 2761 ms.
455 2729 739 2762 Claraevallense
765 2739 856 2762 saec.
883 2727 934 2761 15.
984 2729 1067 2761 Cod.
1094 2730 1238 2760 Tveeeu.
1281 2725 1378 2760 1612.
1403 2727 1443 2758 A.
1464 2744 1503 2749 -—-
1523 2725 1669 2758 Collect.

105 2783 165 2803 ms.
197 2773 460 2807 Mediolanense
499 2786 588 2807 saec.
621 2774 671 2806 15.
723 2775 806 2807 Cod.
839 2774 1060 2807 Ambrosian.
1094 2775 1121 2806 F
1153 2772 1193 2805 13
1219 2784 1295 2815 sup.
1330 2775 1367 2805 Β.
1399 2789 1442 2794 -
1476 2772 1572 2803 Orat.
1606 2782 1670 2804 ms.

105 2818 295 2852 Zwollense
328 2830 417 2852 saec.
454 2819 505 2852 15.
554 2820 638 2853 Cod.
665 2821 828 2852 Zwollen.
876 2818 953 2852 434.
980 2820 1017 2852 C.
1042 2837 1084 2842 —
1110 2820 1229 2861 Migne
1254 2819 1276 2850 l.
1302 2829 1330 2850 c.
1356 2815 1433 2850 980.
1458 2817 1497 2849 Ρ.

198 2863 225 2902 1,
247 2863 262 2895 1
284 2875 387 2906 quam
405 2866 492 2897 dura
509 2867 545 2898 C.
561 2864 647 2901 —-‘.).
666 2864 686 2898 3
705 2866 852 2897 flammis
873 2868 910 2898 C.
926 2885 964 2889 -—-
982 2864 1013 2904 3,
1034 2864 1049 2897 1
1070 2864 1288 2897 Immortales
1302 2865 1339 2896 B.
1354 2881 1396 2885 —
1409 2861 1441 2901 4,
1462 2861 1478 2895 1
1497 2862 1670 2894 Vediviva

173 2923 336 2955 [li-eves,
365 2925 613 2959 Hynmographi
635 2925 752 2951 Latini.
791 2924 817 2950 1.

1443 2918 1464 2952 5
