1914 3223
276 258 388 305 Ecce,
422 256 541 304 brevi,
574 267 657 293 cum
688 267 823 302 magna
853 256 1018 302 potentis
1048 256 1238 293 exarserit
1269 256 1338 301 ira,

194 315 245 353 30
278 314 442 351 Ventilet
474 317 515 350 ut
546 317 663 350 totum
696 313 825 349 divino
856 313 1030 349 examine
1061 313 1251 361 mundum,

278 370 458 417 Segreget
489 373 524 405 et
555 369 685 418 paleas
716 369 804 415 igni,
840 368 1028 418 frumenta
1060 370 1201 418 saluti3
1254 404 1257 406 .

277 427 383 464 Tunc
413 436 552 475 omnes,
586 425 720 472 quibus
752 431 809 461 est
839 425 876 461 iu
906 435 949 461 eo
978 436 1064 471 spes
1097 425 1186 472 fida,
1206 425 1334 465 beati.

168 525 252 560 cod.
276 528 424 558 Parisin.
449 523 548 558 2122.
575 536 664 557 saec.
694 523 743 557 10.
771 542 814 546 -
843 524 883 557 15
910 526 990 565 lugo
1018 526 1146 567 korrig.
1174 528 1207 557 in
1234 526 1317 557 luto.
1343 543 1383 547 ⁷-
1401 523 1444 557 22
1462 525 1642 566 adfligant.

76 593 117 597 —
135 572 185 651 223
220 574 403 615 capessito.
428 589 472 593 —
495 569 540 603 28
565 571 669 603 Modo
696 572 776 602 iam.
803 588 842 592 ——
870 568 914 602 30
940 571 1095 602 Ventilet
1121 582 1141 602 u
1167 575 1276 602 totum
1302 571 1431 602 divine.
1458 588 1500 592 —
1528 571 1642 607 llartl,

79 631 110 663 p.
203 629 253 660 sq.

551 716 611 752 51.
646 717 702 757 (4).
739 716 923 751 Psalmus
951 715 1175 751 CXXXVI.

755 786 870 819 Carm.
896 786 957 818 IX.

299 878 471 916 Sedimus
502 879 649 926 ignotos
682 879 787 916 dirae
820 878 1025 924 Babylonis
1060 878 1108 914 ad
1145 887 1273 914 amnes

302 935 465 982 Captivi,
498 935 640 972 Iudaea
669 946 814 983 manus,
848 935 1064 971 miserabile
1096 933 1242 984 flentes,

302 992 395 1030 Cum
427 992 592 1038 patrium
623 992 779 1029 memori
811 992 1047 1029 traheremus
1075 995 1231 1038 pectore
1259 990 1348 1028 Sion

299 1048 349 1086 Et
381 1048 555 1085 meritum
584 1049 683 1086 iusta
714 1049 992 1095 suspiraremus
1023 1048 1070 1084 ab
1103 1049 1160 1085 ira

245 1107 266 1143 5
300 1105 500 1153 Exsilium,
533 1105 645 1142 lentis
677 1117 749 1152 qua
778 1106 922 1142 consita
954 1105 1036 1151 ripa
1067 1105 1211 1142 salietis

302 1161 528 1208 Hospitibus
558 1162 706 1210 populis
738 1163 891 1199 umbras
923 1161 1132 1209 praebebat
1162 1161 1317 1199 amicas.

303 1219 388 1255 Illic
417 1219 602 1267 Assyriae
634 1219 768 1256 mediis
798 1219 836 1256 in
868 1219 1063 1255 moenibus
1095 1218 1198 1255 urbis

304 1274 422 1313 Obliti
455 1275 575 1312 laetas
606 1286 676 1323 per
706 1281 847 1313 maesta
878 1276 1029 1312 silentia
1061 1285 1171 1312 voces

301 1331 359 1369 De
390 1332 548 1369 salicum
578 1333 692 1369 ramis
723 1333 988 1379 suspendimus
1023 1343 1165 1378 organa
1196 1335 1338 1370 nostra.

216 1389 267 1427 10
302 1388 475 1435 Namque
507 1388 623 1426 dabat
653 1389 761 1426 nobis
794 1390 927 1426 durum
960 1389 1086 1436 gravis
1116 1388 1174 1424 ira
1205 1387 1388 1434 dolorem,

302 1446 410 1491 Quod
442 1445 554 1482 solita
584 1446 624 1482 in
654 1451 787 1482 sancto
821 1446 993 1492 depromi
1026 1445 1173 1482 cantica
1203 1445 1346 1490 templo

300 1501 406 1539 Haec
437 1502 486 1539 ad
520 1502 677 1539 delicias
709 1502 782 1539 sibi
813 1514 880 1540 nos
913 1507 1067 1539 cantare
1098 1501 1254 1538 iubebat

303 1559 446 1605 Impius
476 1559 554 1605 ille,
589 1559 699 1596 domo
731 1559 793 1606 qui
824 1570 891 1596 nos
920 1559 1149 1605 abduxerat,
1181 1557 1313 1596 hostis.

303 1615 455 1662 Ergone
488 1616 637 1653 divinas
668 1616 802 1653 laudes
833 1620 870 1652 et
901 1615 1068 1653 carmina
1099 1615 1213 1652 castis

218 1672 267 1710 15
303 1674 407 1719 Apta
439 1672 563 1709 choris
594 1673 695 1709 inter
725 1683 834 1710 sacra
865 1672 1029 1710 barbara
1061 1671 1247 1718 foedaque
1278 1671 1391 1708 busta

302 1729 411 1766 Inter
442 1733 479 1765 et
509 1740 689 1766 accensas
720 1728 881 1767 funestis
911 1729 1062 1776 ignibus
1093 1740 1191 1778 aras,

304 1785 400 1832 Heu,
433 1786 530 1822 male
562 1786 609 1823 de
639 1791 770 1824 nostro
802 1787 914 1824 laetis
943 1796 1114 1823 maerore
1141 1795 1317 1822 canemus

305 1842 435 1889 Deque
466 1843 530 1890 pio
562 1843 638 1880 ritu
668 1843 796 1880 luxum
829 1842 1011 1880 faciemus
1043 1843 1225 1890 iniquum,

304 1899 472 1946 Mystica
502 1900 551 1937 ad
584 1900 759 1936 hostilem
792 1900 1030 1937 modulantes
1063 1899 1210 1936 cantica
1241 1897 1403 1936 ludum?

216 1957 267 1994 20
299 1956 379 2002 Quo
410 1956 538 1993 miseri
569 1967 669 1993 nunc
702 1968 767 1993 ore
798 1968 926 1994 sacros
958 1956 1196 1993 cantabimus
1228 1948 1400 2003 hy'mnos,

303 2013 431 2058 Quove
461 2013 544 2050 loco
575 2013 748 2059 Babylon
780 2014 903 2060 poscit
933 2013 1006 2050 sibi
1039 2013 1188 2050 cantica
1220 2011 1338 2050 Sion?

306 2069 381 2107 Sed
410 2069 562 2107 Domini
594 2080 745 2107 carmen
777 2070 890 2107 tcllus
921 2070 1046 2107 aliena
1076 2069 1215 2106 mereri

305 2125 390 2163 Non
422 2127 536 2174 capit,
568 2126 744 2173 indignas
775 2138 886 2164 sacra
917 2138 989 2164 vox
1021 2127 1208 2164 avertitur
1238 2135 1362 2163 aures.

305 2182 345 2219 Si
375 2188 500 2220 tamen
531 2188 573 2220 ut
605 2184 726 2230 captis
759 2184 932 2220 dominus
965 2183 1166 2220 violentior
1192 2183 1324 2229 instaS,

220 2240 270 2278 25
304 2239 355 2276 Et
386 2240 415 2276 si
448 2244 577 2277 tantus
608 2251 714 2277 amor
745 2240 834 2278 Sion
866 2241 930 2287 pia
961 2250 1118 2276 noscere
1151 2239 1258 2278 vobis

305 2297 475 2343 Cantica,
509 2297 539 2333 si
572 2297 699 2344 pergis
731 2308 790 2334 me
822 2307 955 2344 cogere
986 2308 1060 2334 non
1092 2301 1158 2333 tua
1190 2295 1261 2333 fari

306 2352 356 2389 Et
389 2353 518 2390 divina
549 2354 620 2390 tibi
651 2365 831 2400 quaenam
865 2354 941 2390 sint
974 2353 1122 2390 cantica
1153 2353 1256 2401 Sion,

303 2410 461 2458 Accipe,
494 2410 584 2457 quid
617 2416 751 2457 captae
783 2411 884 2448 Deus
916 2410 1017 2447 ultor
1050 2410 1237 2456 spondeat
1268 2409 1368 2453 urbi,

305 2465 363 2502 Ne
394 2467 544 2514 longum
578 2478 708 2513 speres
740 2468 812 2504 isto
843 2467 1009 2514 gaudere.
1043 2467 1250 2514 triumpho,

217 2523 269 2560 30
304 2522 435 2569 Impie,
468 2534 540 2570 quo
572 2534 720 2561 sacrum
752 2524 864 2570 prodi
896 2524 966 2560 tibi
997 2524 1189 2570 praecipis
1221 2523 1429 2569 hymnum3

303 2579 415 2627 Ecce,
448 2580 530 2627 quis
562 2586 618 2616 est
649 2580 810 2628 hymnus
844 2580 1007 2627 Domini,
1040 2591 1136 2626 quae
1169 2580 1316 2616 cantica
1349 2579 1464 2617 Sion:

307 2635 346 2672 Si
379 2635 485 2673 fuero
516 2637 656 2673 oblitus
686 2648 769 2673 mea
800 2637 958 2685 moenia,
992 2642 1043 2683 te,
1076 2647 1158 2673 mea
1191 2647 1292 2682 cara,

310 2692 413 2730 Urbs
444 2693 696 2740 Hierusalem,
729 2693 793 2730 fiat
826 2704 908 2730 mea
939 2705 1012 2730 non
1045 2704 1188 2729 memor
1215 2703 1378 2739 unquam

308 2748 453 2787 Dextra
484 2750 569 2798 mei,
602 2761 685 2787 mea
715 2750 843 2797 lingua
873 2751 964 2786 meis
997 2754 1033 2786 et
1064 2750 1271 2786 adhaereat
1303 2759 1414 2786 arens

218 2804 268 2842 35
302 2804 508 2853 Faucibus,
536 2811 691 2843 aeterno
723 2807 795 2843 nisi
824 2811 861 2842 te
893 2807 1125 2853 complectar
1155 2816 1283 2843 amore

307 2861 359 2898 Et
391 2863 463 2899 nisi
494 2863 683 2909 principio
714 2863 891 2909 promissi
922 2863 959 2899 in
991 2863 1142 2900 saecula
1174 2863 1280 2909 regni

1388 2928 1437 2962 4*
