2031 3289
536 384 574 422 1.

523 2721 590 2758 10.

926 167 1236 207 —148—

714 300 794 336 107.
832 299 890 342 (9.)
925 299 1074 336 Versus
1099 299 1146 334 de
1171 299 1448 336 Paenitentia.

620 379 686 421 Ad
719 382 816 419 caeli
849 381 953 419 clara
983 393 1058 418 non
1089 393 1170 419 sum
1203 382 1338 428 dignus
1368 382 1496 420 sidera

623 439 770 476 Levare
802 448 905 474 meos
935 437 1108 475 infelices
1139 438 1280 484 oculos,

619 495 738 532 Gravi
767 494 970 541 depressus
1001 499 1242 541 peccatorum
1274 495 1466 544 pondere,

834 552 967 597 Parce,
1000 551 1241 598 redemptor!

619 638 773 680 Bonum
804 641 954 687 neglexi
985 639 1122 691 facere,
1157 641 1257 687 quod
1290 640 1417 686 debui,

621 697 813 736 Probrosa
843 697 941 744 gessi
972 697 1053 734 sine
1084 697 1158 734 fine
1191 697 1361 744 crimina,

623 754 755 792 Scelus
786 753 937 800 patravi
966 754 1070 790 nullo
1103 754 1270 791 clausum
1301 753 1476 799 termino,

836 809 1016 860 Subveni,
1050 810 1226 848 Christe!

567 930 575 938 .
622 896 803 950 Cunctae,
835 909 931 947 quae
962 901 1062 937 salso
1094 899 1209 936 maris
1240 903 1328 936 sunt
1359 900 1397 936 in
1428 899 1570 947 littore,

621 958 786 1003 Arenae,
818 956 960 993 mixtae
991 957 1213 1003 purpuratis
1245 956 1453 1002 conchulis,

621 1013 707 1050 Non
740 1013 832 1050 meis
863 1017 1020 1059 possunt
1051 1013 1249 1059 coaequari
1281 1013 1397 1060 vitiis,

836 1069 989 1115 Fateor,
1021 1070 1145 1107 malis.

626 1156 754 1199 Doleo
785 1159 913 1196 multis
943 1164 1185 1206 peccatorum
1214 1159 1348 1196 iaculis

626 1215 830 1254 Confossus
862 1226 965 1265 arcu,
1000 1227 1072 1263 quo
1099 1217 1227 1253 Venus
1257 1215 1430 1254 libidinis

624 1273 783 1310 Intorsit
813 1273 881 1309 lita
913 1273 1060 1319 spicula
1091 1271 1280 1309 mortiferi

837 1329 958 1367 Fellis
989 1329 1155 1367 abunda.

571 1451 579 1459 .
624 1417 776 1458 Effudit
808 1419 967 1456 daemon
997 1419 1044 1456 de
1075 1419 1257 1466 pharetra
1286 1417 1480 1456 flammeas

625 1476 804 1524 Sagittas,
837 1487 957 1512 meum
990 1487 1105 1522 super
1135 1477 1269 1513 vulnus
1303 1477 1460 1514 vulnera

625 1531 769 1570 lnfiixit
800 1533 927 1569 statim
961 1533 1098 1579 cupido
1129 1533 1350 1579 turpissima

840 1589 985 1626 Fronte
1015 1600 1164 1636 rugosa.

627 1676 773 1718 Factus
805 1690 886 1715 sum
918 1679 1005 1716 vilis
1037 1683 1173 1716 cuncta
1204 1690 1320 1726 super
1351 1679 1455 1728 vilia,

629 1736 742 1773 Venit
771 1737 936 1773 latenter
966 1736 1115 1782 gladius
1146 1736 1361 1784 superbiae,

630 1793 745 1830 Cordi
776 1791 901 1829 infixit
931 1803 1148 1829 mucronem
1178 1792 1248 1829 sub
1279 1792 1405 1829 medio

785 1850 905 1887 Manu
935 1854 1104 1889 cruenta.

632 1935 764 1979 Genus
796 1940 985 1986 serpentis
1017 1938 1142 1977 adfuit
1173 1940 1329 1985 invidia,

632 1996 776 2033 Veneni
807 2001 964 2043 portans
995 1997 1132 2043 pocula
1163 1995 1338 2042 pestiferi

631 2053 749 2090 Dedit
779 2053 819 2089 in
850 2053 926 2100 siti,
958 2053 1092 2090 mortis
1123 2058 1256 2090 auctor
1287 2052 1436 2090 exstitit

847 2109 1012 2147 Sordida
1042 2110 1135 2149 lues.

632 2196 809 2238 Horrida
839 2199 947 2237 vultu
978 2198 1141 2236 faculam
1173 2199 1367 2236 discordia

632 2258 725 2303 Igne
755 2266 976 2293 succensam
1005 2255 1182 2293 deferens
1214 2255 1420 2302 sulphureo

632 2313 765 2351 Medio
795 2323 878 2350 meo
910 2313 1037 2359 posuit
1067 2312 1136 2350 sub
1167 2317 1333 2362 pectore,

848 2369 960 2407 Coxit
989 2379 1130 2408 amare.

580 2491 588 2499 .
634 2456 741 2498 Inter
771 2459 839 2496 has
871 2469 1017 2506 quoque
1048 2470 1193 2506 pennas
1223 2469 1358 2506 gerens
1390 2458 1560 2504 plumeas

633 2516 762 2553 lnanis
794 2517 932 2553 cursim
964 2516 1215 2553 transvolavit
1246 2515 1379 2562 gloria,

633 2573 736 2619 Quae
767 2583 826 2609 me
857 2577 1013 2610 ventosa
1044 2572 1237 2609 nitebatur
1267 2571 1392 2608 subito

847 2629 1002 2666 Fraude
1029 2629 1167 2676 perire.

637 2715 832 2758 Kanendo
864 2719 967 2756 venit
998 2718 1124 2756 fistula
1155 2718 1353 2765 ingluvies,

636 2777 742 2813 Bona
774 2775 984 2822 praesentis
1015 2775 1210 2823 irrogabat
1241 2774 1436 2823 temporis,

635 2833 821 2871 Extendit
853 2837 1034 2881 ventrem,
1067 2833 1312 2869 temulentum
1345 2830 1527 2879 reddidit,

847 2888 1001 2927 Miscuit
1034 2889 1145 2927 risuS.
