2031 3289
542 1427 602 1466 10.

547 1698 610 1736 11.

991 214 1301 257 —294—

598 360 605 368 .
639 330 693 368 Te
723 340 873 381 precor,
903 331 942 367 in
973 331 1088 368 caelis
1119 331 1240 369 oratio
1271 334 1402 368 sancta
1430 330 1554 368 fidelis

694 387 837 434 Iugiter
866 390 954 424 ante
983 387 1104 424 Deum
1135 388 1190 424 sic
1219 391 1284 425 tua
1313 388 1440 434 placet
1471 398 1567 435 eum,

638 443 696 480 Ne
726 443 817 480 mihi
849 443 1019 492 deficiat,
1052 443 1129 491 fiat,
1164 444 1374 491 mitissima,
1406 443 1494 494 fiat,

692 499 858 548 Christe,
890 510 980 547 rogo
1011 511 1081 548 per
1111 510 1205 547 eam,
1237 511 1284 537 ne
1314 500 1384 537 tibi
1414 500 1661 547 displiceam:

598 643 607 652 .
639 613 791 660 Facque
821 617 885 651 tuo
916 624 1020 650 more
1050 624 1120 662 pro
1150 614 1308 661 virginis
1337 614 1446 651 huius
1477 624 1618 658 amore,

696 670 753 708 Sit
783 670 876 706 mihi
905 674 1090 717 perpetua
1120 671 1254 718 gratia,
1287 681 1439 717 quaeso,
1471 675 1547 708 tua.

637 727 667 764 Ο
698 727 807 776 bona,
841 731 984 772 sancta,
1017 727 1092 774 pia,
1127 727 1344 764 dulcissima
1375 727 1482 774 virgo
1511 727 1648 775 Maria,

696 784 785 832 Oro,
817 788 1004 821 memento
1035 783 1108 820 mei
1138 794 1208 830 pro
1239 784 1383 830 pietate
1415 783 1497 822 Dei.

594 915 603 925 .
635 884 775 922 Inclita
806 885 923 932 virgo,
956 895 1105 932 precor,
1138 888 1256 922 totum
1289 885 1517 931 peccaminis
1547 895 1687 932 aequor

695 940 852 989 Semper
881 941 928 978 ab
961 943 1031 978 hoc
1062 951 1213 979 remove
1243 947 1397 988 pectore
1427 952 1559 988 meque
1591 940 1690 979 fove.

637 997 717 1034 Fac
747 1009 806 1034 me
837 998 1018 1035 virtutum
1051 998 1173 1035 solido
1203 998 1408 1034 munimine
1439 1003 1572 1044 tutum,

696 1054 857 1107 Nomine
887 1065 1003 1102 reque
1030 1055 1145 1101 pium,
1178 1054 1345 1092 moribus
1378 1055 1581 1102 egregium.

595 1183 603 1192 .
637 1155 690 1192 Te
722 1166 811 1202 rogo
843 1160 967 1192 mente
998 1156 1073 1203 pia,
1105 1156 1303 1193 mitissima
1332 1156 1437 1203 virgo
1467 1156 1604 1205 Maria,

694 1212 760 1249 Me
791 1223 890 1260 rege,
923 1223 982 1248 me
1012 1212 1153 1249 munda
1185 1213 1303 1250 (livini
1333 1211 1496 1249 fluminis
1526 1213 1650 1259 unda3

639 1269 753 1308 Unda
783 1274 870 1305 tuae
900 1269 996 1305 lucis
1029 1280 1086 1306 me
1118 1270 1307 1316 compluat
1340 1269 1472 1316 hisque
1503 1269 1656 1307 caducis

694 1326 789 1362 Esto
820 1325 911 1362 mihi
944 1324 1062 1362 fomes
1094 1326 1246 1364 luminis
1277 1332 1390 1373 alque
1422 1336 1558 1363 comes.

639 1426 721 1463 Lux
752 1431 828 1474 tua,
860 1427 923 1464 lux
956 1427 1079 1475 plene,
1110 1427 1175 1463 lux
1206 1427 1302 1464 lucis
1331 1430 1481 1474 semper
1511 1437 1705 1477 amoenae,

697 1483 830 1521 Gratia
862 1484 946 1521 dico
977 1488 1053 1529 tua,
1085 1484 1133 1520 sit
1163 1484 1254 1520 mihi
1285 1489 1482 1530 perpetua.

638 1539 701 1577 Sic
731 1551 821 1587 rogo
853 1551 911 1577 me
943 1541 1055 1585 muni,
1089 1545 1173 1577 tuus
1204 1545 1245 1577 ut
1276 1540 1343 1577 tibi
1377 1541 1571 1587 manciper
1601 1541 1666 1577 uni

695 1597 867 1634 Iustitiae
901 1597 998 1635 dono
1031 1597 1311 1644 munditiaeque
1343 1597 1454 1635 bono.

642 1698 734 1737 Fac.
766 1703 851 1736 tuus
883 1704 921 1736 ut
954 1704 1077 1744 natus,
1115 1721 1163 1726 -
1196 1711 1281 1736 nam
1313 1699 1368 1735 sic
1400 1710 1463 1736 ero
1495 1710 1583 1737 vere
1613 1699 1745 1736 beatus

695 1756 746 1792 Et
776 1756 847 1792 tibi
878 1761 1083 1803 perpetuus
1114 1766 1244 1792 servus
1275 1756 1413 1803 ubique
1444 1760 1529 1793 tuus
1562 1778 1614 1782 ——

640 1812 694 1849 Te
727 1813 795 1848 sim
827 1813 1005 1859 propitia,
1038 1813 1277 1849 sanctissima
1309 1813 1413 1860 virgo
1443 1812 1581 1861 Maria,

692 1869 855 1916 Facque,
886 1880 1032 1906 sacrum
1064 1868 1199 1906 flamen
1231 1880 1277 1906 ne
1309 1869 1398 1905 mihi
1431 1869 1540 1907 desit.
1573 1870 1707 1907 Amen.

697 1992 807 2031 Caeli
836 1994 992 2041 reginae
1020 1994 1213 2041 speculum
1246 1994 1333 2041 finit
1361 1994 1446 2031 sine
1474 1993 1561 2041 five.

640 2087 753 2132 Ecce,
787 2086 885 2123 sacri
917 2086 1108 2133 specimen
1140 2086 1284 2132 speculi
1316 2085 1480 2132 speciale
1510 2086 1695 2132 polorum,

641 2143 754 2188 Ecce,
788 2142 885 2180 sacri
916 2143 1083 2190 reginem
1115 2143 1258 2188 speculi
1289 2142 1449 2179 sublime
1480 2142 1660 2191 virorum,

642 2200 781 2237 Sacrae
811 2199 963 2247 reginae
993 2199 1104 2236 iubar
1135 2203 1171 2235 et
1202 2199 1265 2236 lux
1300 2199 1590 2246 caeligenarum,

641 2257 779 2294 Sacrae
812 2257 1008 2295 doctrinae
1039 2257 1103 2292 lux
1135 2261 1172 2292 et
1202 2256 1332 2293 schola
1363 2256 1649 2304 terrigenarum.

696 2346 866 2395 Explicit
896 2347 1002 2385 istud
1030 2357 1125 2394 opus
1156 2346 1211 2383 vel
1240 2346 1323 2384 sine
1352 2346 1429 2394 fine
1457 2357 1604 2393 scopus.

631 2536 714 2573 296.
750 2538 809 2580 (9.)
847 2537 996 2581 Incipit
1016 2547 1036 2571 e.
1063 2537 1186 2572 caelis
1214 2536 1349 2572 oratio
1377 2536 1493 2581 lapsa
1518 2535 1666 2571 fidelis.

387 2656 423 2691 1.
456 2655 485 2692 O
517 2655 778 2691 strenuissima
1204 2656 1241 2692 2.
1274 2654 1407 2692 Omnia
1437 2663 1632 2700 prospera,

456 2711 578 2757 Virgm,
611 2711 794 2760 piissima,
1275 2711 1389 2757 Virgo
1420 2720 1621 2757 puerpera,

511 2768 618 2804 Mitis
649 2779 818 2817 amoena,
1327 2768 1380 2804 Te
1414 2767 1501 2803 mihi
1535 2766 1648 2803 dante

456 2825 596 2871 Dulcis,

629 2824 802 2862 amabilis
1273 2824 1433 2870 Semper
1463 2823 1669 2872 abundent,

455 2881 506 2918 Et
537 2881 763 2918 venerabilis
1268 2880 1426 2927 Semper
1456 2879 1642 2916 inundent

506 2939 631 2984 Atque
661 2949 806 2984 serena,
1324 2937 1378 2974 Te
1408 2937 1621 2975 comitante.
