1914 3223
268 257 305 296 8.

236 745 300 782 10.

239 989 302 1026 11.

234 1232 298 1269 12.

231 1476 295 1513 13.

232 1719 296 1758 14.

766 167 821 170 —
880 144 957 183 201
1022 165 1076 171 —

340 257 476 304 Sicque
508 268 614 294 suum
647 255 828 294 famulum
860 257 1033 295 Christus
1066 258 1203 306 ditavit
1234 257 1388 305 honore,

398 315 451 353 Ut
482 318 613 361 regnet
645 314 749 350 caelo
779 314 941 360 imperet
970 319 1082 361 atque
1111 315 1202 352 solo.

338 371 548 407 Multorum
579 374 757 408 aeternas
792 371 972 407 Dominus
1007 372 1073 408 dat.
1103 382 1273 408 crescere
1307 371 1452 417 laudes,

395 428 495 473 Quos
526 426 615 465 fidei
648 427 822 464 meritum
856 426 1001 464 fecerat
1032 438 1114 464 esse
1145 439 1286 467 sacros,

297 531 304 539 .
339 499 414 538 Sed
446 500 581 537 merito
613 501 796 537 ecclesiae
827 500 1034 537 laudantur
1064 501 1101 537 in
1134 501 1225 537 orbe
1257 501 1441 547 magistri,

393 558 492 604 Quos
524 568 618 604 opus
651 562 687 593 et
718 557 874 593 verbum
907 563 1113 603 praeparat
1145 562 1257 604 atque
1289 557 1397 595 fides.

336 614 439 660 Ergo
469 614 527 650 vir
557 614 628 650 iste
661 614 732 652 Dei
764 624 949 660 spernens
978 614 1170 651 mundana
1200 614 1351 661 reliquit

394 670 468 707 Pro
500 670 652 707 Christo
685 675 832 716 cuncta,
866 670 930 717 qui
961 671 1118 707 meliora
1151 671 1273 717 daret,

334 744 671 791 Centuplicemque
702 748 846 780 metens
878 742 1041 781 fructum
1074 745 1135 780 hic
1167 744 1308 790 accipit
1339 745 1518 791 amplum,

393 802 554 847 Insuper
586 806 779 837 aeternam
812 800 984 847 possidet
1015 805 1052 837 et
1080 801 1260 848 requiem.

339 856 485 903 Dignus
517 858 630 894 laude
661 858 813 904 quidem
847 862 903 894 est
935 859 1049 895 vitam
1081 858 1162 894 sine
1194 858 1349 895 crimine
1382 859 1536 899 ducens,

395 914 467 960 Qui
498 914 582 951 aevi
613 914 668 951 sic
698 919 818 951 metas
851 915 1041 951 clauserat
1073 919 1108 950 et
1139 925 1328 952 numeros.

334 987 479 1025 Accola
510 988 584 1025 iam
617 988 771 1026 Domini
802 998 954 1025 saevum
985 988 1060 1025 iam
1091 988 1234 1025 vicerat
1265 988 1423 1036 hostem,

393 1045 486 1083 Cum
520 1044 671 1081 Christo
703 1051 835 1092 regnat
868 1045 997 1082 accola
1028 1045 1102 1082 iam
1134 1045 1300 1083 Domini.

334 1100 484 1138 Gaudia
514 1112 650 1148 magna
684 1101 753 1138 Dei
784 1102 858 1138 iam
889 1102 1048 1138 intravit
1079 1103 1202 1138 laetus
1234 1106 1271 1137 et
1301 1102 1367 1138 ille

392 1157 535 1195 Invitat
567 1170 634 1195 nos
665 1158 714 1195 ad
743 1159 882 1205 gaudia
914 1170 1049 1205 magna
1078 1159 1162 1196 Dei.

331 1231 522 1278 Sanguine
553 1243 690 1279 nempe
721 1244 787 1270 suo
819 1233 987 1280 requiem
1019 1233 1090 1270 sibi
1125 1237 1322 1280 comparat
1347 1233 1497 1281 almam,

383 1289 576 1335 'Impetrat
607 1289 704 1326 hanc
734 1289 844 1326 nobis
874 1291 1057 1336 sanguine
1088 1300 1223 1337 nempe
1254 1301 1333 1329 suo,

330 1345 522 1393 Martyrio
555 1346 724 1393 decorat,
757 1346 944 1393 quidquid
977 1347 1182 1384 Germania
1212 1346 1345 1394 nutrit,

386 1402 437 1440 Et
468 1403 627 1449 proprio
658 1403 829 1440 subolem
861 1404 1044 1450 martyrio
1079 1405 1247 1442 decorat.

328 1475 358 1513 Ο
390 1475 528 1522 patria,
563 1487 584 1512 o
615 1477 790 1522 populus,
824 1480 930 1513 tanto
963 1477 1084 1514 ditata
1115 1480 1289 1523 patrono,

386 1533 462 1569 Per
491 1543 601 1579 quem
634 1533 712 1569 vita
744 1533 860 1582 venit,
891 1543 914 1569 0
944 1534 1082 1580 patria,
1115 1545 1136 1571 o
1167 1533 1350 1580 populus!

329 1589 530 1636 Dignaque
562 1601 657 1636 quae
690 1590 829 1637 fueras,
863 1602 884 1627 o
917 1594 975 1627 ter
1006 1594 1214 1637 quaterque
1244 1590 1367 1631 beata,

384 1647 568 1683 Praesule
598 1647 743 1693 hocque
775 1647 855 1694 regi
888 1648 1077 1694 dignaque
1108 1658 1205 1694 quae
1236 1646 1375 1684 fueras

330 1718 464 1757 Gloria
497 1720 611 1766 digna
639 1720 735 1767 Deo,
768 1721 881 1757 talem
914 1721 976 1767 qui
1009 1721 1116 1757 illum
1149 1720 1255 1758 dedit
1283 1731 1377 1766 esse,

386 1777 531 1823 Quique
564 1776 670 1813 dedit
702 1777 823 1828 nobiS,
856 1778 977 1824 gloria
1008 1789 1145 1824 magna
1177 1778 1285 1826 Deo„

326 1832 459 1870 Gloria
489 1844 626 1880 magna
659 1834 738 1870 Deo
770 1845 921 1881 semper
951 1845 1020 1881 per
1051 1834 1201 1871 saecula
1235 1838 1381 1881 cuncta,

384 1889 565 1927 Dicamus
597 1901 750 1928 omnes:
781 1891 904 1938 gloria
933 1902 1069 1938 magna
1100 1891 1195 1931 Deo.

215 1979 400 2011 Browerus
426 1991 457 2021 p.
484 1978 545 2020 783
571 1981 755 2012 Diimmler
779 1981 823 2017 ΙΙ,
851 1978 917 2012 234
943 1992 993 2024 sq.

396 2113 473 2148 150.
509 2113 590 2158 (19.)
625 2114 671 2149 In
697 2115 841 2150 Natale
868 2115 999 2150 saneti
1024 2116 1207 2151 Andreae
1232 2116 1433 2161 Apostoli.

402 2198 439 2235 1.
486 2197 621 2247 Nobis,
654 2208 755 2245 ecce,
790 2199 871 2236 dies
903 2200 1038 2236 ordine
1071 2210 1235 2247 congruo

484 2255 600 2292 Venit
631 2266 731 2292 nunc
767 2256 940 2300 celebris,
975 2256 1113 2301 clarus,
1147 2256 1334 2303 amabilis,

544 2311 624 2358 Quo
656 2312 779 2349 victor
809 2323 925 2360 super
955 2313 1034 2350 alta

598 2367 756 2405 Scandit
785 2379 950 2418 propere
981 2370 1109 2406 sidera

394 2402 422 2484 [ω’

429 2476 437 2484 .
484 2447 674 2493 Andreas,
708 2449 861 2486 Domini
893 2453 1046 2486 sanctus
1078 2450 1272 2497 apostolus

486 2503 773 2552 Germanusque
805 2507 922 2551 Petri,
956 2506 1141 2553 principis
1173 2507 1307 2554 incliti,

546 2561 729 2608 Princeps
760 2562 843 2608 ipse
875 2563 997 2599 virilis

599 2618 763 2655 Consors
794 2620 978 2666 martyrio
1011 2618 1094 2658 fuit.

402 2697 439 2733 3.
488 2695 586 2732 Dum
619 2696 810 2733 Christum
844 2697 998 2734 comites
1030 2697 1222 2744 gressibus
1255 2702 1291 2734 et
1319 2709 1430 2744 pares

487 2752 715 2799 Exaequant
746 2754 903 2799 pariter.
938 2754 1114 2800 dogmata
1146 2754 1342 2803 colligunt,

543 2809 635 2846 Eius
667 2814 788 2846 morte
821 2814 1028 2858 sequuntur

597 2866 646 2902 Et
679 2866 838 2914 vestigia
870 2877 940 2914 per
971 2877 1138 2907 crucem.
