1914 3223
688 175 968 215 —49—

611 340 671 376 49.
709 342 766 384 (2.)
804 341 986 377 Psalmus
1012 342 1044 377 1.

714 412 828 443 Carm.
853 411 931 443 V11.

326 515 467 552 Beatus
498 514 576 560 ille,
606 513 669 560 qui
701 514 833 560 procul
865 515 982 552 vitam
1013 525 1116 552 suam

327 571 388 609 Ab
419 571 620 618 impiorum
653 570 861 617 segregarit
895 571 1063 608 coetibus

326 628 375 666 Et
406 629 444 664 in
477 629 539 665 via
569 627 805 674 peccantium
838 638 911 664 non
942 628 1124 665 manserit

328 685 408 722 Nec
438 684 477 721 in
509 684 692 722 cathedra
724 683 916 732 pestilenti
948 684 1103 733 sederit,

269 745 290 779 5
324 741 400 778 Sed
432 741 547 778 corde
578 744 656 777 toto
687 740 785 777 fixus
816 740 854 776 in
884 741 1004 787 legem
1036 741 1108 778 Dei

328 799 539 845 Praecepta
570 797 670 834 vitae
700 803 810 833 nocte
842 797 960 834 volvit
991 801 1028 834 et
1060 798 1120 834 die

327 855 570 901 Mentemque
601 854 715 890 castis
747 853 931 890 institutis
964 854 1115 893 excolit.

326 911 413 949 Erit
443 911 509 947 ille
539 915 580 947 ut
611 910 737 957 arbor,
770 921 865 957 quae
896 912 1109 958 propinqua
1139 910 1282 948 flumini

325 968 494 1005 Humore
525 967 632 1013 ripae
662 967 853 1004 nutriente
885 968 1054 1014 pascitur

241 1026 292 1065 10
327 1024 476 1071 Suoque
508 1022 672 1061 fructum
704 1024 815 1070 plena
848 1024 984 1061 reddet
1015 1029 1188 1071 tempore

325 1081 378 1119 Et
410 1079 547 1118 fronde
578 1091 766 1127 nunquam
801 1080 990 1119 defluente
1022 1081 1218 1127 pervirens

328 1137 453 1175 Stabit
488 1137 646 1184 perenni
678 1137 846 1174 vividum
879 1138 1020 1184 lignum
1053 1148 1170 1176 coma.

326 1194 410 1232 Non
442 1194 535 1231 haec
566 1194 714 1241 iniquos
746 1199 996 1241 prosequetur
1026 1195 1160 1243 gloria,

327 1251 415 1299 Sed,
449 1255 490 1287 ut
521 1249 690 1287 favillam
722 1251 891 1297 pulveris
923 1256 1057 1288 ventus
1089 1251 1204 1298 rapit,

244 1309 294 1348 15
328 1307 390 1345 Sic
420 1307 478 1345 ira
511 1307 658 1354 iniquos
688 1312 812 1344 verret
846 1319 868 1344 a
898 1309 1004 1344 vultu
1032 1308 1116 1346 Dei.

325 1364 476 1402 Idcirco
508 1364 576 1401 tali
609 1364 829 1401 dividentur
859 1365 993 1402 ordine

324 1421 526 1459 Hominum
560 1431 630 1467 per
659 1421 788 1457 orbem
822 1421 1092 1468 dissipatorum
1124 1431 1270 1468 greges,

326 1478 379 1516 Ut
409 1477 605 1514 iudicandi
637 1489 710 1514 non
742 1483 940 1524 resurgant
972 1477 1090 1527 impii,

327 1535 398 1582 Qui
431 1534 666 1582 denegarunt
698 1534 865 1571 debitum
897 1535 1038 1571 cultum
1069 1534 1164 1582 Deo,

240 1593 292 1630 20
325 1592 400 1629 Sed
431 1591 633 1639 puniendi3
666 1601 827 1638 namque
860 1591 1001 1628 crimen
1033 1591 1190 1628 evidens

322 1648 407 1686 Non
439 1648 626 1695 indigebit
656 1648 874 1694 quaestione
907 1648 1045 1696 detegi,

322 1704 504 1751 Quoniam
535 1704 792 1741 imminentem
823 1703 1044 1752 praeferent
1073 1704 1206 1741 mortis
1238 1710 1365 1742 notam

324 1761 478 1809 Signum
510 1761 643 1798 salutis
674 1772 748 1798 non
777 1765 951 1809 gerentes
982 1760 1187 1799 frontibus.

324 1820 509 1856 Peccator
539 1822 664 1855 autem
696 1829 769 1855 non
801 1823 837 1855 et
868 1819 1005 1865 impius
1036 1822 1175 1868 tamen,

240 1876 289 1913 25
323 1875 426 1921 Quae
452 1886 588 1922 magna
619 1875 732 1912 turba
762 1880 830 1922 est,
862 1887 935 1912 non
969 1878 1142 1922 resurget
1171 1875 1326 1923 gloriae,

321 1932 461 1968 Verum
494 1937 665 1979 resurget
699 1932 918 1979 deputanda
949 1932 1125 1970 exa-mini.

323 1989 404 2026 Nec
435 1988 532 2025 enim
564 1989 698 2025 sedere
730 2000 812 2026 cum
845 1989 918 2036 piis
949 1989 1063 2026 iudex
1095 1993 1220 2035 potest

322 2045 463 2083 Causas
493 2055 646 2082 suorum
677 2045 896 2083 redditurus
927 2050 1079 2082 actuum

324 2102 514 2148 Varieque
545 2103 661 2149 gestis
694 2106 758 2140 aut
788 2102 1008 2149 probandus
1039 2106 1104 2139 aut
1134 2113 1233 2139 reuS.

240 2159 292 2196 30
324 2159 413 2197 Sine
444 2159 529 2208 lege
559 2160 699 2205 passim
731 2160 825 2206 legis
856 2159 977 2206 ignari
1011 2159 1160 2208 cadent,

326 2217 368 2254 ln
400 2216 482 2262 lege
514 2216 644 2262 lapsus
674 2217 757 2264 lege
788 2216 1032 2255 iudicabitur.

324 2272 426 2319 Opus
458 2283 527 2319 per
557 2283 666 2309 omne
697 2277 824 2310 curret
852 2273 950 2319 ignis
981 2272 1142 2322 arbiter,

323 2329 429 2376 Quod
461 2339 534 2366 non
567 2330 745 2367 cremarit
775 2329 938 2376 flamma,
971 2330 1037 2366 sed
1069 2329 1303 2376 probaverit,

325 2386 426 2423 Illud
458 2386 616 2432 perenni
647 2387 816 2433 praemio
848 2386 1083 2432 pensabitur,

241 2441 291 2479 35
324 2442 393 2489 Qui
425 2443 702 2480 concremanda
732 2443 905 2488 gesserit,
939 2443 1116 2480 damnum
1148 2441 1259 2490 feret,

323 2498 398 2536 Sed
426 2498 509 2547 ipse
539 2499 666 2536 salvus
697 2499 863 2537 evolabit
892 2499 1064 2546 ignibus3

323 2555 465 2592 Tamen
497 2555 643 2593 subusti
676 2556 846 2603 corporis
877 2556 994 2603 signis
1027 2557 1141 2593 miser

325 2612 451 2648 Vitam
482 2612 639 2660 tenebit,
672 2624 745 2649 non
777 2612 921 2649 tenebit
954 2612 1125 2660 gloriam,

324 2669 418 2715 Quia
451 2679 563 2705 carne
594 2669 729 2716 victus,
762 2673 887 2706 mente
919 2679 991 2706 non
1024 2680 1156 2706 versus
1187 2672 1325 2717 tamen,

240 2725 293 2762 40
325 2725 410 2762 Etsi
441 2725 586 2772 negarit
620 2725 786 2762 debitam
817 2726 892 2773 legi
922 2724 1037 2762 fidem

325 2781 398 2819 Per
428 2783 546 2819 multa
577 2792 691 2828 saepe
723 2782 922 2819 devolutus
955 2782 1125 2830 crimina,

322 2837 463 2875 Tamen
495 2837 584 2875 fidei
615 2849 749 2876 nomen
780 2844 974 2875 aeternum
1007 2848 1154 2887 gerens,

323 2893 523 2941 Nunquam
554 2894 688 2932 salutis
720 2895 908 2932 exsulabit
939 2894 1089 2933 finibus.

117 2959 278 2993 Dreves,
305 2962 510 2990 Lateinisehe
531 2963 821 2997 Hymnendichter.
861 2963 916 2990 1x.
