2031 3289
973 171 1277 216 -204—

361 290 399 327 3.
431 288 531 325 Hinc
563 293 766 326 commotus
1171 292 1209 327 4.
1242 290 1406 336 Propter
1434 301 1548 327 unum

428 346 509 383 Rex
542 345 690 391 iniquus
1243 346 1356 382 Multi
1387 346 1577 384 Christum

487 403 530 439 In
560 400 737 450 infantes,
1298 401 1391 439 Sunt
1422 403 1623 449 perempti,

429 458 482 496 Ut
511 456 698 494 infantum
1243 458 1318 496 Sed
1351 469 1420 506 per
1449 470 1563 496 unum

432 514 572 551 Perdat
602 526 727 559 unum,
1243 515 1379 552 Omnes
1412 515 1624 553 Christum.

486 571 619 607 Perdit
649 571 788 616 plures.
1301 571 1490 610 Coronati.

436 661 463 691 B
489 660 545 691 fol.
572 658 658 692 93b.
701 679 726 682 ⁷-
753 660 778 692 C
804 660 861 691 fol.
887 658 971 692 26a.

815 793 897 828 212.
931 793 1034 835 (102.)
1069 794 1114 828 In
1138 793 1173 829 2.
1202 794 1423 829 Noeturno.

359 887 395 924 1.
427 885 508 923 Rex
539 892 720 933 tyrannos
1172 889 1210 925 4.
1242 887 1304 924 Ad
1335 888 1552 924 mandatum

428 943 634 980 Universos
1243 945 1356 991 Regis
1389 945 1516 981 datum

486 999 758 1046 Supergressus
1300 1000 1487 1038 Generale

426 1056 474 1092 Et
507 1057 591 1103 plus
622 1057 715 1102 ipsis
1243 1057 1323 1094 Nec
1352 1058 1470 1103 ipsius

428 1116 584 1159 Quoque
616 1112 706 1149 feris
1230 1111 1373 1157 Infans
1405 1118 1506 1150 tutus

484 1169 714 1206 Inhumanus
1298 1171 1370 1207 Est
1398 1182 1419 1207 a
1451 1170 1577 1208 caede.

360 1262 396 1298 2.
430 1260 470 1296 In
503 1258 667 1296 infantes
1175 1263 1211 1300 Γ».
1244 1261 1304 1297 Ad
1337 1263 1547 1306 Augustum

430 1316 481 1354 Ut
512 1317 550 1352 in
583 1317 708 1353 hostes
1243 1317 1325 1354 Hoc
1358 1317 1522 1355 delatum

484 1373 617 1410 Castra
649 1373 744 1420 cogit
1298 1374 1428 1411 Risum
1462 1374 1589 1421 movit,

426 1430 475 1466 Et
506 1429 543 1466 in
576 1430 698 1466 nullos
1242 1431 1293 1467 Et
1325 1441 1390 1467 rex
1421 1431 1522 1467 mitis

426 1486 510 1523 Nisi
542 1497 627 1523 suos
1242 1487 1300 1524 De
1329 1488 1481 1523 immitti

482 1544 601 1580 Arma
632 1543 757 1583 vertit.
1298 1544 1420 1590 Digne
1451 1544 1562 1581 lusit:

356 1635 393 1671 3.
427 1632 551 1669 Furor
580 1632 660 1670 irae
1173 1635 1208 1672 6.
1242 1635 1398 1681 Malum,
1430 1634 1563 1680 inquit,

428 1689 507 1726 Nee
536 1688 680 1726 ferinae
1241 1691 1311 1728 Est
1343 1691 1506 1727 Herodis

485 1746 770 1792 Comparandus
1299 1747 1393 1784 Esse
1424 1752 1564 1796 natum,

428 1803 558 1840 Perdit
593 1814 668 1848 eos,
1243 1805 1404 1842 Prodest
1434 1804 1552 1851 magis

425 1859 523 1904 Quos
554 1865 727 1906 arreptos
1242 1861 1346 1897 Talis
1377 1861 1476 1908 regis

482 1916 601 1953 Fovet
632 1917 754 1963 lupus.
1297 1917 1393 1954 Esse
1423 1927 1590 1964 porcum.

430 2006 469 2037 Β.
495 2006 552 2037 fol.
578 2002 621 2036 93
632 2005 663 2036 b.
691 2022 733 2026 —
759 2006 785 2037 C
811 2006 869 2037 fol.
894 2003 937 2037 26
950 2016 979 2037 a.
1006 2023 1050 2028 -
1075 2004 1105 2044 5,
1131 2004 1152 2038 2
1177 2006 1306 2038 dilatur
1330 2007 1368 2038 B.

817 2139 898 2175 ⁴213.
935 2139 1039 2183 (103.)
1074 2140 1119 2174 In
1143 2140 1179 2175 3.
1207 2140 1427 2176 Nocturno.

358 2235 391 2273 1.
425 2235 486 2271 Ad
517 2234 723 2271 lactantum
1169 2237 1208 2273 3.
1241 2235 1337 2280 Quid
1369 2240 1426 2271 est
1458 2235 1560 2272 dictu

426 2291 537 2328 Sinus
569 2296 727 2327 matrum
1243 2291 1309 2328 Vel
1340 2292 1471 2329 auditu

481 2348 533 2386 Ut
564 2348 612 2385 ad
645 2352 769 2385 castra
1295 2349 1387 2385 Tam
1419 2349 1661 2396 stupendum,

423 2405 466 2441 In
498 2407 682 2441 laetantes
1239 2406 1273 2442 A
1304 2409 1439 2442 natura

424 2461 514 2498 Ruit
546 2472 673 2498 omnes
1239 2462 1338 2507 Quid
1370 2462 1530 2499 humana

484 2517 595 2554 Plebs
627 2522 786 2556 armata.
1293 2519 1385 2555 Tam
1418 2517 1629 2555 remotum?

353 2610 391 2648 2.
423 2609 485 2645 Ad
517 2609 715 2645 micantem
1167 2613 1205 2648 4.
1237 2609 1347 2659 Quid,
1380 2609 1566 2657 Herodes,

424 2664 554 2702 Infans
587 2675 712 2701 ensem
1238 2667 1344 2704 Metu
1375 2666 1528 2713 langues

482 2722 748 2759 Laetabundus
1295 2723 1416 2770 Super
1447 2721 1625 2760 Christo?

423 2779 587 2815 Irruenti
1240 2780 1322 2816 Non
1354 2783 1411 2816 est
1442 2789 1576 2821 meum.

423 2835 535 2872 Ridet
566 2835 663 2871 hosti
1240 2837 1376 2882 Inquit,
1409 2846 1561 2883 regnum

480 2892 738 2931 Pel-imenduS.
1292 2894 1350 2930 De
1381 2893 1450 2930 hoc
1482 2892 1632 2930 mundo.
