2031 3289
312 299 383 337 73.

311 985 384 1024 23.

316 1115 386 1152 Sa.

317 1302 388 1339 4a.

317 1490 390 1526 53.

935 183 1245 224 —358-

425 299 539 338 Cuius
569 309 616 336 ne
646 302 818 345 tepescat

419 355 517 402 ignis
550 354 726 402 caelicus,

1124 296 1198 337 7b.

1239 297 1362 344 Ligna
1394 297 1468 334 duo
1499 297 1635 344 crucis,

1236 363 1296 401 en,
1329 353 1550 400 colligimus,

742 422 779 461 8.
828 421 901 458 Per
931 430 1026 466 quae
1054 420 1166 466 panis
1198 425 1397 466 coquatur,

825 488 897 523 quo
926 476 1031 513 Elias
1063 487 1174 513 verus

826 542 985 579 pascens
1019 537 1213 580 pascatur.

400 610 503 643 Grad.
538 621 599 642 ms.
635 608 894 649 Secoviense(‘.>)
926 620 1014 641 saec.
1043 607 1094 641 12.
1143 610 1226 642 Cod.
1252 609 1494 641 Vindobonen.
1524 606 1651 641 13314.
1677 625 1720 629 ——
1745 606 1815 646 33,
1849 605 1870 639 2

310 660 344 688 et
368 656 588 698 profundum.
614 672 657 677 —
681 655 902 687 VViederholt
927 665 989 686 aus
1014 655 1116 686 Anal.
1140 655 1203 694 IX,
1229 653 1272 686 26
1298 665 1349 696 sq.

687 777 770 812 277.
806 777 886 820 (14.)
921 777 967 812 In
991 776 1254 812 Exaltatione
1278 786 1311 812 s.
1340 776 1493 812 Crucis.

806 860 841 898 1.
888 858 1139 906 Magnificent
1170 857 1356 896 confessio

890 920 1002 962 atque
1033 914 1278 962 pulchritudo

429 984 561 1031 Magni
592 983 691 1030 regis
721 994 855 1020 novam

425 1040 463 1077 in
496 1050 607 1077 cruce
639 1039 849 1090 victoriam,

430 1114 512 1159 Qua
543 1117 760 1150 evacuatum

430 1175 487 1206 est
516 1170 665 1216 peccati
699 1169 839 1206 veteris

431 1226 736 1274 chirographum.

432 1301 514 1346 Qua
543 1300 714 1336 torcular
744 1299 878 1345 calcat,

428 1357 480 1393 de
509 1356 634 1393 Edom
662 1355 725 1402 qui
757 1359 913 1392 venerat

430 1417 468 1449 et
499 1413 546 1449 de
576 1413 708 1452 Bosra.

433 1488 507 1524 Per
537 1496 685 1522 crucem
717 1486 799 1523 Deo

434 1542 703 1579 reconciliatur
732 1542 905 1592 mundus,

434 1610 505 1646 per
534 1599 676 1646 lignum
709 1610 807 1635 nunc
829 1599 1062 1648 redemptus,

369 1698 371 1700 ,
435 1666 504 1702 per
533 1656 675 1702 lignum

331 1787 399 1825 63.

327 2088 395 2126 73.

323 2331 395 2370 83.

433 1713 472 1749 in
502 1712 627 1749 Adam
658 1711 847 1750 venditus

444 1787 559 1833 Crux,
590 1785 690 1822 vitae
720 1785 874 1833 lignum,

434 1843 551 1879 vitam
581 1842 712 1878 mundi
743 1846 899 1888 portans

435 1903 547 1945 atque
578 1899 751 1945 pretium,

432 1960 473 1992 tu
503 1954 647 1992 vectrix
679 1965 718 1991 es
749 1953 861 2000 botri,

435 2012 516 2049 nati
545 2012 583 2048 in
614 2011 734 2048 vineis
764 2010 956 2057 Engaddi.

437 2085 467 2123 Ο
498 2085 618 2122 virtus
649 2084 784 2130 crucis,

435 2143 615 2179 mundum
645 2141 806 2179 attrahis

434 2197 686 2245 amplexando
715 2198 790 2234 tuis

436 2255 524 2293 hinc
554 2255 644 2292 inde
674 2254 853 2293 brachiis.

437 2328 612 2367 Christus
644 2328 767 2364 carnis
798 2326 992 2374 templum,

435 2385 507 2422 hac
539 2384 683 2422 dierum

438 2452 582 2478 summa
614 2443 881 2486 constructum,

437 2498 536 2545 quod
567 2500 901 2543 tetragrammaton

441 2555 564 2592 Adam
596 2564 731 2601 graece

439 2611 594 2657 colligit,
626 2611 665 2647 in
696 2615 733 2646 te

441 2667 721 2705 dissolvendum
752 2665 888 2703 obtulit

440 2724 506 2761 sed
538 2728 578 2760 ut
608 2723 785 2760 mundum

439 2780 560 2818 salvet
589 2779 856 2826 quadrifidum,

440 2835 659 2874 reaedificat

442 2899 526 2939 post
556 2893 734 2929 triduum.

1130 982 1204 1021 2b.

1248 983 1292 1019 In
1322 993 1396 1029 qua
1426 981 1679 1028 triumphatus

1244 1042 1301 1075 est
1330 1038 1462 1075 mortis
1492 1038 1741 1085 principatus,

1133 1111 1205 1150 3b.
1237 1113 1318 1158 Qua
1347 1110 1538 1157 paschalis
1569 1111 1655 1158 agni

1133 1297 1207 1338 4b.

1136 1484 1209 1523 5b.

1136 1783 1209 1824 6b.

1138 2082 1209 2122 7b.

1138 2325 1210 2364 8b.

1244 1168 1461 1204 immolatur
1491 1167 1643 1204 victima

1245 1235 1315 1271 pro
1346 1224 1448 1261 ovili.

1251 1297 1364 1334 Cuius
1395 1297 1606 1334 antidotum

1246 1353 1454 1400 serpentini
1484 1353 1650 1390 vulneris

1247 1414 1355 1447 sanat
1385 1420 1562 1449 morsum.

1251 1486 1325 1522 Per
1354 1493 1502 1520 crucem
1532 1483 1645 1520 astris

1248 1541 1415 1577 sociatur
1444 1539 1638 1577 matutinis

1249 1596 1396 1634 factura
1426 1596 1641 1641 novissima,

1249 1657 1467 1690 restaurans

1251 1709 1346 1747 caeli
1378 1709 1591 1756 dispendia.

1254 1783 1438 1830 Christus,
1470 1793 1545 1829 pax
1576 1787 1719 1829 nostra,

1247 1839 1465 1876 inimicitias

1247 1896 1396 1933 solvens
1426 1896 1465 1932 in
1496 1900 1533 1933 te

1248 1952 1320 2000 his,
1352 1955 1416 1999 qui
1448 1957 1555 1989 erant
1584 1962 1716 2000 prope,

1250 2009 1344 2046 dans
1374 2019 1517 2056 pacem,
1550 2012 1587 2045 et
1617 2009 1680 2056 qui
1709 2008 1877 2055 alonge.

1251 2083 1281 2120 Ο
1310 2083 1460 2120 excelsa
1492 2093 1599 2127 crux,

1245 2139 1321 2176 ima
1350 2137 1563 2186 perforans,

1247 2196 1408 2242 vinctos,
1440 2206 1533 2242 quos
1564 2194 1743 2244 absolvis,

1248 2252 1297 2289 ad
1328 2263 1472 2289 summa
1502 2251 1627 2298 erigiS.

1252 2326 1360 2372 Agne
1390 2325 1511 2372 patris
1542 2324 1687 2370 summi,

1251 2392 1361 2418 cruce
1391 2381 1527 2418 tollens

1251 2438 1408 2475 crimina
1439 2437 1580 2483 mundi,

1252 2495 1311 2543 da,
1345 2499 1386 2531 ut
1415 2494 1454 2531 in
1485 2497 1685 2540 augmento

1253 2551 1434 2597 caritatis,

1249 2607 1352 2654 fidei,
1384 2607 1466 2654 spei

1251 2668 1400 2710 stayros
1431 2666 1698 2700 sacrosanctae

1250 2721 1440 2758 valeamus

1249 2788 1331 2815 cum
1363 2776 1503 2813 sanctis
1533 2774 1705 2812 omnibus

1252 2833 1504 2870 dimensiones

1251 2888 1581 2936 comprehendere.
