2031 3289
858 206 1164 247 ,440-

246 323 314 361 45.
347 321 420 358 Pro
452 330 617 357 meorum
650 320 946 367 propinquorum

400 378 455 414 Te
485 376 607 414 salute
637 376 798 423 postulo,

345 434 398 472 Ut
430 434 619 470 laetentur
647 437 684 469 et
714 433 908 470 salventur

399 490 458 526 Ex
489 489 589 526 omni
620 488 802 535 periculo.

1059 320 1124 359 46.
1156 320 1187 357 O
1218 319 1340 366 beata,
1372 320 1549 358 miserata

1216 376 1350 413 Preces
1380 386 1482 414 meas
1513 378 1674 425 suscipe,

1157 432 1207 469 Et
1239 432 1286 469 de
1316 433 1424 470 malis
1454 434 1641 471 universis
1673 474 1678 478 ,

1214 488 1292 527 Nos
1324 489 1528 526 clementer
1557 490 1674 537 eripe.

598 602 665 639 47.
697 601 813 638 Pater
845 600 958 648 Deus,
990 598 1045 637 fili
1076 600 1191 647 Deus,

750 657 854 694 Deus
884 656 983 693 alme
1015 656 1165 702 caritas,

698 714 774 751 Per
803 719 957 750 aeterna
990 723 1058 750 nos
1080 712 1256 762 ‚guberna

758 768 903 817 saecla,
937 769 1041 806 Deus
1073 768 1236 807 trinitas,

812 937 1092 985 Rliythmus
1134 938 1201 977 IX.

274 1053 310 1091 1.
343 1053 564 1090 Animarum
596 1061 682 1097 spes
713 1051 918 1098 lapsarum,

401 1109 516 1154 Virgo
546 1112 679 1154 mater,
711 1107 836 1151 unica,

342 1164 508 1212 Gignens
541 1174 688 1210 regem,
722 1163 825 1200 cuius
855 1162 977 1210 legem

398 1221 533 1258 Mundi
565 1223 693 1258 servat
723 1218 882 1267 fabrica,

268 1336 306 1372 2,
342 1334 453 1370 Porta
485 1333 606 1379 ducis,
637 1332 701 1379 qui
729 1343 799 1379 per
828 1333 949 1370 crucis

397 1389 554 1427 Salvans
586 1400 653 1426 nos
684 1389 904 1436 mysterium

343 1447 405 1484 Ad
437 1450 651 1483 sanctorum
682 1445 902 1490 angelorum

399 1503 602 1539 Restaurat
633 1502 876 1545 consortium,

272 1617 313 1655 3.
344 1615 457 1652 Sume
486 1614 618 1651 laudes
649 1618 761 1661 atque
791 1618 930 1663 grates,

398 1672 496 1716 Quas
529 1671 685 1708 devotus
718 1671 887 1720 concino,

341 1727 512 1774 Namque
544 1727 621 1764 scio
652 1727 707 1763 sic
737 1738 796 1764 me
826 1727 889 1774 pio

398 1783 631 1821 Placiturum
661 1783 835 1822 Domino.

269 1898 308 1935 4.
341 1897 370 1935 O
402 1896 528 1944 beata,
558 1895 772 1945 benedicta,

398 1952 572 1992 Gloriosa
604 1952 767 1999 domina,

340 2010 442 2056 Quae
474 2008 601 2046 divina
633 2009 821 2047 medicina

397 2065 533 2102 Mundi
561 2076 701 2112 purgas
733 2065 903 2102 crimina.

269 2180 307 2219 5.
342 2177 451 2215 Felix
483 2182 615 2225 mater,
648 2178 752 2215 cuius
784 2181 916 2215 venter

397 2234 507 2272 Omni
537 2245 670 2271 carens
702 2234 849 2271 macula

341 2292 481 2339 Regem
512 2290 607 2328 texit
637 2296 749 2338 atque
780 2291 896 2339 vexit,

394 2348 463 2394 Qui
495 2347 680 2394 gubernat
711 2347 874 2385 saecula.

274 2462 314 2499 6.
345 2461 462 2506 Quam
495 2464 657 2506 sacrata,
690 2470 800 2506 quam
831 2458 944 2497 beata

396 2516 533 2553 Manus
565 2520 677 2562 atque
709 2515 875 2562 brachia,

339 2573 441 2619 Quae
450 2577 646 2619 paverunt,
659 2582 754 2619 quae
763 2576 971 2619 gesserunt,

403 2630 476 2666 Per
506 2639 613 2676 quem
646 2628 773 2676 vigent
804 2629 942 2668 omnia.

273 2743 308 2779 7.
343 2742 464 2788 Culpa
495 2742 599 2778 Evae
631 2741 869 2788 corruptelae

396 2797 504 2834 Fecit
535 2808 602 2835 nos
633 2797 826 2847 obnoxios,

340 2854 396 2890 Tu
429 2854 597 2900 captivos
629 2854 828 2901 adoptivos

398 2911 511 2947 Facis
543 2911 613 2947 Dei
645 2910 754 2948 filios.

1090 1051 1128 1090 8.

1064 1614 1128 1653 10.

1062 1896 1127 1935 11.

1062 2177 1127 2216 12.

1062 2459 1126 2498 13.

1063 2742 1125 2779 14.

1160 1050 1276 1097 Virgo
1306 1050 1419 1100 mitis,
1452 1050 1638 1098 imperitis

1216 1106 1359 1142 Lumen
1392 1107 1439 1144 da
1471 1108 1650 1145 scientiae

1158 1163 1209 1200 Et
1240 1161 1405 1199 adflictis
1435 1174 1505 1210 pro
1538 1164 1687 1202 delictis

1218 1220 1336 1257 Posce
1364 1230 1497 1256 munus
1529 1221 1673 1262 veniae.

1163 1333 1265 1378 Quae
1297 1342 1335 1368 es
1367 1331 1448 1369 sola
1478 1332 1590 1379 plena
1620 1333 1753 1371 schola

1218 1388 1409 1425 Virtutum
1442 1388 1674 1437 caelestium,

1161 1446 1314 1482 Intuere
1345 1448 1383 1480 et
1413 1444 1565 1482 medere

1216 1500 1363 1537 Morbis
1394 1505 1432 1537 te
1463 1502 1711 1547 poscentium.

1162 1613 1252 1659 Quis
1282 1624 1451 1657 narrare,
1484 1614 1566 1660 quis
1597 1624 1758 1662 pensare

1216 1670 1297 1707 Tua
1324 1670 1444 1716 possit
1472 1670 1620 1718 merita,

1159 1727 1234 1764 Per
1263 1737 1373 1773 quam
1405 1727 1523 1773 gratis
1555 1727 1755 1774 captivatis

1215 1783 1284 1820 Est
1317 1783 1474 1820 libertas
1505 1783 1669 1822 reddita.

1162 1895 1244 1933 Non
1279 1899 1335 1932 est
1366 1906 1496 1932 sensus
1528 1896 1583 1932 sic
1613 1901 1791 1933 extensus

1216 1953 1267 1991 Ut
1299 1956 1353 1988 tot
1384 1952 1517 1990 laudes
1545 1952 1720 2001 disserat,

1158 2007 1237 2045 Nec
1261 2008 1463 2045 humanum
1480 2019 1521 2045 os
1543 2013 1619 2046 tam
1641 2019 1790 2055 sanum,
1843 2025 1846 2027 ·

1217 2064 1266 2102 L't
1299 2069 1353 2101 tot
1387 2075 1498 2102 voces
1531 2064 1714 2112 proferat.

1159 2176 1313 2214 Nullum
1326 2187 1500 2225 naevum,
1517 2177 1611 2214 nihil
1624 2187 1787 2227 saevum,

1216 2233 1292 2279 Nil,
1316 2234 1416 2280 quod
1441 2233 1581 2280 laedat,
1607 2233 1791 2282 contines,

1158 2290 1251 2327 Tam
1285 2289 1420 2327 decore
1452 2300 1562 2336 quam
1594 2290 1734 2327 honore

1216 2346 1412 2384 Universis
1443 2346 1669 2393 praemines.

1159 2459 1295 2497 Omnes
1327 2462 1435 2496 orent
1466 2463 1502 2495 et
1534 2458 1717 2496 honorent

1214 2515 1332 2552 Tuam
1365 2515 1641 2561 excellentiam⁷

1157 2571 1335 2618 Quamvis
1361 2571 1457 2608 bene
1488 2571 1612 2608 nullus
1634 2571 1745 2618 plene

1214 2628 1332 2665 Tuam
1364 2633 1492 2665 narret
1525 2628 1698 2674 gloriam.

1156 2740 1261 2777 Licet
1295 2739 1406 2787 digne
1437 2744 1514 2777 tam
1546 2740 1691 2787 insigne

1216 2796 1352 2833 Nullus
1382 2796 1511 2834 laudet
1543 2796 1729 2843 meritum,

1158 2853 1335 2900 Magnum
1381 2856 1504 2890 tamen
1532 2857 1586 2890 est
1617 2852 1790 2891 iuvamen

1214 2909 1297 2946 Hoc
1328 2907 1439 2946 fateri
1471 2908 1651 2946 debitum.
