2031 3289
887 196 1196 237 —588—

537 312 573 350 7.
619 311 686 361 Te,
719 311 819 348 trina
848 310 969 348 deitas
999 319 1159 357 unaque,
1191 308 1396 357 poscimus,

618 367 681 406 Sic
711 371 752 404 tu
782 377 850 404 nos
881 366 1007 412 visita,
1040 366 1138 403 sicut
1167 369 1206 402 te
1238 365 1408 414 colimus,

619 424 694 461 Per
724 428 807 461 tuas
838 422 990 460 semitas
1023 422 1096 459 duc
1125 432 1206 473 nos,
1238 432 1311 469 quo
1341 421 1546 470 tendimus,

794 479 858 516 Ad
887 479 1023 530 lucem,
1055 489 1167 525 quam
1196 477 1404 517 inhabitas,

352 604 481 644 Hymn.
519 614 582 635 ms.
620 603 654 635 S.
691 602 824 633 Mariae
861 600 1014 642 Magdal.
1053 600 1428 643 Claustroneoburgen.
1465 610 1555 633 saec.
1593 598 1680 634 ¹3l14.
1740 601 1825 634 Cod.

263 648 528 681 Claustroneob.
558 645 654 679 1001.
678 647 718 678 A.
740 663 784 668 —
801 647 900 678 Brev.
927 656 989 677 ms.
1020 645 1228 677 Secoviense
1257 655 1346 677 saec.
1375 644 1425 677 14.
1451 647 1498 677 in.
1548 646 1631 678 Ood.
1656 647 1825 679 Graeeen.

261 691 338 726 789.
372 694 410 725 B.
445 711 488 715 ——
519 693 661 734 Antiph.
693 702 753 723 ms.
780 691 813 723 S.
839 691 981 733 Georgii
1006 691 1152 733 Pragen.
1180 700 1267 722 saec.
1296 688 1347 721 14.
1374 692 1420 722 in.
1477 691 1560 723 Cod.
1586 692 1732 734 Pragen.
1758 693 1826 724 VH

260 737 292 771 H
328 738 356 770 1.
388 739 424 770 C.
460 756 499 760 —-
535 738 630 769 Orat.
657 747 720 768 ms.
749 737 782 769 S.
808 737 950 777 Georgii
976 737 1122 777 Pragen.
1149 745 1237 767 saec·
1266 733 1316 767 14.
1342 737 1388 767 in.
1444 735 1525 767 Cod.
1551 737 1697 778 Pragen.
1722 738 1772 769 VI
1796 737 1829 770 G

263 781 303 815 16
337 794 366 815 0.
402 784 445 815 D.
480 800 525 805 —
559 782 703 814 Collect.
729 792 790 813 ms.
816 782 1014 823 Aspacense
1039 791 1129 812 saec.
1157 779 1209 812 14.
1235 783 1280 812 iu.
1339 781 1424 813 Clm.
1450 782 1631 814 Monacen.
1657 780 1757 815 3215.
1783 783 1825 814 E.

262 846 303 851 —-
336 829 460 860 Matut.
496 838 559 860 ms.
584 827 822 859 Admuntense
857 827 939 857 anni
973 824 1069 858 1080.
1127 826 1210 858 Cod.
1237 826 1447 858 Admunten.
1476 824 1527 857 18.
1555 826 1631 858 add.
1657 837 1746 860 saec.
1774 825 1826 859 14.

262 874 299 905 F.
333 892 377 897 —
412 875 512 905 Brev.
547 883 610 905 ms.
640 873 815 914 Pragense
849 881 940 903 saec.
968 869 1019 902 14.
1077 871 1160 903 Cod.
1184 872 1274 903 Mus.
1300 871 1441 903 Bohem.
1467 872 1549 903 XIV
1573 872 1604 903 E
1633 870 1684 904 13.
1709 873 1750 905 G.
1790 890 1826 894 -

263 919 357 950 Viat.
391 929 453 950 ms.
489 918 656 950 Iohannis
690 918 890 949 Noviforen.
917 926 1006 948 saec,
1035 913 1085 947 14.
1144 916 1226 948 Cod.
1252 918 1342 948 Mus.
1368 917 1509 948 Bohem.
1534 917 1622 948 XIII
1646 917 1676 948 A
1703 915 1827 950 12.‘H.

267 981 303 984 ——
343 962 444 996 Brev.
474 974 536 995 ms.
563 962 966 1003 Claustroneoburgense
991 972 1079 993 saec.
1108 958 1159 992 14.
1215 962 1299 994 Cod.
1326 962 1702 1004 Claustroneoburgen.
1730 961 1826 995 1199.

258 1009 286 1040 I.
314 1026 356 1030 —
382 1010 482 1041 Brev.
508 1019 570 1040 ms.
597 1007 834 1047 Chimense(?)
859 1017 947 1038 saec.
977 1005 1028 1039 14.
1078 1006 1161 1038 Cod.
1185 1007 1428 1038 Vindobonen.
1456 1004 1554 1039 1893.
1580 1008 1622 1039 K.
1647 1026 1693 1030 -—
1723 1009 1825 1040 Brev.

259 1064 320 1085 ms.
355 1054 558 1086 Florianum
593 1063 682 1085 saec.
721 1051 772 1084 14.
810 1050 860 1093 [et
891 1049 958 1093 13]
1014 1052 1096 1083 Cod.
1129 1052 1283 1083 Florian.
1308 1052 1357 1084 XI
1384 1049 1460 1084 384.
1485 1053 1526 1083 L.
1563 1071 1606 1075 —
1638 1053 1737 1084 Brev.
1763 1063 1827 1086 ms.

260 1099 490 1132 cisterciense
522 1108 611 1130 saec.
648 1096 700 1129 14.
763 1098 845 1130 Cod.
879 1098 1032 1129 Florian.
1066 1097 1117 1128 XI
1149 1094 1225 1129 399.
1258 1098 1306 1128 M.
1343 1115 1389 1118 —
1424 1099 1525 1129 Brev.
1558 1108 1619 1129 mS.
1650 1098 1828 1140 Pragense

260 1154 352 1176 saee.
384 1142 433 1176 14.
460 1141 510 1187 [et
537 1141 604 1185 15.]
645 1143 729 1175 Cod.
756 1143 905 1185 Pragen.
931 1143 981 1174 VI
1005 1143 1032 1174 F
1060 1140 1100 1173 12
1125 1152 1154 1173 a.
1180 1143 1222 1174 N.
1240 1143 1407 1174 —Psalt.
1434 1147 1469 1174 et
1485 1142 1601 1183 hymn.
1620 1153 1682 1174 ms.
1699 1144 1828 1176 Portae

260 1189 294 1221 S.
327 1190 462 1221 Mariae
495 1191 531 1220 in
561 1189 706 1230 Axpaoh
742 1198 833 1219 saec.
861 1185 912 1219 14.
969 1187 1051 1219 Cod.
1082 1187 1323 1219 Vindobonen.
1354 1185 1448 1219 1877.
1474 1187 1513 1219 O.
1547 1205 1590 1209 —
1623 1188 1765 1230 Antiph.
1790 1191 1824 1221 et

259 1234 378 1276 hymn.
405 1245 467 1266 ms.
494 1235 680 1266 Suecicum
706 1243 796 1264 saec.
824 1231 874 1264 14.
901 1230 950 1274 [et
977 1230 1043 1274 15.]
1102 1232 1184 1263 Cod.
1212 1233 1379 1273 Upsalen.
1405 1234 1431 1266 C
1455 1230 1532 1264 422.
1559 1235 1596 1266 P.
1630 1251 1674 1254 —
1697 1234 1822 1266 Diurn.

259 1290 322 1311 ms.
357 1280 391 1312 S.
424 1281 517 1312 Petri
552 1279 794 1320 Salisburgen.
824 1276 996 1317 (Monial)
1028 1287 1117 1309 saec.
1153 1275 1203 1309 14.
1260 1278 1342 1310 Cod.
1375 1279 1505 1310 Petrin.
1540 1289 1561 1310 a
1592 1279 1641 1310 IV
1670 1277 1720 1310 11.
1746 1279 1824 1311 add.

261 1335 349 1356 saec.
378 1322 465 1357 ΗΑΓ).
491 1325 532 1364 Q.
552 1342 597 1346 —-
614 1326 716 1356 Brev.v
744 1334 807 1355 ms.
833 1324 867 1355 S.
893 1323 1092 1354 Dorotheae
1116 1323 1360 1355 Vindobonen.
1387 1334 1474 1356 saec.
1499 1322 1550 1356 13.
1591 1323 1673 1355 Cod.
1695 1324 1824 1356 Vindo-

259 1370 385 1402 bonen.
421 1368 516 1402 1717.
553 1369 630 1401 add.
665 1379 755 1401 saec.
786 1367 836 1400 15.
863 1369 904 1400 R.
938 1386 979 1390 ——-
1013 1369 1137 1400 Diurn.
1164 1372 1197 1400 et
1221 1368 1336 1408 hymn.
1361 1380 1424 1400 ms.
1448 1369 1663 1412 Benedictin.
1690 1369 1823 1401 Suecic.

259 1425 349 1446 saec.
377 1413 427 1447 15.
478 1415 559 1447 Cod.
589 1414 757 1456 Upsalen.
786 1413 812 1445 O
836 1411 913 1445 422.
940 1414 974 1445 S.
1000 1430 1043 1435 —
1064 1415 1162 1445 Brev.
1189 1425 1251 1445 ms.
1277 1414 1499 1447 Trebonense
1529 1425 1619 1446 saec.
1647 1413 1697 1446 15.
1739 1414 1823 1447 Cod.

258 1460 405 1502 Pragen.
431 1461 480 1492 VI
506 1461 533 1491 F
559 1458 600 1491 12
625 1460 656 1491 b.
682 1461 721 1491 T.
742 1476 787 1481 —
804 1460 905 1490 Brev.
932 1469 994 1489 ms.
1021 1460 1191 1490 Hanussii
1217 1459 1259 1490 de
1282 1459 1464 1491 Kolowrat
1487 1461 1570 1492 anni
1598 1457 1695 1491 1470.
1737 1459 1822 1493 Cod.

260 1506 373 1547 Capit.
410 1506 558 1547 Pragen.
594 1505 622 1536 P
659 1503 709 1536 11.
742 1505 786 1537 U.
822 1521 866 1525 —
902 1504 1030 1544 Hymn.
1064 1515 1126 1536 ms.
1163 1504 1433 1536 Sanblasianum
1465 1507 1546 1537 anni
1583 1503 1677 1537 1504.
1738 1504 1820 1536 Cod.

260 1551 408 1582 Paulan.
435 1548 488 1582 25.
518 1549 545 1581 1.
571 1548 624 1581 34.
650 1550 707 1590 (01.
734 1549 852 1581 Sanbl.
879 1549 1001 1580 memb.
1031 1547 1094 1586 12.)
1117 1550 1160 1580 V.

354 1595 389 1634 1,
424 1594 445 1626 4
470 1595 592 1627 Cordis
616 1605 719 1627 voces
744 1596 784 1627 B.
810 1614 852 1617 —-
879 1592 916 1633 2,
943 1592 963 1625 3
988 1595 1165 1636 legitimae
1189 1595 1229 1626 A.
1256 1613 1297 1617 —
1324 1593 1356 1633 2,
1380 1593 1402 1626 4
1426 1596 1527 1627 Pacis
1552 1595 1689 1627 indulta
1712 1596 1753 1627 A.
1782 1613 1822 1618 ·—

260 1639 300 1679 3,
331 1639 352 1672 2
385 1641 486 1672 dator
510 1641 557 1681 A;
590 1640 708 1672 datum
734 1641 779 1672 H.
807 1657 846 1661 —-
873 1638 912 1678 3,
945 1637 966 1670 3
995 1641 1050 1671 Fit
1083 1643 1190 1671 totum
1216 1641 1261 1671 H.
1290 1657 1334 1661 —
1360 1639 1426 1672 Str.
1452 1639 1472 1673 3
1504 1641 1574 1672 und
1598 1639 1620 1671 4
1644 1641 1759 1673 fehlen
1783 1641 1822 1672 Β.

260 1685 299 1724 4,
333 1684 354 1717 2
379 1687 484 1718 saluti
510 1686 672 1727 poculum
697 1686 739 1717 E.
764 1703 807 1707 ——
832 1683 873 1724 4,
897 1683 918 1716 3
945 1685 1036 1726 quod
1060 1684 1167 1716 dardo
1192 1686 1294 1717 vobis
1319 1685 1500 1717 vasculum
1529 1686 1569 1717 A.
1595 1703 1637 1707 —
1664 1684 1694 1723 7,
1720 1684 1740 1717 2
1766 1686 1825 1718 Sic

216 1761 221 1764 .
261 1742 395 1773 nosque
429 1732 553 1762 visitas
586 1731 667 1770 BE3
705 1731 763 1763 Sic
794 1734 832 1762 tu
864 1741 928 1762 nos
960 1731 1083 1762 visites
1116 1730 1168 1771 H3
1203 1729 1300 1762 Sicut
1330 1741 1393 1762 nos
1426 1732 1551 1763 visitas
1584 1732 1620 1762 F.
1653 1748 1696 1753 —
1730 1730 1768 1770 7,
1803 1729 1827 1763 4

262 1777 478 1819 Suppliciter
504 1780 537 1808 ‘te
562 1777 712 1818 petimus
735 1775 806 1807 AB.

572 1966 653 2003 388.
689 1966 748 2011 (4.)
782 1967 829 2002 In
853 1966 1095 2003 Festivitate
1123 1965 1316 2010 Corporis
1343 1965 1511 2003 Christi.

925 2037 979 2069 Ad
1003 2037 1153 2069 Laudes.

263 2153 301 2191 1.
350 2151 520 2190 Verbum
551 2161 756 2200 supernum
787 2151 967 2199 prodiens
1082 2155 1119 2190 4.
1167 2152 1215 2189 Se
1245 2162 1403 2190 nascens
1435 2151 1541 2190 dedit
1571 2151 1725 2197 socium,

347 2208 428 2246 Nec
458 2209 581 2255 patris
603 2209 777 2255 linquens
800 2208 1009 2256 dexteram,
1167 2210 1403 2248 Convescens
1434 2208 1473 2245 in
1504 2208 1682 2258 edulium,

347 2265 409 2304 Ad
441 2276 535 2312 opus
566 2275 674 2302 suum
705 2265 833 2302 exiens
1168 2265 1216 2302 Se
1246 2265 1409 2302 moriens
1440 2265 1477 2301 in
1510 2265 1688 2313 pretium,

345 2322 459 2360 Venit
489 2321 541 2359 ad
573 2322 674 2359 vitae
705 2331 916 2368 vesperam.
1167 2321 1215 2359 Se
1246 2332 1407 2369 regnans
1440 2321 1505 2358 dat
1534 2320 1572 2357 in
1600 2320 1823 2368 praemium.

262 2447 299 2484 2.
346 2447 390 2483 In
421 2449 579 2483 mortem
615 2457 637 2482 a
669 2445 856 2492 discipulo
1083 2449 1119 2485 5.
1167 2446 1197 2484 Ο
1229 2446 1407 2484 salutaris
1437 2446 1574 2493 hostia,

347 2501 431 2540 Suis
463 2502 679 2540 tradendus
710 2501 868 2539 aemulis
1161 2503 1264 2548 Quae
1295 2503 1390 2540 caeli
1420 2502 1557 2550 pandis
1588 2502 1738 2548 ostium,

347 2558 457 2597 Prius
488 2558 530 2595 in
561 2558 661 2596 vitae
692 2556 839 2596 ferculo
1163 2559 1273 2596 Bella
1303 2563 1478 2606 premunt
1509 2559 1675 2607 hostilia,

350 2615 397 2653 Se
427 2614 589 2653 tradidit
621 2614 831 2662 discipulis,
1164 2615 1224 2653 Da
1251 2615 1378 2662 robur,
1412 2613 1470 2652 fer
1499 2615 1695 2654 auxilium.

261 2740 296 2777 3.
343 2737 486 2784 Quibus
519 2736 588 2775 sub
620 2737 710 2774 bina
740 2738 866 2784 specie
1079 2742 1115 2777 6.
1162 2739 1236 2778 Uni
1267 2739 1441 2786 trinoque
1471 2738 1634 2777 Domino

345 2794 506 2832 Carnem
541 2794 644 2832 dedit
677 2797 714 2831 et
741 2795 973 2844 sanguinem,
1163 2795 1221 2833 Sit
1251 2795 1483 2843 sempiterna
1512 2795 1644 2844 gloria,

346 2849 395 2888 Ut
429 2850 591 2896 duplicis
622 2850 857 2888 substantiae
1163 2852 1233 2898 Qui
1265 2852 1380 2889 vitam
1411 2852 1492 2889 sine
1523 2852 1686 2889 termino

345 2906 480 2943 Totum
513 2907 658 2944 cibaret
690 2907 890 2946 hominem.
1163 2908 1283 2947 Nobis
1315 2908 1430 2946 donet
1459 2908 1498 2945 in
1529 2908 1667 2956 patria.
