1914 3223
738 188 785 191 —-
850 165 929 205 477
991 187 1026 192 -

537 276 591 309 42.
629 278 741 309 Mater
768 278 842 314 Dei,
869 267 1009 309 nostrae
1035 279 1106 317 spei

675 322 788 354 Causa
814 326 847 353 et
872 323 1064 364 exordium,

626 368 735 399 Posce
761 371 879 399 uatum
907 371 945 399 ut
970 373 1124 409 optatum

676 413 785 444 Nobis
811 413 868 444 det
894 413 1094 445 remedium.

547 496 600 530 43.
640 500 715 538 Quo
742 499 854 529 sonati
882 499 1031 530 sauciati

675 544 758 575 Sine
785 543 885 574 sorde
912 543 1092 575 vulnerum

628 589 893 620 Transfer-amur
919 591 953 620 et
977 589 1144 621 ducamur

676 635 716 665 In
742 637 939 665 sanctorum
966 644 1157 667 numerum.

203 716 356 747 Hier-auf
375 715 472 748 V111.
498 712 552 753 42,
577 712 639 747 4:32
671 714 732 751 lx,
759 712 798 754 43
825 714 922 751 VIII,
947 713 1009 752 453
1039 714 1098 752 IX,
1127 712 1169 746 28
1191 713 1278 754 *313
1305 715 1454 747 sodann:
1489 716 1590 756 Quod
1616 727 1677 759 op-

110 765 224 793 tamus
250 771 351 793 usw.:
378 760 517 792 endlich
542 761 602 799 Vl,
628 757 771 792 21—30.

200 807 310 838 Pars
342 806 371 837 X
400 805 536 838 besteht
561 816 623 838 aus
648 806 689 844 V,
719 804 822 841 1—4;
857 805 916 843 VI,
942 803 1050 844 4—s‘.;
1087 805 1126 843 V,
1153 803 1282 845 5-38;
1317 807 1378 845 lx,
1407 804 1510 846 1—3;
1546 804 1675 849 8—183

110 852 152 890 V,
179 849 331 884 39—41:
359 851 452 889 XIV,
477 848 623 883 22—30.

778 938 897 974 Pars
939 936 1009 975 XI.

139 1023 166 1057 1.
204 1026 233 1057 Ο
258 1030 456 1057 sanctarum
483 1025 689 1057 feminarum

248 1072 381 1103 Lumen
405 1071 548 1107 clarum,
574 1071 711 1109 femina,

201 1116 368 1158 Princeps
395 1117 478 1157 poli,
504 1117 621 1154 maris,
647 1116 723 1155 soli,

249 1162 366 1202 Digna
392 1162 479 1194 caeli
505 1161 656 1193 domina.

134 1243 166 1278 2.
203 1246 396 1279 Iucundare
422 1250 457 1278 et
481 1247 621 1283 laetare,

250 1292 385 1331 Habes,¹
406 1302 514 1334 quare
539 1291 702 1333 gaudeas,

202 1337 313 1369 Plane
337 1339 440 1378 geris,
467 1348 534 1379 quo
561 1338 701 1370 laeteris

249 1382 349 1415 Unde
374 1383 457 1415 felix
482 1382 626 1425 polleas.

136 1465 167 1499 3.
204 1467 390 1506 Enutristi,
417 1468 602 1509 portavisti

250 1514 406 1545 Membra
433 1513 563 1544 Christi
589 1514 698 1554 pueri,

203 1558 378 1596 Adorasti,
404 1568 506 1600 quem
532 1556 671 1590 lactasti

249 1604 411 1635 Fructum
436 1604 525 1635 casti
550 1605 651 1635 uteri.

139 1681 170 1715 4.
208 1681 299 1714 Puer
323 1684 457 1723 erescit,
484 1683 622 1725 culpam
647 1684 768 1721 nescit,

252 1729 319 1768 Qui
343 1728 436 1771 quod
462 1729 554 1767 feeit,
578 1729 689 1760 factus
715 1732 777 1767 est,

206 1773 304 1805 Felix
327 1778 447 1812 mater,
473 1778 553 1805 tuus
580 1778 677 1815 pater

251 1820 331 1862 Ipse
357 1830 442 1861 puer
467 1823 546 1851 tuus
572 1823 634 1851 est.

140 1897 170 1931 5.
209 1900 326 1931 Servit
351 1899 416 1931 tibi
443 1903 477 1931 et
502 1903 539 1931 tu
565 1899 632 1931 sibi

253 1945 380 1977 Forma
405 1945 497 1976 servi
523 1944 693 1983 subditur,

208 1990 262 2022 Tu
287 1990 448 2029 ancillae,
473 1991 566 2022 servi
591 1990 652 2021 ille

254 2036 345 2068 Puer
369 2037 447 2068 vice
472 2036 637 2077 fungitur.

142 2113 172 2147 6.
210 2115 259 2147 Te
283 2114 445 2146 hortante
471 2118 506 2146 et
528 2116 664 2146 astante

255 2161 357 2192 Votis
383 2163 503 2192 sancte
528 2161 625 2201 operi

210 2206 365 2237 Primum
392 2207 530 2247 signum
555 2205 654 2237 duxit
678 2205 821 2247 dignum

256 2251 392 2294 Aquam
418 2252 538 2283 vinum
562 2250 648 2282 fieri.

142 2327 173 2362 7.
212 2330 415 2362 Honoratae
439 2339 479 2361 ae
504 2332 660 2361 sacratae

260 2376 349 2408 Sunt
373 2378 406 2411 et
432 2385 452 2407 a
477 2378 510 2407 te
536 2376 689 2417 nuptiae,

214 2420 360 2460 Quando
387 2421 507 2452 vinum
532 2420 575 2452 ad
600 2420 758 2452 divinum

258 2466 388 2498 Nutum
415 2466 563 2497 fundunt
587 2465 743 2506 hydriae.

147 2544 176 2581 8.
215 2546 325 2585 Quam
351 2545 492 2583 flevisti,
517 2554 593 2575 cum
618 2543 739 2575 vidisti

261 2592 395 2632 Corpus
421 2589 553 2622 Christi
578 2590 732 2626 Domini,

214 2637 282 2669 Per
304 2633 457 2667 Pilatum
482 2635 706 2676 flagellatum,

263 2681 375 2713 Saevo
401 2680 520 2712 datum
545 2681 688 2722 agmini.

148 2758 180 2793 9.
216 2761 265 2792 Es
290 2761 476 2792 maerentis
502 2769 542 2791 ac
566 2760 715 2791 dolentis

263 2806 373 2837 Passa
399 2806 523 2836 mentis
548 2805 701 2847 gladium

220 2851 291 2884 Sub
317 2852 458 2887 tortore.
484 2851 547 2883 sub
573 2860 701 2892 angore

265 2897 417 2928 Cernens
443 2896 515 2927 fore
540 2895 660 2927 filiurn.

935 1022 985 1056 10.

933 1244 985 1278 11.

934 1464 984 1498 12.

935 1680 987 1715 13.

940 1897 991 1932 14.

941 2111 993 2146 15.

943 2326 992 2360 16.

943 2541 994 2574 17.

1024 1026 1143 1067 Spinis
1170 1026 1312 1064 laesum,
1339 1028 1456 1068 flagris
1482 1038 1620 1060 caesum

1069 1072 1191 1102 Cernis
1217 1072 1330 1103 Iesum
1359 1073 1558 1112 Dominum,

1021 1116 1131 1148 Tuam
1158 1117 1288 1158 prolem
1315 1117 1434 1149 mundi
1460 1119 1580 1158 solem,

1068 1162 1334 1204 Redemptoreni
1359 1163 1547 1195 hominum.

1022 1248 1098 1279 Rex
1123 1248 1263 1278 virtutis
1291 1258 1327 1280 se
1353 1250 1464 1279 acutis

1069 1292 1197 1332 Clavis,
1224 1295 1346 1334 sputis,
1374 1294 1486 1335 alapis

1022 1337 1069 1369 Et
1093 1337 1203 1369 illatis
1230 1338 1329 1370 offert
1352 1341 1461 1380 gratis

1067 1383 1210 1421 Palmis,
1236 1384 1365 1426 flagris,
1391 1384 1558 1425 colaphis.

1023 1468 1097 1499 Rex
1121 1468 1318 1507 damnatus,
1344 1469 1537 1510 perforatus

1069 1513 1134 1544 Est
1159 1524 1220 1555 per
1245 1513 1337 1545 latus
1364 1515 1494 1553 lancea,

1022 1559 1176 1591 Duriora
1202 1569 1325 1600 passus
1352 1559 1427 1591 lora

1070 1604 1156 1636 Cum
1182 1614 1312 1636 corona
1338 1606 1470 1647 spinea.

1024 1684 1097 1715 Rex
1123 1684 1253 1722 suavis,
1280 1694 1300 1715 o
1325 1694 1394 1716 vox
1418 1686 1555 1726 gravis!

1069 1729 1182 1771 Ligno
1208 1729 1319 1760 clavis
1344 1730 1506 1768 tenditur,

1025 1775 1099 1806 Rex
1124 1776 1313 1806 immensus
1339 1779 1392 1806 est
1417 1786 1605 1818 suspensus

1070 1819 1192 1858 Cruce,
1216 1818 1336 1852 ten'sus
1361 1820 1488 1863 figitur.

1028 1900 1058 1932 O
1084 1909 1187 1940 quam
1213 1899 1306 1932 laeta
1331 1910 1367 1932 es
1393 1900 1523 1938 effecta,

1077 1945 1153 1984 Quo
1180 1945 1325 1987 impleta
1349 1945 1487 1988 gaudio,

1029 1991 1115 2023 Cum
1140 1991 1292 2022 Messiae
1318 1991 1377 2022 lux
1401 1992 1534 2023 Mariae

1074 2033 1189 2067 Fulsit
1216 2035 1271 2067 die
1297 2037 1418 2068 tertio!

1031 2113 1117 2146 Cum
1142 2114 1242 2146 finita
1267 2118 1301 2146 et
1325 2116 1473 2147 contrita

1075 2160 1188 2192 Morte
1212 2161 1287 2191 vita
1311 2161 1448 2199 claruit,

1031 2204 1117 2236 Cum
1142 2206 1310 2244 tonantis,
1335 2205 1580 2247 triumphantis
1639 2211 1642 2214 ’

1075 2250 1202 2282 Vultus
1228 2254 1370 2282 sanctus
1397 2251 1522 2292 paruit.

1031 2329 1117 2361 Cum
1144 2339 1203 2360 rex
1228 2329 1343 2361 David
1369 2329 1502 2361 hostem
1527 2332 1664 2370 stravit,

1077 2375 1251 2416 Spoliavit
1276 2375 1416 2412 inferos,

1030 2420 1102 2452 Nos
1129 2420 1257 2458 refecit,
1284 2420 1376 2451 hunc
1400 2420 1536 2459 deiecit,

1077 2464 1203 2497 Servos
1229 2466 1310 2497 feeit
1334 2466 1474 2497 liberos.

1032 2545 1118 2576 Cum
1145 2544 1330 2584 absorptis,
1357 2543 1483 2574 vinclis
1512 2545 1633 2576 mortis

1078 2589 1190 2620 Fortis
1216 2589 1338 2620 fortem
1364 2588 1523 2630 perdidit,

1032 2634 1100 2673 Qui
1126 2634 1238 2665 leonis
1266 2640 1298 2665 et
1323 2633 1483 2665 draconis

1078 2680 1189 2720 Caput
1214 2679 1315 2711 nobis
1342 2678 1506 2710 subdidit.

972 2759 996 2790 J.
1034 2759 1198 2790 Laetiora
1224 2759 1296 2790 suis
1323 2768 1383 2790 ora

1082 2804 1164 2835 Sine
1191 2814 1286 2835 mora
1312 2804 1471 2842 referens,

1036 2849 1148 2880 Luc-tu
1176 2849 1297 2890 plenae
1323 2849 1551 2891 Magdalenae

1082 2896 1125 2925 Se
1151 2895 1284 2927 Mariae
1310 2894 1465 2927 offerens.
