2031 3289
0 3015 10 3124 -1-2—
3 2975 11 3004 a.
3 2945 9 2961 -
0 2818 19 2918 «qus—e
0 2736 9 2797 ⁷-u-
3 2707 10 2722 a

362 1593 430 1632 10.

364 1853 429 1891 11.

363 2113 428 2152 12.

366 2373 431 2411 13.

972 167 1277 209 „485—

419 312 428 321 .
460 283 598 319 Verme
627 282 764 319 mentis
795 281 1023 330 corroditur,

460 339 605 385 Culpae
635 337 818 375 foetorem
851 337 1007 385 patitur,

458 395 588 433 Luxus
619 394 755 432 affectu
784 394 920 439 uritur,

459 452 586 489 Metus
617 450 759 497 frigore
790 450 1000 498 stringitur.

461 553 533 590 Tot
563 551 743 589 formidat
773 551 973 598 supplicia,

461 610 557 655 Quot
588 608 824 655 perpetravit
854 608 1011 653 scelera,

460 666 559 702 Hinc
588 665 839 701 instrumenta
870 665 975 701 varia

463 721 545 759 Sibi
575 724 707 758 assunt
737 720 927 767 poenalia.

420 842 429 851 .
463 812 618 850 Iamiam
650 811 843 858 gehennae
873 810 1051 859 traditus,

460 869 514 907 Ut
543 866 798 905 inflammatur
827 867 989 914 ignibus,

463 925 525 962 Sic
557 925 691 971 culpae
721 923 852 961 vivens
883 924 1029 960 animus

465 981 664 1019 Cruciatur
693 979 906 1018 timoribus.

462 1073 589 1110 Poena
621 1070 693 1107 sibi
724 1071 948 1117 gravissima

460 1128 533 1165 Est
563 1125 676 1164 foeda
705 1127 949 1174 conscientia,

461 1184 560 1221 Nam
590 1188 779 1221 tormenta
810 1189 979 1220 tartarea

461 1241 541 1278 Scit
572 1251 640 1278 sua
672 1238 752 1277 fore
784 1240 967 1287 praemia.

420 1363 427 1370 .
461 1331 567 1368 Haec
597 1330 680 1377 quis
711 1341 872 1377 unquam
902 1329 1095 1380 evaderet,

461 1388 512 1425 Ni
543 1387 645 1424 Deus
676 1387 787 1424 homo
818 1386 927 1423 fieret

462 1444 738 1490 Hominemque
769 1443 974 1480 redimeret

461 1502 520 1538 Ac
551 1501 598 1538 de
630 1501 750 1547 culpis
782 1498 988 1537 educeret?

462 1592 600 1630 Omnes
632 1591 743 1637 culpa
774 1591 1019 1637 concipimur,

462 1648 690 1686 Enutrimur
720 1658 764 1684 ac
794 1647 1007 1696 nascimur,

457 1704 597 1742 Mundi
629 1704 675 1741 ab
707 1704 778 1740 hac
809 1704 1018 1753 educimur,

462 1762 501 1800 Si
533 1760 610 1798 fide
639 1761 721 1797 Deo
753 1761 953 1808 iungimur.

462 1852 529 1898 Te,
563 1850 772 1888 fabricator
802 1852 956 1898 saeculi,

460 1907 608 1946 Praebe
637 1912 877 1955 praesentem
908 1907 1063 1955 homiui,

461 1965 618 2002 Donans
651 1963 809 2002 formam
843 1964 1014 2014 remedii,

460 2023 541 2068 Quo
572 2021 821 2059 subtrahatur
853 2021 1011 2059 carceri.

461 2112 522 2149 Da
552 2111 673 2159 nobis,
707 2110 790 2148 fons
822 2111 1042 2160 munditiae,

461 2168 634 2205 Nitorem
668 2168 936 2216 conscientiae,

460 2225 513 2263 Ut
543 2225 582 2261 in
613 2235 657 2262 ea
688 2229 729 2261 tu
762 2224 893 2261 sedule

458 2281 638 2328 Digneris
669 2281 918 2327 requiescere.

462 2371 586 2410 Aufer
613 2371 788 2418 quodque
819 2371 1053 2408 obstaculum

462 2430 568 2466 Inter
598 2439 666 2465 nos
698 2433 735 2464 et
766 2433 802 2464 te
834 2428 1011 2474 medium,

461 2486 515 2524 Ut
547 2484 617 2521 tibi
650 2484 907 2522 habitaculum

463 2541 521 2579 Sit
548 2552 613 2578 cor
634 2546 804 2578 nostrum
825 2541 1095 2588 gratissimum.

1181 282 1247 321 14.

1178 552 1244 591 15.

1183 812 1246 850 16.

1183 1070 1249 1110 17.

1184 1329 1249 1370 18.

1183 1590 1249 1630 19.

1181 1851 1247 1890 20.

1186 2111 1252 2150 21.

1184 2373 1248 2411 22.

1279 281 1393 319 Priva
1423 291 1490 319 nos
1518 281 1744 329 ignorantia,
1815 320 1818 323 .

1277 337 1380 383 Quae
1409 338 1509 375 mala
1539 339 1650 375 docet
1678 339 1854 390 plurima,

1276 394 1460 441 Donaque
1490 405 1557 431 nos
1588 395 1748 432 scientia

1274 451 1432 497 Horum,
1465 460 1560 497 quae
1589 456 1677 488 sunt
1706 451 1826 490 utilia.

1278 551 1376 589 Cura
1406 552 1496 588 mali
1526 552 1771 600 pruriginem,

1276 608 1467 646 Peccandi
1501 608 1823 656 consuetudinem⁷

1276 664 1410 701 Reduc
1439 669 1541 701 tuam
1571 664 1770 712 imaginem

1279 721 1322 757 In
1353 720 1519 758 nativam
1549 721 1745 768 originem.

1278 809 1461 847 Transfer
1492 811 1571 848 irae
1604 811 1651 848 de
1681 810 1769 848 filiis

1279 867 1358 904 Nos
1388 867 1427 903 in
1458 865 1557 904 filios
1587 867 1753 913 luminis,

1280 923 1351 968 Qui
1380 923 1436 960 tui
1466 935 1592 960 sumus
1623 923 1796 970 nominis,

1279 979 1402 1017 Simus
1434 984 1471 1016 et
1501 980 1601 1017 vitae
1630 980 1828 1026 simplicis.

1280 1070 1515 1116 Exstirpatis
1548 1069 1759 1107 defectibus

1279 1128 1337 1164 Ac
1367 1125 1582 1163 reformatis
1614 1127 1757 1164 viribus

1280 1183 1390 1221 Mens
1423 1183 1560 1220 divinis
1591 1183 1795 1221 virtutibus

1280 1240 1498 1277 Renovetur
1528 1238 1746 1288 perfectius.

1282 1329 1370 1376 Spei
1403 1330 1513 1367 cedat
1544 1330 1741 1378 timiditas,

1281 1386 1428 1433 Regnet
1458 1390 1579 1423 mater
1608 1386 1814 1433 humilitas,

1282 1442 1434 1480 Summa
1465 1443 1657 1492 virtutum,
1693 1443 1831 1480 caritas

1280 1500 1339 1536 Ac
1369 1500 1498 1537 mundi
1530 1499 1656 1536 cordis
1686 1500 1845 1546 puritas,

1280 1590 1393 1627 Amet
1424 1595 1462 1626 te
1493 1589 1671 1639 filialiter,

1280 1646 1365 1684 Nou
1392 1647 1523 1684 timeat
1553 1646 1756 1693 serviliter,

1280 1705 1315 1740 A
1346 1714 1419 1750 quo
1450 1708 1525 1740 tam
1557 1703 1801 1750 singulariter

1278 1760 1389 1798 Mens
1422 1760 1562 1797 dilecta
1592 1761 1825 1806 perenniter.

1279 1851 1447 1897 Purgata
1476 1850 1612 1887 mentis
1643 1850 1723 1887 acie

1280 1908 1336 1945 Te
1368 1912 1497 1944 cernat
1528 1907 1589 1943 hic
1618 1907 1844 1956 aenigmate,

1280 1963 1411 2001 Donec
1442 1963 1579 2001 educta
1606 1974 1758 2001 carcere

1281 2021 1363 2058 Tua
1394 2018 1543 2057 fruatur
1573 2018 1682 2057 facie.

1285 2110 1501 2157 Quamlibet
1531 2111 1580 2147 sit
1610 2111 1798 2158 exiguum,

1283 2168 1362 2213 Quo
1392 2177 1540 2204 recreas
1571 2167 1632 2204 hic
1659 2168 1834 2217 animum,

1283 2224 1435 2261 Solatur
1465 2228 1589 2260 tamen
1622 2223 1774 2260 nimium

1283 2281 1498 2318 Praesentis
1530 2281 1628 2318 vitae
1659 2279 1838 2318 taedium.

1281 2372 1397 2417 Quem
1428 2371 1541 2408 modo
1574 2371 1682 2408 dotas
1713 2371 1871 2418 pignore

1281 2428 1384 2465 Tuae
1416 2426 1565 2464 futurae
1595 2428 1751 2474 gloriae,
1879 2424 1882 2427 ’

1281 2485 1366 2532 Eia,
1399 2484 1496 2521 educ
1525 2485 1744 2531 plenissime

1283 2541 1338 2578 De
1368 2541 1478 2578 huius
1509 2541 1635 2578 carnis
1669 2550 1831 2581 carcere.

725 2634 790 2672 23.
825 2632 883 2678 Ei,
917 2632 1013 2669 educ
1044 2632 1142 2669 hunc
1174 2631 1221 2669 de
1251 2631 1419 2669 tenebris

826 2689 948 2726 Huius
979 2687 1156 2725 foetentis
1188 2689 1365 2734 carceris,

826 2745 877 2784 Ut
906 2750 942 2781 te
972 2745 1010 2782 in
1045 2755 1159 2792 regno
1190 2745 1343 2782 luminis

825 2802 984 2849 Semper
1011 2801 1140 2838 laudet
1172 2812 1254 2838 cum
1287 2802 1443 2849 angelis

441 2891 523 2922 (lod.
546 2891 791 2923 Carolsrulnan.
810 2890 877 2923 36&
903 2892 965 2922 mit
981 2891 1080 2930 Mel.;
1106 2901 1160 2921 am
1187 2891 1323 2922 Rande:
1350 2891 1417 2922 Fit
1444 2895 1569 2932 porta
1588 2907 1628 2911 —
1651 2888 1700 2924 18.
1727 2887 1747 2921 2
1766 2890 1909 2931 Regnat.

2013 3076 2031 3141 is*

1941 3141 2031 3289 «l
