1914 3223
62 225 126 290 7'7.

61 673 132 711 78.

59 1098 124 1136 79.

57 1522 125 1563 80.

60 2004 129 2043 81.

63 2431 130 2469 82.

695 159 749 163 -
809 136 938 182 637,

172 250 268 294 Ave,
303 249 423 296 virgo,
457 249 563 287 verbi
595 260 744 299 parens,

171 307 272 344 Ante
304 310 458 352 partum
490 311 527 343 et
557 311 641 353 post
676 317 808 344 careus

232 362 482 408 Corruptelae
513 363 654 409 notula,

175 419 288 457 Cuius
319 418 451 456 laudes
483 419 605 456 minus
637 418 724 466 fide,

174 475 352 522 Quamvis
389 486 501 512 manu
531 479 633 513 tactu
663 476 806 523 Midae,

233 533 464 570 personaret
495 531 634 572 fistula.

178 675 274 719 Ave,
306 673 446 710 nostris
478 684 576 722 speS‚
608 673 744 723 Maria,

176 729 460 779 Languidorum
493 730 607 776 salus,
640 730 727 777 quia

233 786 375 824 Salutis
409 785 609 833 confectio,

173 843 254 889 Qua
285 843 456 890 languori
484 843 717 891 subvenitur,

174 899 246 936 Tui
277 899 422 936 ventris
453 899 646 936 invenitur

229 957 274 995 In
305 956 552 995 antidotario.

171 1099 267 1141 Ave.
301 1097 420 1147 virgo,
456 1108 543 1134 casa
575 1097 650 1143 dia,

171 1155 274 1200 Quae
306 1154 469 1191 dolentis
501 1165 540 1190 es
571 1154 722 1200 Thalia,

230 1208 416 1257 Pauperis
447 1211 648 1258 refugium,

168 1268 263 1317 Ave,
294 1267 412 1314 virgo,
447 1267 529 1305 Clio
560 1267 727 1314 maestis.

170 1324 274 1370 Quae
306 1323 449 1361 canalis
481 1334 520 1360 es
552 1324 727 1361 caelestis

227 1380 340 1418 Roris
373 1385 411 1417 et
439 1380 675 1427 impluvium.

172 1521 325 1559 Laudes
358 1526 487 1559 tantae
518 1522 649 1559 matris
681 1522 792 1560 Maro

169 1579 256 1616 Non
288 1583 416 1616 araret
447 1579 543 1616 celte
571 1579 674 1617 claro

228 1635 360 1682 Neque
392 1636 499 1672 Titus
531 1636 684 1685 Livius,

169 1692 244 1730 Hic
274 1692 464 1729 Homerus
495 1698 552 1729 est
584 1692 772 1740 exlinguis

171 1749 222 1786 Et
252 1749 429 1786 Minerva
458 1747 550 1785 flatu
581 1749 742 1797 pinguis,

229 1805 303 1842 Hic
334 1810 391 1842 est
421 1806 566 1843 traulus
598 1806 758 1844 Tullius,

172 2005 270 2054 Ave,
303 2003 400 2042 veha
429 2004 549 2041 nostri
582 2004 700 2053 ducis,

172 2062 270 2109 Ave,
303 2060 425 2108 gleba,
458 2071 553 2108 quae
584 2061 763 2107 producis

233 2117 399 2155 Gramen
430 2117 511 2154 sine
541 2118 664 2166 palea,

175 2174 394 2211 vulnerasti
426 2174 530 2211 crine
560 2173 660 2211 bello

176 2230 362 2278 Sponsum
395 2234 498 2267 tuum
530 2234 567 2267 et
597 2231 718 2268 ocello

230 2287 421 2334 Facieque
451 2287 587 2328 lactea.

176 2430 273 2479 Ave,
304 2430 424 2477 virgo,
455 2440 526 2477 per
546 2440 656 2477 quam
679 2440 809 2478 sospes

175 2486 241 2524 Fit
269 2485 467 2523 morbosus
498 2490 584 2523 tuus
615 2487 765 2533 hospes,

234 2543 310 2580 Per
339 2553 450 2589 quam
483 2543 589 2580 exsul
619 2548 780 2592 remeat3

176 2599 273 2644 Ave,
305 2609 375 2647 per
405 2610 515 2647 quam
547 2604 603 2636 est
635 2600 793 2638 subacta

177 2655 285 2693 Mors
306 2656 475 2704 immitis,
497 2666 593 2703 quae
615 2661 811 2704 compacta

237 2711 359 2750 Solvit
391 2715 428 2749 et
460 2713 646 2750 disuneat.

178 2861 204 2903 ¹)
237 2864 419 2896 veninina.
445 2881 490 2886 -—

881 252 945 290 83.
991 252 1087 298 Ave,
1120 252 1207 289 luna
1237 262 1387 299 semper
1417 252 1529 299 plena

993 308 1174 346 Flammis
1188 308 1460 358 Phoebi,quam
1468 312 1620 347 terrena

1049 365 1129 402 Pila
1162 376 1234 402 non
1266 365 1494 413 ecclipticat,

991 423 1109 466 Quam
1130 427 1344 458 sanctorum
1367 422 1502 459 chorus
1520 426 1619 459 totus

992 478 1149 526 Pronus,
1183 478 1344 524 supplex
1376 481 1412 514 et
1443 479 1600 516 devotus

1051 534 1292 580 Cernuusque
1322 535 1532 582 praedicat.

885 675 949 714 84.
995 677 1090 725 Ave,
1123 675 1269 721 lampas
1301 675 1395 712 caeli
1427 675 1533 721 suda,

995 732 1110 770 Cuius
1141 732 1256 768 sudus
1289 731 1413 778 fulgor
1443 733 1518 768 uda

1051 789 1249 834 Nunquam
1283 787 1381 824 nube
1412 789 1563 835 tegitur,

995 845 1108 882 Cuius
1140 845 1264 880 vultus
1296 844 1490 881 vibramen
1523 845 1600 890 dat,

993 902 1036 938 ln
1068 912 1177 948 quam
1201 901 1351 938 Cherub
1378 905 1417 937 ut
1438 901 1624 950 intendat,

1050 958 1262 996 Connivere
1294 957 1455 1006 cogitur.

877 1100 944 1138 85.
992 1099 1086 1148 Ave,
1122 1104 1224 1135 caste
1255 1102 1366 1135 nacta
1396 1098 1554 1145 prolem,

991 1156 1245 1203 Supergressa
1277 1155 1356 1192 sola
1388 1155 1504 1192 solem

1046 1212 1244 1248 Feminina
1259 1209 1291 1261 ¹)
1325 1211 1465 1258 specie,

990 1268 1253 1314 Perspicacein
1287 1269 1406 1305 visum
1438 1268 1557 1306 vincis

989 1325 1226 1373 Aquilarum,
1260 1326 1372 1361 immo
1403 1325 1536 1373 lyncis,

1048 1381 1249 1419 Oculorum
1281 1381 1375 1419 acic.

878 1523 945 1562 86.
990 1523 1088 1560 Ave.
1122 1523 1281 1569 pulchro
1312 1522 1473 1569 pulchra
1504 1522 1621 1568 crine,

990 1581 1127 1626 Dente,
1159 1579 1288 1628 labris,
1321 1591 1342 1616 o
1375 1579 1524 1615 divinae

1045 1636 1262 1673 Maiestatis
1293 1636 1457 1673 mantica

990 1692 1156 1730 Pulchra
1214 1692 1397 1743 mammis,
1458 1691 1619 1737 pulchra

1353 1748 1488 1796 fronte,

988 1805 1155 1844 Pulchra
1187 1804 1303 1851 foetu,
1336 1809 1462 1842 tamen
1490 1814 1563 1841 non
1585 1807 1623 1841 te

1051 1862 1173 1899 Venus
1204 1862 1279 1899 urit
1311 1861 1472 1898 lubrica.

879 2004 948 2044 87.
992 2005 1086 2054 Ave,
1120 2005 1279 2051 pulchra
1308 2003 1409 2050 pelle
1439 2002 1565 2050 pulpa,

990 2061 1213 2098 Fecundata
1243 2060 1324 2097 sine
1356 2059 1479 2107 culpa,

1049 2117 1137 2155 Sine
1168 2117 1240 2154 viri
1271 2116 1422 2160 semine,

990 2175 1086 2219 Ave,
1120 2174 1223 2210 cuius
1254 2171 1523 2219 pulchrimenti

991 2231 1110 2268 Totus
1141 2230 1322 2277 splendor
1352 2227 1576 2265 firmamenti

1049 2287 1222 2325 Vincitur
1253 2285 1475 2324 vibramine.

882 2430 947 2468 88.
993 2430 1088 2476 Ave,
1122 2428 1281 2475 pulchra
1311 2438 1414 2470 naso,
1445 2426 1566 2472 malis,

995 2485 1159 2523 Pulchra
1187 2485 1310 2530 dorso,
1344 2483 1503 2530 pulchra
1524 2482 1626 2529 palis

1051 2542 1303 2588 Dentiumque
1334 2542 1444 2587 serie,

997 2599 1161 2637 Pulchra
1192 2597 1386 2644 pulchram
1420 2595 1581 2633 filiorum

994 2656 1172 2693 Formam
1204 2654 1322 2691 vincis
1354 2660 1391 2689 ct
1422 2652 1565 2689 olorum

1053 2711 1208 2749 Olorina
1240 2709 1348 2748 facie.
