1914 3223
895 152 972 192 195
1036 177 1085 182 —

497 300 576 338 145.
614 302 695 343 (14.)
730 302 831 337 Item
857 303 904 337 de
932 284 1158 339 Nailvitate
1185 303 1359 340 Domini.

158 377 196 415 1.
231 375 454 415 Gratuletur
484 378 604 415 omnis
637 389 725 416 caro

285 440 374 471 nato
406 434 558 472 Christo
591 435 763 484 Domino,

226 490 298 536 Qui
328 501 397 537 pro
429 491 540 538 culpa
573 492 800 539 protoplasti

284 557 434 584 carnem
466 554 633 585 nostram
665 549 799 597 induit,

227 603 277 641 Ut
309 604 489 652 salvaret,
521 616 614 652 quos
646 606 850 652 plasmavit

280 660 352 697 Dei
384 661 584 708 sapientia.

154 746 192 783 2.
229 744 392 782 Verbum
425 747 546 793 patris
579 758 667 784 caro
696 745 837 784 factum

277 803 448 839 nascitur
478 814 524 840 ex
557 803 715 851 virgine,

222 859 307 895 Non
339 860 478 897 amissa
511 861 652 898 deitate

278 914 438 953 formam
469 918 569 954 servi
598 917 769 964 suscipit,

223 972 274 1010 Ut
300 978 505 1025 peccatum
538 975 584 1011 de
615 978 774 1020 peccato

278 1029 477 1067 damnaret
503 1031 754 1077 omnipotens,

152 1114 190 1152 3.
223 1113 401 1161 Magnam
432 1115 545 1153 valde
578 1116 856 1154 commendavit

276 1181 346 1218 per
375 1171 582 1209 Iohannem
612 1173 786 1221 gratiam,

218 1227 442 1274 Baptizatus
474 1229 513 1266 in
542 1230 708 1267 Iordane

274 1284 367 1322 lavit
385 1286 532 1323 ‘mundi
563 1287 734 1336 crimina,

217 1341 271 1380 Ut
302 1343 539 1379 credentium
570 1349 751 1391 purgaret

272 1399 438 1445 gentium
469 1400 634 1446 piacula.

150 1485 186 1523 4.
219 1483 333 1530 Quem
367 1488 403 1521 et
436 1496 506 1522 vox
539 1490 697 1533 paterna
732 1491 864 1524 vocat:

270 1541 384 1590 Eece,
416 1552 521 1579 meus
552 1542 664 1590 filius,

217 1599 260 1636 In
292 1609 365 1644 quo
397 1599 620 1645 complacui,
655 1599 828 1650 dilectus,

273 1655 380 1697 caeli,
414 1660 539 1693 terrae
572 1656 758 1706 dominus,

211 1711 305 1761 Ipsi,
339 1716 480 1762 gentes,
512 1713 703 1761 oboedite,

271 1778 465 1817 regesque,
499 1770 718 1808 subdimini.

143 1854 182 1890 5.
215 1852 286 1898 Qui
317 1854 421 1890 venit
452 1855 578 1892 surdis
609 1856 793 1908 auditum,

269 1910 392 1947 caecis
423 1911 545 1948 visum
575 1912 752 1960 reddere,

211 1966 365 2004 Claudis
395 1978 547 2014 gressus
578 1973 807 2020 restaurare,

265 2028 432 2061 mortuos
464 2025 661 2071 viviscere,

211 2080 445 2126 paralyticos
478 2092 612 2119 curare

268 2137 545 2185 daemonesque
574 2139 731 2188 pellere,

139 2221 176 2259 6.
209 2221 399 2268 Leprosos
430 2233 577 2270 quoque
607 2226 805 2274 mundare,

263 2278 415 2316 morbos
447 2291 575 2317 omnes
607 2286 768 2330 tergere,

208 2333 365 2372 Fluctus
398 2337 512 2373 maris
545 2338 732 2386 mitigare,

262 2391 319 2428 ire
351 2397 466 2439 super
495 2394 628 2431 latices

205 2447 254 2484 Et
286 2449 414 2495 ignota
446 2450 707 2488 demonstrare

261 2506 422 2543 saeculis
453 2507 647 2546 miracula.

138 2587 174 2625 7.
207 2588 300 2625 Nam
336 2594 371 2626 et
401 2595 535 2636 sponte
570 2592 757 2629 immolari

260 2646 379 2682 voluit
412 2658 482 2693 pro
514 2648 698 2698 omnibus,

203 2701 396 2750 colaphis,
430 2705 553 2749 sputis
585 2704 759 2754 infectus,

260 2764 460 2796 coronatus
492 2761 661 2798 sentibus

205 2814 400 2862 Lignoque
432 2817 550 2854 clavis
582 2818 750 2855 confixus

254 2871 293 2908 in
323 2873 445 2909 crucis
477 2873 659 2920 patibulo,

1006 384 1042 421 ὃ,
1076 381 1158 418 Hoc
1189 382 1225 418 in
1258 382 1360 428 ligno
1390 382 1478 418 vitis
1512 394 1599 420 vcra

1133 438 1305 484 pinguem
1349 438 1495 475 botrum
1534 440 1690 485 protulit

1072 494 1130 531 Ex
1161 506 1234 541 qua
1266 495 1373 531 nobis
1404 502 1651 533 manaverunt

1129 557 1367 589 sacramenta
1398 552 1583 590 maxima:

1072 607 1232 656 Sanguis
1260 619 1389 645 roseus
1421 614 1457 645 et
1489 620 1597 656 aqua,

1128 675 1223 710 quae
1254 664 1423 702 libantur
1455 666 1623 711 mystice.

1695 471 1703 489 5

1000 752 1036 786 9.
1071 749 1183 786 virus
1215 749 1362 795 pepulit
1396 750 1557 786 chelidri

1127 809 1164 841 et
1195 806 1396 842 momordit
1427 805 1582 852 inferos,

1072 862 1313 899 Patriarchas
1346 863 1559 909 captivatos

1126 918 1274 965 longum
1308 924 1394 965 post
1425 920 1599 957 exsilium

1067 974 1128 1013 Ab
1160 974 1310 1012 inferno
1343 976 1532 1023 liberavit,

1124 1032 1344 1078 paradisum
1375 1033 1583 1071 transtulit.

971 1117 1032 1156 10.
1068 1116 1243 1154 Claustra
1273 1116 1399 1155 ferrea
1432 1117 1597 1164 disrupit

1124 1179 1161 1210 et
1192 1174 1381 1211 concussit
1413 1175 1588 1215 Tartara,

1067 1230 1186 1268 Terra
1217 1231 1371 1268 tremuit
1402 1231 1450 1268 ab
1483 1231 1569 1279 imo,

1123 1291 1352 1334 crepuerunt
1382 1298 1584 1333 marmora,

1064 1343 1118 1381 Et
1147 1345 1345 1381 multorem
1372 1348 1462 1382 tunc
1483 1349 1698 1381 sanctorum

1122 1406 1368 1438 surrexerunt
1400 1412 1571 1448 corpora.

968 1486 1031 1525 11.
1064 1486 1278 1528 Exsultate,
1311 1486 1497 1534 nationes,

1121 1543 1255 1589 plausu
1287 1542 1413 1579 cordis
1443 1543 1589 1593 intimo,

1064 1599 1159 1645 Quia
1191 1600 1281 1636 vicit
1311 1599 1371 1636 leo
1403 1598 1514 1636 fortis

1121 1656 1322 1693 draconem
1353 1655 1588 1706 pestiferum,

1039 1714 1202 1751 ‚Passus
1233 1717 1290 1749 est
1321 1717 1356 1749 et
1389 1717 1597 1753 resurrexit

1120 1780 1203 1806 cum
1234 1769 1427 1826 triumpho
1459 1772 1588 1811 nobili.

965 1858 1029 1896 12.
1063 1856 1200 1894 Sedem
1232 1856 1328 1892 caeli
1360 1857 1559 1902 repedavit

1120 1912 1257 1949 dextra
1287 1913 1409 1959 patris
1441 1914 1628 1961 residens,

1060 1969 1156 2008 Inde
1189 1969 1359 2006 creditur
1390 1975 1570 2008 venturus

1118 2027 1156 2063 in
1190 2026 1251 2063 die
1282 2026 1414 2062 iudicii

1059 2083 1197 2121 Mundi
1228 2083 1362 2119 molem
1395 2081 1640 2135 inflammare,

1116 2139 1253 2186 impios
1284 2149 1456 2187 exurere,

962 2227 1027 2266 13.
1059 2224 1238 2264 Reddere
1269 2223 1410 2260 sanetis
1439 2229 1650 2266 mercedem

1115 2282 1228 2328 digno
1260 2280 1307 2316 de
1339 2282 1557 2330 certamine,

1055 2339 1127 2386 Qui
1158 2341 1364 2384 praecepta
1395 2346 1643 2378 servaverunt

1111 2393 1327 2432 testamenti
1359 2394 1507 2444 gemini,

1055 2453 1108 2492 Ut
1139 2450 1262 2487 effecti
1295 2450 1394 2486 cives
1426 2451 1497 2487 Dei

1111 2508 1302 2546 socientur
1333 2507 1493 2554 angelis.

961 2597 1024 2634 14.
1058 2595 1190 2633 Gloria
1221 2596 1376 2629 aeterno
1407 2593 1504 2638 patri

1113 2656 1150 2688 et
1180 2660 1276 2696 agno
1311 2647 1524 2697 mitissimo,

1051 2708 1121 2754 Qui
1154 2706 1377 2752 frequenter
1408 2704 1625 2747 immolatur

1107 2766 1378 2811 permanetque
1409 2761 1556 2811 integer

1049 2822 1151 2859 Deus
1179 2830 1273 2856 unus
1305 2818 1342 2854 111
1375 2822 1508 2858 natura

1106 2888 1187 2916 eum
1218 2878 1349 2916 sancto
1380 2875 1597 2923 spiramine,

1410 2948 1451 2982 13
