1914 3223
745 228 794 231 ——
857 204 933 243 511
997 227 1049 232 -——

556 318 592 355 7.
643 316 879 354 Cantilenam

694 373 844 410 dilectis
876 374 988 412 sociis

635 429 760 467 Guido
793 430 908 467 mittit

689 486 787 523 hanc
819 487 866 524 de
897 487 1078 532 Basociis,

637 543 825 580 Interesse

687 604 884 647 promptus
915 600 972 637 his
1002 601 1163 647 gaudiis,

629 655 713 693 Nisi
744 657 877 703 procul

686 717 785 750 esset
815 713 854 750 in
885 713 1037 752 studiis.

742 771 817 808 Pro
848 769 983 807 baculo

683 826 862 863 Exsultet
893 826 1006 863 hodie

745 883 868 920 clerus
900 894 983 921 cum
1015 883 1168 931 populo.

195 982 260 1023 Ep.
299 982 412 1013 XXII.
450 999 494 1003 —
529 982 678 1014 Dilectis
721 984 757 1014 in
794 983 932 1015 Christo
973 984 1122 1015 Domino
1163 983 1329 1015 fratribus
1371 989 1405 1016 et
1445 986 1550 1016 sociis
1596 987 1670 1017 suis

99 1026 456 1059 Cathalaiuiensibus.
493 1046 536 1050 ——
575 1027 735 1060 Schluss:
775 1029 970 1070 „Invitatus
1011 1032 1127 1060 autem
1164 1032 1300 1061 vestrae
1339 1030 1586 1062 sollemnitatis
1627 1031 1670 1062 ad

101 1072 250 1115 gaudia,
282 1074 366 1114 quia
398 1072 618 1105 scholaribus
651 1073 802 1105 vinculis
828 1075 984 1106 irretitus
1009 1074 1176 1106 advenire
1201 1085 1270 1106 non
1295 1086 1456 1116 possum,
1490 1086 1532 1107 ne
1558 1080 1671 1108 totum

100 1118 220 1150 deesse
245 1128 299 1150 me
325 1118 473 1157 doleam,
499 1119 627 1160 quibus
652 1120 821 1151 interesse
845 1119 1042 1161 gauderem,
1068 1130 1138 1151 non
1163 1120 1264 1151 timui
1284 1120 1357 1159 (sed
1384 1121 1670 1153 inverecundiam

100 1166 244 1195 excusat
280 1162 437 1204 affectus)
472 1164 677 1196 subnectere
713 1174 855 1196 carmen
891 1168 925 1197 et
960 1166 1097 1197 mittere
1135 1165 1254 1204 vobis,
1297 1176 1366 1198 non
1404 1167 1544 1208 quidem
1581 1168 1670 1199 viris

98 1209 235 1240 altioris
261 1209 525 1251 intellegentiae
551 1210 855 1251 praesentandum,
881 1210 940 1242 sed
966 1211 1002 1242 in
1027 1210 1153 1243 chorea
1180 1211 1347 1243 lasciviae
1366 1212 1531 1243 iuvenilis
1549 1222 1666 1244 coram

97 1257 273 1297 gestatore
300 1255 417 1286 baculi
444 1255 733 1287 decantandum“.
758 1273 801 1279 ——
826 1256 906 1298 Vgl.
932 1257 1047 1288 Neues
1073 1256 1203 1288 Archiv
1228 1257 1323 1297 XVI,
1348 1254 1401 1289 84.

523 1411 606 1449 347.
643 1412 700 1456 (4.)
738 1412 784 1447 In
808 1412 1033 1458 Epiphania
1057 1413 1234 1449 Domini.

97 1506 165 1543 la.
206 1506 303 1553 Regi
336 1510 437 1553 nato,
470 1517 580 1553 quem
613 1507 772 1544 decorus
916 1507 989 1546 lb.
1030 1509 1076 1546 In
1106 1507 1177 1545 hac
1209 1507 1271 1545 die
1301 1508 1427 1545 laudis
1458 1509 1576 1546 mirae

207 1562 325 1600 Dedit
354 1563 600 1610 incorruptae
630 1564 776 1613 thorus,
1029 1564 1109 1601 Nos
1142 1564 1318 1612 dignetur
1349 1565 1543 1614 exaudire,

211 1619 357 1657 Psallat
399 1620 516 1658 corde
545 1624 676 1658 noster
707 1621 844 1658 chorus
1028 1622 1147 1668 Quam
1179 1621 1356 1668 dignatur
1385 1621 1568 1669 insignire

264 1676 315 1714 Et
345 1687 411 1714 ore
441 1677 619 1724 supplici,
1085 1678 1242 1716 Honore
1272 1678 1430 1725 triplici.
1493 1701 1495 1703 -

94 1767 166 1806 2a.
207 1767 251 1804 In
283 1767 353 1805 hac
384 1767 483 1805 enim
514 1768 710 1815 adoratur,
912 1767 985 1806 ab.
1025 1767 1144 1806 Stella
1175 1768 1291 1806 solem
1326 1769 1547 1819 declaravit,

203 1824 248 1862 In
280 1825 445 1862 Iordane
474 1823 704 1873 baptizatur,
1024 1825 1167 1863 Praeco
1198 1817 1354 1862 verbum
1386 1825 1609 1874 baptizavit,

204 1882 316 1927 Aqua
347 1881 476 1918 vinum
507 1885 751 1918 consecratur
1023 1881 1173 1928 Aquam
1204 1881 1332 1919 vinum
1365 1882 1583 1920 dulcoravit

262 1937 402 1975 Divino
433 1947 600 1975 munere.
1081 1939 1231 1976 Mutato
1262 1948 1414 1985 genere.

91 2030 159 2068 3a.
201 2028 324 2075 Reges
355 2038 484 2077 regem
515 2028 689 2065 veritatis
914 2027 986 2067 ab.
1027 2027 1264 2067 Confitentur
1297 2029 1395 2066 enim
1425 2041 1520 2077 pure

203 2084 298 2121 Tres
330 2085 497 2122 adorant
527 2084 649 2122 tribus
682 2084 795 2134 datiS‚
1025 2086 1166 2132 Regem
1198 2096 1303 2131 auro,
1335 2086 1457 2124 Deum
1489 2090 1587 2133 ture,

202 2141 321 2179 Trina
354 2141 469 2178 fidem
500 2141 683 2179 trinitatis
1023 2142 1196 2179 Murram
1230 2142 1338 2179 dedit
1369 2143 1588 2191 sepulturae

260 2197 394 2245 Signat
425 2197 580 2237 oblatio.
1081 2198 1183 2236 Mira
1215 2198 1379 2239 devotio.

88 2290 112 2326 4
130 2299 163 2328 a.
209 2288 323 2325 Lavit
353 2289 501 2335 plasma
528 2289 808 2338 plasmatorem,
908 2288 982 2328 4b.
1021 2288 1096 2326 Sed
1115 2289 1198 2335 quis
1215 2289 1309 2327 lavit
1327 2294 1363 2327 et
1375 2288 1514 2337 quem?
1536 2290 1659 2329 Deum

200 2345 314 2382 Lavit
343 2345 506 2382 mundus
535 2345 787 2392 mundiorem,
1021 2346 1156 2394 Homo,
1190 2356 1322 2383 servus
1354 2357 1493 2394 regem,
1526 2357 1623 2397 eum,

201 2401 314 2438 Lavit
344 2405 496 2439 sanctus
528 2402 767 2452 sanctiorem,
1023 2403 1095 2449 Qui
1126 2403 1288 2440 redemit
1319 2414 1426 2440 suum
1457 2413 1561 2440 reum

257 2457 418 2496 Fontem
445 2458 483 2495 in
516 2457 680 2499 flumine.
1079 2459 1240 2506 Propi-io
1272 2460 1466 2508 sanguine.

87 2551 158 2587 5a.
199 2547 348 2586 Novum
379 2560 474 2596 opus
505 2553 542 2586 et
574 2549 763 2588 divinum!
907 2552 928 2588 5
946 2548 982 2588 b.
1021 2550 1120 2587 Dum
1152 2548 1292 2587 factum
1316 2555 1386 2597 est,
1416 2555 1458 2588 ut
1478 2551 1656 2602 imperat,

198 2606 311 2652 Aqua
344 2605 470 2652 coepit
500 2616 583 2643 esse
615 2607 755 2653 vinum,
1018 2606 1119 2644 Dum
1151 2607 1302 2644 diversa
1334 2606 1581 2646 confoederat

200 2661 447 2700 Conditorum
478 2673 518 2700 se
548 2663 739 2700 dominum
1018 2663 1071 2700 Et
1100 2667 1273 2701 naturam
1305 2661 1543 2716 rege[ne]rat

257 2718 434 2756 Ostendit
465 2720 650 2770 conditor,
1078 2719 1249 2757 Naturae
1279 2721 1439 2768 genitor.

86 2810 156 2847 6a.
201 2807 321 2846 Stella
351 2808 447 2846 duce
478 2809 635 2856 speciali
907 2809 981 2848 6b.
1022 2810 1166 2847 Aurum
1200 2810 1290 2861 regi,
1324 2811 1392 2849 sed
1423 2812 1575 2850 mortali

254 2864 397 2902 Ducem
430 2870 614 2912 quaerunt
1077 2865 1247 2904 Murram
1281 2866 1420 2917 ferunt,

313 2921 512 2969 Principes
544 2921 692 2972 Sabaei,
1133 2923 1209 2960 Tus
1240 2922 1319 2962 filio
1350 2924 1434 2963 Dei.
