1914 3223
734 199 784 204 —
848 175 921 215 13¹1
985 199 1034 203 —

377 291 415 328 2.
460 289 591 336 Agnus
623 300 757 336 nempe
788 301 896 327 sacer
931 288 1059 337 patres
1094 290 1139 327 (le
1171 292 1346 337 Aegypto

461 346 560 384 Olim
594 346 775 383 eduxerat
809 347 921 383 edito·
943 358 1090 395 cruore,

460 402 509 440 Et
543 413 640 439 nunc
672 404 853 449 sanguine
886 404 1058 447 Christus
1091 415 1110 440 e
1138 403 1306 440 tenebris

461 457 716 496 Infernalibus
743 460 826 506 ipse
856 471 924 496 nos
957 460 1130 500 redemit.

378 552 415 589 3.
467 549 538 596 Qui
569 550 667 586 sicut
697 550 876 596 populum
910 550 995 587 tulit
1028 551 1192 596 priorem

465 607 535 643 Per
567 606 721 642 rubrum
754 617 856 643 mare
888 607 994 643 hoste
1025 607 1078 642 ibi
1108 608 1348 653 interempto,

461 663 525 701 Sic
556 662 784 709 baptismate
815 674 957 709 nosque
988 663 1169 700 liberavit

461 719 665 757 Submerso
695 719 830 756 zabulo
862 720 964 756 unda
995 720 1196 766 passionis.

375 813 413 850 4.
461 810 558 847 Nam
591 810 732 847 Iudaea
762 808 926 848 fremens
957 821 1087 847 necem
1119 811 1268 857 paravit

461 867 612 904 Christo
643 865 786 904 inferre
818 867 940 903 crucis
973 867 1060 904 dolo
1091 867 1284 913 magistro,

460 924 578 969 Quam
609 924 746 961 sedare
776 925 905 970 nequit
935 924 998 970 pia-
1029 923 1178 960 medela

460 980 541 1017 Nec
571 979 679 1017 verbi
710 981 875 1017 studium
908 979 995 1017 boni
1028 980 1212 1027 parentis.

376 1074 413 1110 5.
458 1070 655 1109 Prendunt
687 1074 769 1107 arte
800 1081 896 1107 nova
927 1071 1114 1119 prodente
1145 1071 1295 1107 alumno

458 1127 661 1164 Doctorem
693 1127 877 1167 manibus,
911 1128 1065 1164 trahunt
1095 1128 1260 1175 ligando,

461 1184 633 1221 Tradunt
666 1183 836 1230 pontifici
869 1185 955 1221 dein
986 1188 1161 1231 tyranno,

459 1242 651 1278 Insontem
683 1246 722 1276 ut
756 1241 897 1277 cruciet
929 1241 1031 1288 pium
1063 1252 1107 1278 ac
1136 1240 1314 1286 flagellet.

375 1333 412 1371 6.
458 1333 549 1370 Post
580 1341 675 1378 quae
707 1331 797 1368 dant
829 1332 974 1378 alapas,
1007 1337 1159 1368 vomunt
1191 1332 1349 1368 salivam

457 1389 504 1426 In
533 1398 680 1425 sacram
712 1386 848 1425 faciem
880 1392 917 1425 et
948 1393 1061 1434 caput
1089 1392 1271 1425 coronant

459 1444 597 1491 Spinis,
630 1445 668 1481 in
700 1455 812 1481 cruce
842 1445 943 1482 hunc
974 1449 1132 1491 repente
1166 1444 1295 1492 figunt,

457 1502 592 1539 Potum
622 1501 674 1538 fel
707 1502 905 1546 dederant.
936 1502 1036 1538 latus
1068 1502 1256 1539 terebant.

377 1594 414 1631 7.
459 1592 651 1630 Emittens
682 1592 845 1629 animam
880 1592 992 1629 chaos
1022 1596 1211 1639 penetrat,

463 1648 636 1686 Christus
668 1649 799 1686 mortis
831 1660 946 1686 ovans
979 1648 1114 1696 fugans
1143 1648 1332 1695 tenebras,

459 1707 586 1743 Iustos
617 1706 769 1752 eripuit,
802 1706 935 1753 ligavit
965 1706 1128 1753 hostem,

460 1763 616 1800 Donans
647 1766 752 1800 astra
781 1763 868 1810 piis,
901 1763 1071 1800 dolorem
1101 1762 1253 1809 iniquis,

378 1855 415 1893 8.
463 1852 591 1900 Surgit
626 1853 791 1890 diluculo
822 1864 844 1890 a
875 1864 1012 1899 sopore
1042 1853 1174 1890 mortis

462 1909 639 1947 Salvator
668 1910 821 1956 placide
852 1911 986 1957 angelo
1018 1910 1204 1955 ministro,

462 1966 649 2005 Custodes
681 1967 865 2016 pavitant,
899 1967 952 2013 pii
984 1967 1184 2012 resultant,

463 2022 642 2060 Gaudent
674 2023 866 2070 discipuli,
898 2024 1020 2060 invidi
1052 2023 1243 2061 dolebant.

378 2115 416 2152 9.
463 2113 648 2160 Cognovit
677 2114 804 2151 Maria
835 2125 881 2151 ex
914 2125 1004 2151 sono
1035 2114 1268 2161 magistrum,

464 2170 629 2208 Thomas
660 2182 804 2218 perque
834 2171 934 2208 latus
965 2171 1087 2208 Deum
1118 2171 1314 2217 reclamat,

462 2227 650 2274 Flagrans
681 2228 754 2264 rite
787 2228 921 2266 Petrus
952 2228 1031 2264 adit
1064 2228 1293 2275 sepulcrum,

462 2285 508 2322 In
537 2289 664 2321 monte
694 2284 898 2322 Dominum
928 2284 1179 2331 undecimque
1209 2284 1384 2322 adorant.

350 2374 416 2414 10..
463 2374 573 2423 Quid,
606 2375 761 2423 Iudaea,
796 2373 890 2412 furis
922 2375 1004 2412 Deo
1037 2375 1240 2423 reluctans,

465 2431 632 2478 Fingens
663 2435 746 2468 arte
774 2432 897 2469 scelus
928 2432 1015 2468 dolo
1046 2436 1212 2479 reperto,

463 2487 648 2524 Furatum
681 2489 884 2534 crepitans,
916 2488 979 2535 qui
1012 2494 1100 2525 ovat
1131 2498 1347 2534 coruscans,

468 2544 540 2591 Qui
570 2544 750 2581 mundum
782 2551 949 2594 reparat,
982 2544 1098 2582 Satan
1129 2543 1327 2581 trucidat?

355 2635 419 2674 11.
470 2634 647 2671 Laudant
680 2638 793 2683 astra,
827 2635 917 2682 poli,
950 2646 1054 2672 mare
1085 2635 1279 2682 solumque

468 2690 686 2728 Gaudentes
719 2691 917 2728 Dominum
950 2692 1080 2729 videre
1111 2691 1315 2737 Christum,

468 2747 607 2784 Tristis
638 2748 719 2785 sola
752 2749 856 2784 doles
886 2748 1015 2795 iniqua
1046 2747 1189 2796 fingens

468 2804 632 2843 Consors
665 2805 901 2851 daemonum,
934 2805 1127 2852 particeps
1157 2804 1364 2850 gehennae.

203 2902 387 2936 Browerus
411 2915 444 2947 p.
471 2903 533 2945 713
559 2905 740 2937 Diimmler
765 2906 810 2944 11,
836 2902 911 2937 249.
937 2922 979 2927 -
1009 2904 1058 2943 11,
1085 2903 1106 2936 2
1129 2907 1249 2938 vivere
1274 2905 1460 2937 Christum.
