1914 3223
684 123 988 165 —107—

112 240 148 276 5.
182 237 338 276 Pulsata
369 247 438 274 nec
468 248 542 275 non
573 238 719 284 asperis

182 294 469 332 Adversitatum
501 294 671 343 spiculis,

182 349 311 387 Fortis
342 349 418 388 fide
449 355 683 399 perseverat,

183 406 334 444 Christo
365 407 480 444 semel
511 418 621 454 quam
644 410 812 446 voverat.

146 527 154 536 .
187 496 318 534 Hostis
350 494 457 534 ferox
489 496 536 534 ab
568 496 725 534 artubus

185 553 290 590 Tulit
320 553 469 600 puellae
500 553 672 600 pallium,

185 609 328 647 Stolam
361 611 428 647 sed
459 610 560 647 intus
593 610 758 656 pectoris

183 664 350 704 Auferre
381 677 490 704 nemo
521 666 705 713 quiverat.

145 788 154 797 .
186 757 283 803 Quin
317 757 493 795 Christus
533 760 570 794 et
606 755 815 796 forinsecus

183 814 305 852 Mittit
337 814 517 860 poderem
550 814 699 864 virgini,

184 871 293 908 Hanc
324 870 495 907 veritatis
527 870 658 908 intimo

183 927 333 965 Docens
363 927 539 966 amictam
571 927 698 966 linte0.

143 1048 151 1057 .
185 1018 346 1055 Inducta
375 1018 414 1054 in
443 1018 575 1055 aedem
607 1018 789 1063 sordium,

183 1076 217 1112 A
249 1074 362 1111 sorde
392 1079 539 1121 martyr
571 1074 692 1111 libera
723 1079 793 1123 est,

183 1131 279 1177 Quin
312 1131 359 1167 de
391 1131 473 1168 loco
506 1131 708 1178 prostibuli

184 1189 344 1226 Precum
378 1193 535 1234 repente
566 1187 606 1225 fit
637 1188 755 1227 locus,

930 239 970 276 9.

906 497 971 538 10.

906 759 970 799 11.

904 1020 967 1059 12.

987 238 1243 291 ’111υιηίηῑιῐιιιτ
1273 238 1430 275 caelitus

1000 294 1167 332 Latebra
1188 295 1375 341 quondam
1394 296 1626 345 daemonum,

1001 351 1188 398 Pulsoque
1221 352 1287 388 leti
1319 351 1491 398 principe

1001 406 1112 444 Vitae
1145 408 1316 444 minister
1348 408 1526 445 cernitur.

1004 497 1119 533 Probi
1150 497 1314 543 probant
1345 497 1532 544 magnalia

1001 553 1197 600 Deumque
1228 554 1412 591 honorant
1439 553 1630 603 martyris,

1005 610 1145 647 lllusor
1175 615 1213 647 at
1246 611 1418 647 miraculi

1003 666 1095 703 Mox
1137 671 1258 703 morte
1295 667 1408 714 digna
1438 667 1628 713 plectitur.

1002 757 1063 795 Ab
1094 756 1206 794 inferi
1239 768 1346 803 quem
1379 757 1501 794 ianuis

1000 815 1153 861 Martyr
1185 814 1295 851 beata
1326 814 1512 850 suscitans

1003 870 1066 908 Sic
1097 881 1166 917 per
1196 871 1295 907 lares
1327 882 1371 907 ac
1403 869 1546 908 ferreas

998 928 1061 966 Ad
1093 931 1195 964 astra
1227 931 1357 974 portas
1388 928 1596 973 praevolat.

1001 1019 1081 1064 Qua
1115 1018 1323 1055 conditoris
1354 1018 1512 1064 gloriam

1002 1075 1132 1113 Cernit
1162 1075 1218 1111 sui
1252 1085 1319 1120 per
1350 1075 1501 1112 saecula

1001 1131 1111 1170 Cives
1143 1135 1180 1167 et
1210 1132 1310 1168 inter
1341 1131 1488 1178 patriae

1001 1189 1186 1226 Caelestis
1219 1188 1376 1234 hymnos
1407 1188 1582 1225 concinit.

161 1288 356 1322 Cassander
380 1288 402 1320 l.
429 1299 457 1320 c.
484 1299 515 1329 p.
540 1285 605 1320 237
632 1299 706 1330 sqq.
733 1306 776 1310 —
813 1286 840 1327 l,
866 1286 887 1320 2
921 1289 1033 1321 beata.
1059 1306 1104 1309 —
1138 1286 1167 1327 l,
1192 1285 1213 1320 3
1246 1290 1353 1327 Quae.
1379 1306 1423 1310 —
1457 1287 1487 1327 7,
1517 1287 1532 1320 1
1566 1289 1634 1328 Qui

69 1334 238 1368 Christus.
264 1352 307 1356 —
336 1331 387 1371 12,
413 1331 434 1365 3
459 1334 566 1366 Civis.

391 1492 450 1528 85.
487 1493 545 1535 (7.)
579 1493 624 1527 In
651 1492 876 1529 Nativitate
903 1501 936 1528 s.
962 1491 1155 1527 Iohannis
1182 1492 1304 1537 Bapt.

116 1587 152 1625 1.
186 1586 417 1623 Praecursor
446 1586 513 1623 alti
544 1586 695 1623 luminis

183 1643 234 1680 Et
266 1653 404 1690 praeco
436 1642 542 1680 verbi
574 1643 766 1690 nascitur3

185 1699 361 1749 Laetare,
395 1710 460 1736 cor
490 1700 670 1746 fidelium,

185 1756 400 1803 Luccmque
431 1756 600 1803 gaudens
630 1757 782 1803 accipe!

146 1890 154 1897 .
186 1858 366 1903 Miranda
398 1859 502 1894 cuius
531 1858 693 1895 saeculis

185 1914 377 1952 Nativitas
409 1925 479 1962 per
508 1915 682 1962 angelum

186 1971 357 2009 Innotuit
383 1971 606 2018 parentibus

185 2029 254 2067 Pia
284 2027 359 2064 fide
389 2028 463 2064 iam
494 2028 693 2075 praeditiS.

145 2159 154 2168 .
189 2129 358 2169 Sublimc
389 2130 447 2166 eui
479 2129 703 2166 vocabulum

183 2187 369 2224 Iohannes
399 2187 482 2233 ipse
514 2186 670 2224 Gabriel

185 2244 351 2290 Imponit
382 2247 418 2279 et
450 2243 660 2280 clarissima

187 2300 312 2347 Ipsius
343 2305 429 2337 acta
459 2300 661 2347 praecinit.

145 2432 152 2440 .
185 2402 253 2449 Qui
286 2400 418 2439 matris
449 2401 574 2438 adhuc
605 2402 786 2448 parvulus

185 2459 310 2496 Vulva
341 2462 511 2495 retentus
542 2458 717 2505 spiritum

187 2515 364 2562 Percepit
395 2515 515 2552 almus
546 2515 702 2564 gratiae,

183 2572 308 2609 Testis
341 2570 489 2609 futurus
517 2572 674 2620 gratiae,

145 2702 154 2711 .
187 2673 432 2720 Necdumque
464 2678 573 2710 natus
603 2673 676 2710 iam
712 2673 819 2711 dedit

185 2730 243 2767 De.
273 2731 358 2767 luce
389 2730 655 2775 testimonium,

185 2787 291 2833 Quod
323 2791 433 2824 natus
464 2786 680 2823 admirabili

183 2843 396 2890 Complevit
426 2843 508 2889 ipse
540 2843 578 2880 in
613 2843 748 2890 gloria.

932 1587 968 1623 6.

907 2672 971 2711 10.

1001 1585 1075 1624 Hic
1106 1586 1289 1632 plurimos
1321 1596 1366 1622 ex
1399 1586 1519 1623 Israel

1002 1642 1144 1680 Christi
1175 1642 1265 1679 fidei
1296 1642 1467 1680 subdidit

998 1699 1050 1736 Et
1082 1699 1198 1735 corda
1228 1703 1377 1746 patrum
1409 1699 1446 1736 in
1479 1698 1575 1736 filios

1001 1756 1152 1793 Docens
1183 1766 1348 1803 superna
1378 1756 1585 1794 transtulit.

963 1890 970 1896 .
1002 1858 1046 1895 In
1077 1857 1211 1894 Heliae
1242 1858 1305 1904 qui
1336 1858 1472 1907 spiritu

1001 1914 1113 1951 Venit
1145 1915 1355 1961 prophetae
1385 1914 1555 1952 semitam

1001 1972 1142 2009 Parare
1173 1971 1325 2009 Christo
1356 1981 1400 2008 ac
1431 1971 1605 2018 plebibus

1000 2028 1080 2064 Iter
1114 2028 1248 2064 salutis
1279 2029 1460 2074 pandere.

962 2159 970 2167 .
1002 2130 1082 2176 Quo
1114 2128 1339 2166 feminarum
1371 2130 1408 2166 in
1441 2129 1529 2167 filiis

1000 2186 1193 2232 Propheta
1223 2186 1343 2223 maior
1371 2187 1496 2223 nullus
1528 2191 1596 2232 est,

999 2242 1094 2290 Quin
1124 2243 1206 2289 ipse
1237 2243 1343 2279 miris
1375 2243 1521 2280 actibus

1001 2299 1092 2337 Plus
1124 2310 1234 2346 quam
1266 2299 1454 2346 propheta
1480 2300 1630 2338 claruit.

1001 2401 1199 2448 Baptisma
1231 2401 1487 2448 paenitentiae

1001 2458 1071 2505 Qui
1102 2458 1353 2505 praedicabat
1383 2468 1427 2495 ac
1459 2457 1563 2494 dedit

1000 2514 1222 2562 Turbasque
1254 2515 1338 2552 Iesu
1368 2514 1513 2561 gratiae

1001 2571 1278 2608 Illuminandas
1313 2571 1464 2610 obtulit.

1004 2673 1207 2719 Ipsumque
1239 2673 1375 2720 Iesum,
1413 2672 1475 2718 qui
1506 2672 1631 2710 omnia

1007 2728 1147 2766 Sancto
1177 2729 1308 2765 lavans
1339 2729 1377 2765 in
1409 2728 1545 2775 spiritu

1004 2785 1208 2829 Emundat‚
1240 2785 1278 2821 in
1310 2785 1500 2822 Iordanici

1003 2841 1135 2878 Tinxit
1165 2840 1304 2879 fluento
1335 2841 1507 2889 gurgitis.
