1914 3223
758 176 813 180 ——
871 152 935 192 34.

176 269 213 307 2.
246 263 385 306 Notum
417 267 507 303 mihi
539 271 576 304 et
605 277 714 314 quem
743 267 821 304 scio

245 324 425 362 Paratum
456 323 666 370 patrocinio

303 381 462 418 Causam
495 391 614 417 meam
648 379 866 428 defendere,

245 436 343 474 Dum
378 438 528 483 dignum
561 447 644 473 eum
675 437 796 474 sentio

246 493 436 530 Virtutum
470 493 684 530 testimonio

302 550 430 587 Debeo
462 550 706 597 praeeligere,

245 605 329 643 Non
352 607 400 643 ob
423 607 506 652 hoc,
530 607 629 654 quod
648 611 877 654 postponere

246 664 477 710 Quemquam
510 663 570 700 vel
596 663 876 710 parvipendere

299 719 388 756 Mea
420 720 511 756 velit
542 720 676 756 electio

243 775 324 812 Nec
355 777 455 822 quod
487 777 578 813 velit
611 776 842 824 distinguere

243 832 300 869 De
332 833 486 870 meliore
518 837 658 869 temere

299 889 514 926 Indiscreta
545 890 816 936 praesumptio.

203 1068 211 1077 .
243 1045 301 1080 De
333 1046 382 1087 tc,
414 1042 583 1087 Andrea,
619 1042 737 1080 didici

242 1099 349 1144 Quod
384 1099 552 1147 devotos,
585 1100 648 1146 qui
679 1099 798 1136 subici

300 1155 384 1192 Tibi
419 1155 550 1192 volunt
581 1156 750 1202 servitio,

241 1211 375 1248 Tueris
407 1218 445 1249 et
474 1212 541 1249 hos
573 1212 671 1249 deici

241 1268 443 1315 Nunquam
476 1270 567 1306 sinis
598 1274 661 1307 aut
695 1268 797 1306 affici

299 1326 332 1362 A
366 1326 570 1375 daemone,
603 1326 801 1373 probatio:

241 1382 298 1419 Tu
330 1382 552 1429 peregrinus
584 1383 681 1420 ostio

241 1438 478 1485 Responsum
512 1439 606 1476 dans
640 1439 848 1489 daemonio,

299 1495 417 1532 Danti
449 1495 626 1533 feminam
659 1496 826 1543 conspici

240 1551 300 1598 Se,
333 1557 397 1589 tuo
428 1553 641 1599 patrocinio

241 1609 406 1646 Voluisti
438 1610 612 1656 contagio

296 1665 530 1713 Episcopum
562 1677 636 1704 non
666 1665 780 1703 infici.

130 1815 192 1856 '4.
225 1814 475 1858 Revolvendo
507 1822 544 1855 et
571 1819 647 1856 alia

239 1874 321 1912 Tua
351 1879 528 1922 prompta
558 1876 728 1913 subsidia

296 1931 547 1969 Dissimulare
577 1943 734 1982 nequeo,

240 1989 337 2034 Quin
369 1993 433 2026 tua
464 1990 675 2035 patrocinia

239 2045 442 2091 Implerem
474 2050 512 2082 et
541 2047 683 2083 auxilia

294 2101 352 2139 Ex
386 2106 464 2139 toto
494 2102 630 2139 affectu
662 2113 756 2149 meo,

237 2158 333 2205 Quin
366 2162 526 2205 tuorum,
560 2164 600 2196 ut
631 2160 751 2207 valeo,

238 2214 288 2251 Et
321 2215 352 2251 si
384 2216 518 2265 minus,
551 2227 661 2263 quam
695 2216 826 2267 debeo,

297 2271 470 2309 Laudum
487 2284 637 2310 narrem
654 2274 868 2325 praeconia,

241 2327 280 2365 Si
313 2327 452 2378 faveas,
487 2341 558 2366 non
592 2341 701 2367 careo

238 2384 473 2431 Exspectato
503 2386 679 2436 iubilaeo,

294 2443 449 2479 Accedo
481 2453 563 2480 cum
594 2443 746 2482 fiducia.

201 2619 210 2628 .
241 2584 418 2627 Electum
450 2594 487 2625 te
516 2593 554 2626 et
585 2595 757 2627 vocatum

242 2645 303 2682 Ad
336 2645 475 2682 Christi
509 2646 777 2693 discipulatum

297 2702 389 2738 Eius
420 2707 578 2739 vocante
608 2704 740 2752 gratia,

241 2758 302 2795 Ad
334 2759 557 2804 piscandum
589 2763 625 2795 te
656 2760 844 2806 piscatum

242 2815 304 2852 Ad
338 2814 639 2862 hamandumque
670 2816 864 2854 hamatum

296 2870 397 2914 Laus
427 2872 569 2909 attollit
598 2872 796 2919 primaria,

1063 267 1111 304 Et
1145 269 1176 303 si
1208 267 1353 313 liquisti
1386 268 1494 315 retia,

1063 324 1228 371 Patrem,
1262 335 1392 361 navem
1427 329 1463 360 et,
1495 324 1621 362 omnia

1119 382 1202 429 Cor·
1235 380 1475 428 habendique
1504 381 1696 428 privatum

1064 437 1219 474 Sursum
1252 441 1400 483 raptum
1435 438 1471 474 in
1503 438 1624 483 gloria

1063 494 1292 539 Centuplata
1322 498 1359 530 tc
1390 495 1558 540 praemia

1118 549 1388 587 'l'estificantur
1420 550 1582 590 beatum.

1022 691 1030 700 .
1064 659 1166 701 Ante
1199 669 1324 700 tamen
1359 663 1455 700 dura
1485 675 1622 710 passus

1062 719 1187 755 Duros
1219 721 1460 766 pertransisti
1492 732 1638 767 passuS,

1118 775 1192 812 Diu
1229 781 1379 813 certans
1410 777 1459 813 ad
1491 778 1696 827 luctamen,

1060 833 1237 882 Luctans,
1253 844 1424 879 pugnans
1433 845 1504 870 non
1515 835 1697 882 eslassus,

1059 889 1259 935 Nunquam
1308 889 1456 937 victus,
1507 902 1696 938 nunquam

1356 957 1497 994 cassus,

1119 1002 1277 1049 Semper
1308 1001 1417 1039 fortis
1449 1004 1496 1040 ad
1525 1013 1696 1045 examen.

1065 1060 1300 1096 Ponderatus
1332 1070 1402 1106 per
1432 1060 1629 1110 libramen,

1061 1116 1220 1154 Oblatus
1252 1127 1290 1152 es
1322 1116 1358 1153 in
1392 1116 1554 1153 libamen

1117 1175 1209 1220 Igne
1238 1172 1408 1210 caritatis
1439 1185 1557 1223 assus,

1059 1229 1223 1266 Tantum
1264 1234 1367 1266 tuum
1399 1234 1456 1267 est
1487 1235 1693 1275 certamen,

1061 1287 1226 1324 Tantum
1252 1290 1356 1323 tuum
1384 1284 1635 1333 flagellamen,

1117 1343 1223 1388 Quod
1266 1343 1432 1380 videndo
1472 1355 1552 1380 sum
1594 1355 1693 1382 com-

1355 1411 1500 1446 passus,

1019 1545 1027 1552 .
1060 1510 1184 1559 Super
1216 1522 1363 1548 crucem
1396 1512 1573 1551 nidificas

1060 1570 1143 1607 Non
1177 1569 1390 1616 deponique
1421 1571 1616 1617 supplicas

1114 1626 1216 1663 Mori
1245 1626 1375 1662 volens
1407 1627 1444 1663 in
1476 1627 1620 1677 nidulo,

1058 1683 1181 1721 Biduo
1217 1683 1347 1719 vivens
1379 1683 1578 1729 praedicas

1059 1740 1169 1776 Vitae
1203 1739 1300 1776 viam
1332 1744 1369 1775 et
1401 1740 1548 1778 indicas

1114 1796 1457 1842 Circumspectanti
1488 1798 1642 1844 populo,

1060 1853 1210 1890 Positus
1241 1853 1279 1889 in
1312 1854 1532 1900 spectaculo

1057 1910 1220 1947 Mentali
1249 1915 1399 1956 spectas
1430 1911 1538 1947 oculo

1113 1966 1331 2012 Aureolam,
1364 1978 1475 2013 quam
1497 1967 1690 2018 vendicas,

1057 2023 1190 2069 Nocte,
1225 2023 1298 2069 die,
1332 2025 1553 2070 crepusculo

1056 2081 1101 2118 In
1130 2079 1268 2116 incude
1297 2079 1467 2126 patibulo

1113 2137 1241 2183 Ipsam
1274 2137 1380 2174 cudis
1412 2141 1448 2173 et
1481 2136 1660 2177 fabricas,

1015 2283 1023 2291 ,
1054 2247 1215 2290 Amator
1246 2249 1356 2286 huius
1386 2250 1522 2298 niduli,

1053 2307 1209 2345 Incudis
1241 2311 1278 2343 et
1308 2306 1471 2353 patibuli

1112 2363 1221 2402 Omni
1257 2361 1362 2399 fuisti
1391 2368 1573 2413 tempore,

1055 2420 1310 2460 Contumelias
1342 2420 1498 2465 penduli

1055 2477 1196 2515 Christi
1228 2487 1298 2522 pro
1330 2477 1406 2513 vita
1437 2477 1579 2513 saeculi

1113 2533 1341 2579 Recogitans
1372 2533 1409 2570 in
1443 2538 1620 2580 pectore3

1056 2590 1153 2629 Olim
1186 2589 1255 2626 tibi
1286 2591 1322 2626 in
1355 2600 1517 2636 aequore

1057 2646 1240 2684 Solebant
1270 2650 1307 2682 et
1338 2646 1374 2682 in
1406 2647 1519 2683 litore

1111 2704 1206 2741 Esse
1238 2703 1382 2749 praeda
1412 2703 1597 2751 pisciculi,

1055 2760 1173 2798 Modo
1204 2757 1327 2796 factus
1361 2760 1399 2796 in
1429 2759 1566 2796 arbore

1056 2817 1109 2854 Es
1140 2816 1288 2853 irretito
1320 2826 1479 2862 corpore

1113 2874 1263 2920 Aegeae
1296 2873 1439 2919 praeda
1469 2872 1619 2913 aemuli.
