2031 3289
890 189 1196 229 —384—

653 305 689 339 5.
739 302 818 338 Fac
848 303 1042 351 benignus,
1073 307 1113 339 ut
1144 303 1212 339 sim
1246 304 1379 347 digmus

788 361 925 396 Preces
956 359 1027 395 tibi
1058 358 1230 408 fundere,

736 414 789 451 Te
819 415 989 463 laudare,
1022 416 1257 461 praedicare,

790 471 934 508 Nomen
967 478 1071 508 tuum
1105 482 1255 518 canere,

731 527 831 564 Puro
861 527 977 564 corde
1008 528 1149 574 absque
1180 529 1293 565 sorde

785 584 975 630 Hymnum
1009 584 1076 621 tibi
1109 595 1289 631 pangere.

353 672 494 704 Collect.
522 682 584 702 ηις.
611 672 822 713 Tegurinum
849 683 938 705 saec.
968 671 1018 704 12.
1069 673 1154 705 Clm.
1180 674 1362 704 Monacen.
1393 671 1432 704 18
1443 671 1518 704 580.
1545 673 1584 704 A.
1608 691 1653 694 —
1676 674 1820 706 Collect.

259 727 322 749 ms.
356 717 517 748 Roffense
550 727 640 748 saec.
681 714 731 748 12.
781 718 864 750 Cod.
890 719 1060 750 Oxonien.
1094 719 1204 750 Laud.
1238 718 1386 750 Miscell.
1411 717 1465 750 40.
1491 720 1530 749 B.
1556 736 1600 740 —-
1623 719 1664 750 Iu
1689 719 1716 750 B
1743 718 1822 750 sind

259 762 315 794 die
340 761 515 803 Strophen
547 773 613 793 nur
645 763 846 804 vierzeilig,
881 774 916 795 es
946 764 1033 795 fehlt
1051 763 1221 804 jede'smal
1247 763 1302 794 die
1328 764 1436 795 fiinfte
1462 763 1532 795 und
1557 763 1690 795 seehste
1715 764 1820 795 Zeile.

259 807 327 839 Str.
356 805 371 838 1
398 807 508 838 lautet
532 808 568 838 in
598 808 643 838 B:

756 853 857 889 Audi,
884 854 989 890 Deus,
1016 854 1099 895 quid
1123 858 1157 885 tc
1182 864 1271 891 reus,

799 898 892 929 Mole
918 910 1058 940 pressus
1084 900 1278 938 criminum,

758 943 911 984 Supplex
937 948 1013 975 orat
1039 948 1073 975 et
1096 944 1272 985 implorat,

801 988 951 1020 Credens
977 991 1012 1020 in
1036 993 1069 1021 ‘te
1095 990 1297 1021 Dominum.

352 1054 382 1093 4,
412 1054 427 1087 1
455 1057 566 1095 Quam
592 1055 723 1087 finxisti
749 1060 782 1087 et
807 1056 932 1088 dedisti
953 1058 993 1088 B.
1021 1074 1059 1078 -
1086 1055 1117 1094 4,
1143 1056 1164 1088 2
1188 1058 1340 1088 Mentem
1364 1057 1444 1088 lava
1471 1056 1615 1088 maculis
1636 1056 1673 1086 B.
1695 1074 1734 1078 ——
1751 1055 1824 1087 Auf

262 1101 360 1133 diese
386 1102 569 1132 Invocatio
594 1101 690 1141 folgt‚
716 1103 762 1132 im
789 1102 908 1133 selben
932 1102 1132 1133 Versmasse
1157 1103 1392 1144 geschrieben,
1419 1103 1453 1133 in
1476 1103 1505 1132 A
1531 1103 1565 1132 in
1593 1101 1716 1137 sechs-,
1742 1101 1824 1132 inB

244 1148 298 1178 'in
326 1147 554 1187 vierzeiligen
580 1147 771 1187 Strophen,
802 1148 859 1178 ein
884 1147 1003 1188 langes
1030 1148 1252 1179 erzahlendes
1278 1147 1510 1187 Lehrgedicht
1534 1147 1576 1178 de
1601 1146 1746 1184 mundo,
1776 1146 1819 1178 de

257 1192 451 1229 elementis,
476 1192 518 1223 de
544 1192 664 1228 Adam,
689 1192 731 1223 de
756 1192 835 1223 Eva
860 1196 922 1223 etc.
949 1196 1012 1223 etc.
1056 1194 1134 1224 Den
1160 1193 1297 1224 Schluss
1323 1193 1433 1225 bildet
1457 1192 1548 1223 daun
1574 1192 1633 1223 der
1657 1191 1817 1232 folgende

256 1238 418 1278 Hymnus
450 1237 513 1268 auf
533 1237 711 1273 Malchus‚
744 1237 944 1279 eingeleitet
978 1239 1041 1269 mit
1072 1238 1139 1270 den
1165 1239 1326 1269 Worten:
1361 1239 1460 1269 Nunc
1485 1246 1650 1269 canamus
1682 1240 1716 1268 et
1740 1247 1818 1278 pro-

256 1293 391 1315 mamus
416 1282 592 1314 Malehurn
620 1283 729 1313 nostri
760 1283 903 1314 ordinis.

717 1427 798 1463 295.
835 1428 892 1470 (9.)
926 1431 983 1463 De
1009 1429 1151 1464 sancto
1180 1428 1356 1464 Malcho.

257 1523 294 1561 1.
340 1521 416 1559 Suo
432 1501 762 1568 rhythinumhunc
777 1521 1001 1568 ethymnum
1074 1525 1111 1559 5.
1159 1522 1261 1568 Ergo
1291 1522 1356 1558 ille
1387 1520 1527 1558 sanctis
1556 1521 1660 1557 mille

397 1578 626 1615 Dedicemus
659 1576 813 1627 nomini,
1214 1578 1283 1615 Est
1315 1578 1532 1624 aequandus
1564 1577 1720 1622 meritis,

339 1635 402 1672 Ad
433 1634 612 1671 honorem
645 1639 683 1670 et
713 1645 877 1671 amorem
1157 1635 1330 1681 Quisquis
1362 1639 1462 1671 amat
1492 1635 1623 1681 Deum,
1655 1634 1794 1672 clamat

399 1691 543 1729 Christi
574 1696 700 1728 tamen
732 1691 895 1736 Domini⁷
1215 1691 1334 1728 Huius
1364 1702 1497 1727 nomen
1529 1690 1659 1727 militis

339 1748 392 1786 Ut
421 1758 583 1794 superno
615 1752 652 1784 et
681 1752 836 1784 aeterno
1157 1748 1238 1784 Nec
1268 1758 1342 1785 non
1373 1746 1512 1784 fandae
1543 1753 1579 1783 et
1609 1747 1793 1785 amandae

395 1805 644 1851 Assignemur
673 1804 817 1840 lumini.
1213 1804 1310 1841 Suae
1340 1814 1472 1841 sacrae
1502 1804 1662 1844 comitis.

254 1890 291 1927 2.
338 1888 404 1926 Illi
437 1888 548 1926 detur
579 1892 615 1925 et
646 1892 820 1925 cantetur
1071 1890 1107 1927 6.
1157 1889 1269 1926 Illum
1302 1887 1404 1925 ferae
1433 1898 1644 1938 servavere,

395 1945 495 1982 Laus
526 1949 564 1981 et
593 1945 714 1981 honor
743 1945 892 1993 iugiter,
1210 1945 1307 1982 Nam
1339 1955 1504 1992 paganos
1535 1945 1638 1981 ocius

337 2002 407 2048 Qui
435 2002 586 2038 virtutis
619 2005 656 2038 et
686 2001 819 2038 salutis
1154 2003 1380 2040 Invaserunt
1410 2006 1446 2037 et
1477 2005 1706 2048 straverunt,

393 2058 502 2095 Dona
532 2062 701 2105 praestat
731 2058 900 2104 largiter,
1209 2058 1383 2096 Malchus
1413 2058 1538 2094 stabat
1568 2058 1712 2095 medius

336 2115 410 2152 Per
431 2125 540 2161 quem
561 2120 667 2151 tanta
685 2115 833 2160 scripsi.
858 2119 999 2161 quanta
1154 2116 1232 2152 Ista
1263 2115 1395 2151 videns
1426 2121 1460 2150 et
1495 2113 1699 2163 confidens,

395 2171 570 2208 Malchus
602 2172 678 2218 egit
708 2171 871 2208 fortiter.
1210 2171 1348 2208 Adhuc
1377 2177 1502 2208 tamen
1534 2171 1682 2209 dubius.

254 2259 290 2296 3.
336 2256 590 2294 Plurimorum
621 2256 766 2298 laudes,
799 2267 956 2303 quorum
1073 2257 1108 2294 7.
1156 2256 1224 2295 Cui
1255 2255 1353 2293 bona
1383 2257 1483 2292 inter
1513 2255 1611 2292 dona

393 2313 497 2350 Deus
528 2316 585 2349 est
614 2313 709 2358 laus,
742 2313 896 2361 contuli,
1210 2313 1305 2349 Tum
1336 2323 1404 2359 per
1430 2311 1682 2348 innocentiam

337 2369 400 2407 Ad
433 2375 641 2406 extremum
669 2369 785 2406 verba
816 2370 963 2406 demum
1153 2369 1247 2416 Spes
1279 2368 1452 2410 manebat
1484 2373 1521 2404 et
1551 2366 1741 2414 gaudebat

392 2427 437 2464 In
469 2427 658 2473 captivum
690 2425 833 2472 appuli.
1211 2426 1303 2462 Tum
1336 2436 1405 2472 per
1435 2425 1505 2462 Dei
1537 2424 1711 2471 gratiam,

337 2480 429 2519 Vita
459 2483 562 2519 cuius
595 2493 669 2519 non
700 2488 755 2518 est
788 2482 909 2527 huius,
1153 2481 1352 2519 Evadendi
1385 2486 1422 2518 et
1452 2481 1605 2517 vivendi

392 2539 462 2585 Qui
493 2549 591 2575 nunc
623 2539 726 2583 vivit⁷
760 2538 901 2584 populi.
1208 2538 1385 2575 Habebat
1415 2537 1604 2576 fiduciam.

252 2621 287 2655 4.
334 2617 419 2655 Non
450 2617 629 2665 peccabo,
662 2617 693 2653 si
725 2617 894 2663 aequabo
1066 2619 1106 2656 8,
1154 2618 1252 2664 Quid
1284 2617 1452 2661 terroris,
1485 2616 1576 2663 quid
1605 2614 1744 2653 amoris

392 2674 541 2712 Sanctis
573 2674 681 2710 huius
713 2674 894 2720 temporis
1208 2674 1331 2711 Corde
1361 2684 1427 2710 suo
1460 2671 1584 2722 fuerit,

334 2730 477 2767 Malchi
507 2731 633 2777 vitam,
667 2730 879 2767 redimitam
1150 2730 1240 2768 Cum
1271 2730 1415 2766 servire
1445 2734 1481 2765 et
1511 2729 1638 2775 perire

392 2788 499 2824 Omni
531 2787 808 2834 lucefflecoris,
1207 2787 1300 2824 Suos
1332 2786 1457 2822 hostes
1489 2785 1640 2829 viderit,

333 2844 460 2889 Ipsum
492 2845 549 2880 cio
581 2843 694 2880 corde
725 2844 796 2890 pio.
1148 2843 1195 2880 Sc
1226 2848 1414 2879 servatum
1446 2848 1484 2878 et
1514 2842 1684 2888 vitatum,

390 2899 441 2937 Ut
471 2900 519 2936 sit
550 2911 691 2936 memor
720 2899 907 2938 memoris,
1203 2899 1337 2937 Nullus
1366 2909 1490 2935 sermo
1521 2895 1760 2944 prompserit.
