2031 3289
932 205 980 208 —
1043 181 1122 221 162
1183 203 1235 208 ———

308 295 344 332 3.
377 293 511 331 Virum
545 298 582 330 et
613 292 775 331 feminae
1123 297 1160 333 4.
1195 295 1275 340 Quo
1305 306 1441 342 nempe
1470 296 1590 334 maior
1620 301 1676 333 est

434 361 613 397 praeesse
643 351 826 396 novimus,
1249 351 1322 388 viri
1354 352 1565 390 sublimitas

377 406 470 444 Eius
503 407 549 444 de
581 418 738 454 corpore
1194 408 1319 454 Atque
1348 410 1539 455 potentiae

435 474 545 510 quam
577 464 737 510 sumpsit
768 463 963 510 Dominus,
1250 465 1448 510 praecellit
1484 465 1660 512 dignitas,

378 519 477 556 Hinc
507 520 579 557 Dei
613 520 770 557 dicimus
1193 520 1250 557 Eo
1282 521 1339 557 vir
1369 522 1529 570 amplius

435 577 555 612 virum
588 577 787 623 imaginem
1251 582 1307 613 est
1337 577 1417 615 Deo
1448 579 1593 627 similis,

378 633 545 679 Eiusque
577 631 754 670 seminam
1194 634 1287 671 Cum
1318 634 1415 671 hanc
1447 640 1484 671 et
1514 636 1609 672 ratio

433 689 732 729 similitudinem.
1254 696 1463 737 praeponat
1495 692 1643 730 ceteris,

730 822 768 858 5.
800 820 963 857 Perenni
994 820 1155 857 Domino

856 887 994 924 perpes
1025 877 1075 913 sit
1105 877 1237 923 gloria,

799 933 857 970 Ex
890 945 963 980 quo
993 938 1092 979 sunt,
1124 943 1193 980 per
1223 944 1331 980 quem
1363 937 1462 978 sunt,

859 990 897 1026 in
928 1001 1001 1037 quo
1031 994 1118 1027 sunt
1148 990 1294 1027 omnia:

787 1045 846 1082 Ex
877 1057 950 1092 quo
981 1051 1078 1096 sunt,
1111 1046 1213 1083 Deus
1245 1050 1314 1094 est,

860 1113 930 1150 per
959 1113 1068 1150 quem
1100 1107 1187 1139 sunt
1216 1102 1328 1149 filius,

790 1161 834 1197 In
865 1170 938 1206 quo
969 1163 1066 1209 sunt,
1099 1160 1220 1206 patris
1252 1163 1290 1197 et

858 1215 928 1252 filii
958 1217 1128 1263 spiritus,

400 1344 428 1375 B
461 1344 520 1375 fol.
557 1342 641 1376 86a.
674 1362 716 1365 ——
748 1342 786 1384 3,
822 1343 841 1376 7
875 1344 989 1386 Eique
1021 1346 1060 1375 B.
1094 1362 1135 1366 .-
1172 1346 1295 1377 Dieser
1326 1346 1484 1387 Hymnus
1517 1346 1626 1377 bildet
1656 1347 1691 1377 iu
1722 1348 1782 1379 der
1806 1347 1870 1379 Hs.

310 1389 550 1421 irrtiimlieher
575 1391 694 1422 Weise
719 1391 784 1421 mit
807 1388 867 1422 ΝΥ.
897 1389 958 1422 135
982 1388 1052 1432 (25)
1075 1401 1139 1422 nur
1164 1392 1276 1423 einen.

890 1636 961 1672 138.
999 1637 1080 1680 (28.)
1115 1637 1288 1673 sabbato.

976 1731 1028 1762 Ad
1052 1731 1202 1763 Laudes.

312 1855 349 1892 1.
381 1854 515 1891 Finem
545 1865 590 1891 ac
620 1856 787 1902 requiem
1128 1859 1166 1896 3.
1203 1858 1274 1894 Per
1305 1858 1444 1904 gradus
1476 1859 1642 1906 singulos

439 1911 609 1948 laborum
640 1913 806 1949 omnium
1255 1914 1377 1951 deduc
1407 1926 1486 1964 nos,
1519 1916 1691 1963 Domine,

381 1967 636 2006 Beatitudinis
1198 1971 1249 2009 Ut
1279 1975 1415 2018 queant
1447 1972 1615 2010 membra
1641 1976 1691 2022 te,

437 2025 598 2072 imponit
628 2025 813 2073 bravium,
1255 2032 1379 2078 caput,
1413 2030 1662 2080 apprendere,

380 2082 445 2118 Ad
478 2081 575 2119 hanc
606 2083 835 2130 pertingitur
1200 2085 1240 2121 In
1274 2086 1353 2122 veri
1383 2085 1539 2123 Sabbati

440 2148 509 2184 per
539 2139 818 2186 praecedentia,
1253 2143 1410 2188 perenni
1441 2143 1574 2188 gloria,

383 2196 487 2241 Quae
516 2206 582 2232 sex
613 2196 825 2243 significant
1199 2199 1312 2236 Cuius
1345 2205 1573 2246 exsuperant

441 2252 584 2289 dierum
615 2264 744 2301 opera.
1255 2266 1364 2293 omne
1395 2266 1458 2293 cor
1488 2257 1637 2304 gaudia.

315 2383 356 2419 2.
389 2382 519 2430 Fides,
551 2394 637 2431 spes
665 2383 730 2421 illa
762 2388 861 2433 sunt,
1129 2387 1165 2423 4.
1200 2386 1362 2423 Perenni
1392 2386 1555 2424 Domino

442 2440 567 2488 timor,
601 2440 766 2490 dilectio,
1255 2453 1390 2489 perpes
1422 2444 1469 2480 sit
1500 2445 1632 2494 gloria,

387 2496 574 2543 Baptismi
605 2497 729 2544 gratia
1197 2500 1256 2536 Ex
1288 2511 1360 2546 quo
1391 2505 1502 2548 sunt,
1534 2511 1604 2548 per
1631 2511 1739 2548 quem
1770 2505 1868 2548 sunt,

442 2553 658 2600 Christique
689 2554 827 2601 passio,
1255 2557 1293 2592 in
1321 2568 1393 2603 quo
1423 2563 1509 2594 sunt
1538 2558 1684 2596 omnia:

384 2609 507 2647 Huius
538 2611 677 2648 senarii
1198 2613 1241 2649 In
1273 2624 1345 2659 quo
1377 2619 1474 2663 sunt,
1508 2619 1618 2661 pater
1648 2618 1717 2662 est,

439 2666 561 2704 beatis
591 2667 772 2714 gradibus
1255 2680 1324 2716 per
1355 2681 1461 2717 quem
1493 2676 1592 2718 sunt,
1625 2671 1737 2719 filiuS,

386 2723 638 2761 Beatitudinis
1201 2726 1244 2763 In
1275 2737 1347 2773 quo
1378 2733 1476 2774 sunt,
1509 2728 1628 2775 patris
1659 2733 1694 2765 et

442 2781 611 2817 succedit
640 2781 778 2821 aditus,
1257 2783 1324 2819 tilii
1355 2784 1524 2831 spiritus.

407 2909 431 2939 R
458 2909 516 2939 fol.
542 2908 629 2942 861..
657 2927 697 2930 —
724 2908 755 2947 5'»,
780 2909 800 2941 4
827 2910 1092 2951 apprehendere.
