2031 3289
878 210 1185 250 —534—

599 386 680 422 365.
716 385 774 429 (3.)
809 387 868 422 De
893 388 1035 423 sancta
1060 388 1149 423 Mar

921 458 973 488 Ad
1001 457 1147 490 Laudes.

255 560 291 600 1.
338 560 367 598 O
397 560 534 608 Maria,
567 561 644 598 noli
674 559 777 611 flere,
1067 563 1105 599 4.

395 617 473 653 Iam
503 628 575 654 non
608 628 767 664 quaeras
799 616 931 664 alium3

338 673 571 710 Hortulanus
602 673 664 710 hic
694 677 752 710 est
782 683 869 710 vere

392 729 445 766 Et
476 730 628 767 colonus
659 730 850 779 mentium,

338 785 443 822 Intra
473 786 609 822 mentis
642 786 790 823 hortum
821 796 958 833 quaere

391 842 533 892 Mentis
564 843 790 889 operarium.

253 957 291 993 2.
339 954 452 992 Unde
493 955 667 1001 planctus
699 959 735 991 et
765 954 998 991 lamentum?
1072 960 1108 995 5.

397 1011 495 1056 Quid
531 1015 693 1048 mentem
725 1022 799 1048 non
831 1011 943 1058 erigis
955 1010 972 1046 ἶ)

337 1067 434 1112 Quid
466 1068 628 1104 revolvis
659 1066 969 1104 monumentum?

395 1123 533 1160 Tecum
566 1127 635 1168 est,
668 1134 777 1170 quem
810 1123 958 1171 diligis;

337 1181 458 1217 lesuin
491 1180 654 1227 quaeris,
687 1185 723 1216 et
754 1181 946 1217 inventum

393 1235 520 1273 Habes
551 1247 621 1273 nec
650 1236 843 1283 intelligis.

250 1349 286 1388 3.
334 1348 445 1387 Unde
476 1349 607 1395 gemis,
639 1349 739 1386 unde
770 1348 927 1396 ploras?
1069 1352 1106 1390 6.

392 1406 530 1443 Verum
563 1405 679 1442 habes
711 1406 910 1454 gaudium3

335 1462 447 1498 Latet
477 1463 515 1499 in
546 1466 594 1511 te,
628 1462 729 1509 quod
759 1462 921 1512 ignoras,

393 1518 545 1555 Doloris
576 1519 779 1568 solacium,

335 1575 440 1611 Intus
473 1575 601 1622 habes,
634 1575 784 1621 quaeris
815 1573 917 1612 foras

390 1631 599 1678 Languoris
631 1631 851 1671 remedium.

1150 387 1191 424 ia
1218 389 1470 432 Magdalena.

1152 561 1231 598 Iam
1262 571 1333 597 non
1366 561 1495 605 miror,
1529 561 1560 597 si
1592 560 1744 597 nescisti

1207 617 1446 665 Magistrum,
1479 617 1566 654 dum
1596 618 1776 663 seminat;

1151 674 1298 717 Semen,
1317 674 1415 720 quod
1430 677 1485 710 est
1499 673 1654 712 verbum
1669 673 1813 711 Christi

1207 730 1261 767 Te
1292 730 1410 777 magis
1441 730 1640 778 illuminat,

1151 786 1202 823 Et
1232 786 1409 823 Rabbow·
1441 786 1686 832 respondisti,

1209 842 1306 879 Dum
1339 843 1515 879 Mariam
1545 843 1725 879 nominat.

1157 955 1277 993 Pedes
1308 954 1451 993 Christi
1481 965 1576 1001 quae
1606 955 1733 992 lavisti

1212 1012 1334 1049 Fonte
1364 1011 1442 1048 lota
1473 1012 1632 1060 gratiae,

1153 1068 1269 1114 Quem
1301 1067 1347 1104 ab
1379 1067 1462 1114 ipso
1493 1067 1683 1114 recepisti,

1211 1123 1347 1162 Funde
1378 1133 1500 1160 rorem
1531 1124 1675 1169 veniae,

1154 1180 1412 1227 Resurgentis‚
1444 1190 1552 1226 quem
1585 1180 1726 1229 vidisti,

1210 1237 1290 1274 Fac
1321 1241 1514 1273 consortes
1544 1236 1698 1283 gloriae.

1153 1349 1286 1388 Gloria
1317 1353 1353 1385 et
1384 1349 1504 1385 honor
1535 1348 1627 1394 Deo,

1208 1405 1323 1444 Cuius
1354 1404 1524 1453 praefert
1554 1406 1677 1452 gratia

1152 1462 1331 1499 invitanti
1365 1461 1565 1508 pharisaeo

1207 1518 1354 1556 Mariae
1385 1518 1561 1565 suspiria,

1152 1574 1290 1612 Cenam
1321 1575 1421 1611 vitae
1451 1574 1514 1620 qui
1545 1574 1610 1611 dat
1642 1584 1705 1610 reo

1207 1631 1362 1669 Gratiae
1395 1635 1479 1677 post
1510 1630 1685 1676 prandia.

342 1742 486 1774 Collect.
519 1752 581 1773 ms.
615 1742 782 1773 Pratense
815 1741 872 1779 (ol.
906 1742 1196 1780 Cirencestren.‘?)
1228 1752 1318 1774 saec.
1355 1740 1406 1773 13.
1440 1753 1491 1774 ex.
1549 1741 1632 1773 Cod.
1664 1741 1810 1772 Parisiu.

214 1805 218 1807 ὴ
254 1784 380 1819 11867.
414 1788 453 1818 A.
487 1805 531 1808 ——
562 1787 706 1819 Collect.
740 1798 801 1818 ms.
835 1787 996 1819 Italicum
1030 1798 1120 1819 saec.
1147 1785 1198 1818 14.
1224 1789 1271 1819 in.
1324 1787 1406 1818 Cod.
1432 1788 1593 1819 Rossian.
1619 1787 1670 1818 IX
1694 1783 1748 1817 43.
1775 1787 1812 1817 B.

251 1850 296 1856 —
321 1832 465 1865 Collect.
491 1843 553 1865 ins.
578 1832 818 1864 Vadstenense
844 1842 932 1864 saec.
963 1831 1012 1863 15.
1061 1833 1144 1865 Cod.

253 1877 543 1919 Cantabrigiense
569 1887 658 1909 saec.
687 1876 738 1909 15.
779 1877 863 1910 Cod.
888 1878 1043 1909 Duacen.
1072 1876 1145 1910 167.

254 1920 352 1954 1462.
401 1923 483 1955 Cod.
510 1923 769 1954 Darmstadien.
796 1921 872 1954 521.
899 1923 939 1954 Ε.

343 1966 373 2006 2,
399 1966 420 1999 2
452 1970 576 2000 mentis
608 1969 646 1999 B.
680 1986 724 1989 —
757 1965 789 2007 3,
816 1966 832 1999 1
859 1969 968 2010 gemis
994 1967 1079 1999 fehlt
1104 1969 1142 1999 B.

251 2013 343 2055 quod
367 2015 509 2045 nescisti
534 2014 574 2045 A.
601 2030 642 2034 —
668 2011 699 2051 4,
725 2011 745 2045 6
775 2014 861 2046 Cum
887 2015 999 2045 Maria
1024 2013 1067 2048 B:
1095 2014 1244 2045 Mariam
1271 2023 1348 2045 cum
1373 2013 1414 2045 E.
1441 2032 1483 2036 —
1509 2012 1540 2051 5,
1562 2011 1583 2045 2
1599 2014 1670 2045 leta
1685 2012 1812 2055 gaudie
1842 2025 1844 2027 ’

1171 1833 1337 1875 Upsalen.
1364 1833 1390 1864 C
1416 1829 1470 1863 23.
1499 1832 1536 1864 C.
1563 1849 1602 1853 -
1629 1832 1732 1863 Brev.
1751 1841 1812 1862 nis.

1171 1879 1214 1910 D.
1240 1896 1283 1901 —
1310 1879 1405 1909 Orat.
1432 1888 1493 1908 ms.
1519 1878 1711 1918 Campense
1729 1878 1810 1908 anni

1168 1984 1212 1989 —
1236 1965 1267 2006 3,
1293 1966 1314 2000 5
1339 1969 1458 2000 Habes
1484 1969 1576 1999 intus
1602 1969 1640 2000 A.
1667 1985 1711 1989 —
1734 1966 1766 2006 4,
1794 1965 1809 1998 1

252 2059 293 2090 A.
319 2076 363 2080 —
387 2057 418 2096 5,
445 2058 464 2090 5
490 2059 741 2101 Resurgentein
769 2069 871 2100 quem
888 2059 935 2097 Β,
961 2060 1211 2100 Resurgentem
1230 2069 1317 2100 quae
1336 2059 1406 2090 ΑΕ.
1426 2076 1470 2080 —
1487 2056 1519 2096 6,
1536 2056 1556 2090 3
1574 2060 1749 2091 Invitante
1767 2059 1806 2090 A.

649 2237 730 2272 :36ss.
768 2238 825 2279 (4.)
862 2238 907 2272 In
932 2237 1146 2272 Invention

259 2344 326 2379 la.
369 2342 407 2379 Si
440 2343 495 2379 vis
527 2352 616 2380 vera
648 2341 722 2379 frui
753 2343 847 2392 lucc,
1072 2342 1142 2383 lb.

365 2399 408 2435 In
440 2399 640 2445 praeclara
672 2399 816 2437 Christi
848 2410 958 2436 cruce

422 2455 589 2492 Gloriari
625 2456 791 2503 studeas,

253 2570 327 2606 2a.
370 2568 475 2605 Haec
516 2574 571 2604 est
605 2568 722 2605 clavis
753 2572 995 2612 secretorum,
1070 2569 1143 2608 2b.

369 2625 450 2661 Hoc
480 2624 517 2661 in
550 2623 674 2661 fronte
703 2624 934 2672 signatorum

426 2680 578 2728 Signum
611 2684 665 2717 est
693 2681 895 2728 victoriae,

256 2796 325 2830 tia.
370 2794 409 2830 In
452 2794 522 2831 hoc
554 2798 660 2831 vecte
691 2793 822 2831 botrus
854 2798 995 2832 vectus
1068 2794 1142 2832 3b.

371 2851 409 2885 In
443 2850 512 2886 1100
543 2850 630 2897 palo
661 2850 916 2897 praedilectus

427 2906 582 2944 Morbos
614 2911 722 2944 sanat
753 2907 939 2948 omnium;

1151 2248 1171 2273 e
1197 2249 1230 2274 s.
1260 2237 1413 2274 Crucis.

1186 2343 1235 2381 Ut
1268 2343 1315 2380 de
1350 2343 1537 2389 passionis
1567 2342 1684 2380 clavis

1181 2399 1408 2437 Fabricetur
1437 2399 1505 2436 tibi
1538 2399 1667 2446 clavis,

1237 2456 1317 2502 Qua
1348 2456 1492 2493 caelum
1523 2456 1699 2493 introeas.

1185 2569 1268 2606 Hoc
1299 2568 1461 2615 sigillum
1493 2568 1626 2605 summi
1657 2568 1768 2616 regis,

1182 2626 1287 2663 Haec
1328 2630 1384 2662 051
1424 2625 1526 2662 scala
1557 2635 1675 2662 novae
1705 2624 1810 2671 legiS,

1238 2682 1320 2719 Hoc
1351 2681 1528 2718 vexillum
1561 2681 1716 2728 gloriae.

1185 2794 1258 2832 Hic
1289 2799 1343 2831 cst
1375 2795 1494 2831 lectus
1526 2793 1774 2841 praeelectus,

1181 2851 1239 2888 Ex
1271 2851 1401 2888 electis
1433 2856 1489 2889 cst
1521 2849 1714 2888 confectus

1239 2908 1348 2945 Liliis
1382 2907 1621 2946 convallium.
