1914 3223
761 187 1071 228 —361—

164 304 236 341 4a.
281 302 350 346 Tu,
383 302 447 349 qui
477 300 594 338 habes
626 311 781 338 aureum

277 358 483 396 turibulum

278 425 362 452 cum
392 414 557 451 incensis
587 414 814 462 orationum,

161 502 184 538 5
203 510 236 538 a.
283 500 399 549 Ergo,
432 499 532 546 quod
565 499 712 546 Petrus,

160 700 230 736 fia.

153 1321 223 1359 Sa.

153 1577 223 1613 9a.

123 1832 172 1869 10
187 1841 222 1870 a.

122 2024 220 2062 11a.

123 2274 175 2312 12
191 2285 225 2312 a.

124 2523 221 2563 132.

279 557 480 595 Iohannes.
512 555 672 593 Iacobus

280 613 380 650 inter
411 613 616 661 apostolos,

273 697 433 736 Iacobus

272 759 308 791 et
339 754 512 801 Raphael
543 754 767 800 explantant

268 811 374 858 vitia,

270 867 458 904 Iohannes
489 871 601 914 atque
632 866 791 904 Gabriel

271 924 465 961 illustrant
496 924 624 962 corda.

273 1008 329 1045 Tu
363 1009 576 1058 draconem,

271 1069 311 1102 tu
343 1065 531 1102 Neronem

269 1122 456 1171 humilias,

270 1184 311 1216 tu
341 1179 527 1226 angelum,

267 1240 308 1272 tu
339 1235 539 1283 hominem,

266 1320 432 1357 Michael

267 1387 352 1414 nam
385 1382 514 1414 sonat:
547 1377 637 1423 Quis
668 1381 709 1414 ut
737 1375 872 1414 Deus?

264 1433 416 1470 humilis
447 1438 485 1471 at
517 1443 666 1471 crucem

264 1495 374 1537 gyrat
406 1492 554 1538 Petrus,

265 1574 329 1612 Sic
358 1579 417 1612 ter
446 1575 545 1612 terni

266 1632 410 1669 docetis
441 1632 608 1681 ordines,

264 1694 324 1726 ter
353 1693 505 1725 sanctus
535 1699 699 1726 consone

271 1746 563 1794 conclamantes,

262 1831 326 1869 Ad
356 1831 466 1868 huius
497 1835 650 1869 sanctae

264 1888 448 1925 trinitatis
481 1889 623 1925 cultum
653 1899 762 1926 sanc-

318 1945 504 1982 tissimum

262 2024 338 2061 Vos
369 2030 497 2061 ternos

263 2082 437 2118 continue

262 2137 414 2175 ordines
446 2142 572 2175 vestro

262 2194 451 2232 iuvamine

267 2275 323 2313 Ut
352 2274 415 2321 qui
446 2285 515 2321 per
545 2273 776 2321 superbiam,

265 2331 488 2376 vanitatem,
521 2330 754 2378 illecebram,

266 2387 350 2436 heu,
383 2398 509 2424 sumus
539 2387 706 2434 oppositi

263 2444 375 2491 patri,
409 2444 538 2491 verbo,
570 2443 777 2492 pneumati,

262 2523 307 2560 In
339 2526 471 2560 sancta
501 2521 588 2572 fide,
623 2533 702 2570 spe,

264 2580 425 2616 caritate

265 2636 359 2686 sani,
391 2636 494 2683 laeti,
525 2635 678 2684 integri,

972 288 1008 341 '4
1023 301 1060 343 b.
1102 299 1223 340 Deum
1255 301 1384 348 placas
1416 300 1569 337 humilis

1096 359 1334 406 altissimum,

1098 415 1271 452 minister
1303 413 1678 453 consummationum.

984 500 1061 539 5b.
1103 500 1186 536 Hoc
1216 510 1294 549 VOS,
1327 499 1506 547 Michael,

977 697 1051 738 6b.

979 1009 1052 1050 7b.

973 1321 1046 1362 8b.

976 1575 1049 1614 9b.

942 1830 1046 1870 10b.

943 2025 992 2063 11
1008 2024 1046 2063 b.

943 2273 993 2312 12
1009 2272 1046 2312 b.

942 2522 993 2560 13
1007 2521 1044 2560 b.

1098 556 1267 602 Gabriel,
1301 556 1483 605 Raphael,

1095 613 1186 649 estis
1216 612 1316 649 inter
1345 613 1511 660 angelos.

1091 698 1161 743 Tu,
1196 697 1319 746 Petre,

1090 758 1216 802 tuque,
1250 754 1429 803 Michael,
1460 755 1539 792 bini

1091 811 1263 859 vertices,

1092 866 1333 914 perfectricis
1366 867 1516 905 virtutis

1092 924 1196 971 paris
1227 923 1474 970 perfectores,

1094 1009 1194 1046 Hinc
1225 1009 1463 1055 daemonum,

1088 1066 1176 1102 hinc
1208 1066 1416 1104 Romanum

1087 1123 1365 1169 triumphantes

1088 1180 1125 1216 in
1157 1179 1320 1216 Domino

1087 1236 1357 1283 principatum.

1090 1321 1280 1358 Docentes

1085 1388 1232 1414 omnem
1264 1378 1420 1424 gloriam
1455 1378 1571 1425 caelo,

1085 1439 1189 1471 terra
1220 1435 1290 1471 soli
1324 1435 1405 1472 Deo

1085 1491 1338 1529 condebitam.

1092 1575 1250 1613 Trinum
1281 1580 1393 1622 atque

1086 1643 1200 1669 unum
1232 1632 1367 1677 Deum,
1400 1633 1519 1670 solum

1087 1693 1270 1735 sanctum,
1303 1690 1444 1727 sanctis
1476 1691 1620 1728 cunctis

1086 1744 1393 1793 praeferendum.

1089 1814 1395 1878 Coniugatorum,

1084 1888 1357 1924 continentium
1389 1896 1502 1936 atque

1139 1948 1327 1981 rectorum

1089 2024 1266 2071 Purgate,

1082 2080 1285 2126 illustrate,

1082 2137 1306 2186 humilitate,

1078 2193 1264 2241 perficite.

1088 2273 1168 2310 Iam
1199 2283 1269 2319 per
1298 2272 1580 2318 abstinentiam,

1085 2340 1251 2378 oramen,
1283 2330 1537 2376 elemosynam

1082 2386 1219 2432 sobrie,
1252 2386 1361 2432 iuste,
1393 2386 1456 2433 pie

1081 2442 1250 2480 vivamus
1283 2442 1362 2480 Deo
1393 2443 1545 2490 placite,

1087 2521 1163 2558 Ter
1193 2525 1345 2558 sanctus
1378 2522 1585 2559 clamantes

1083 2578 1278 2615 dulcisone

1083 2635 1209 2681 corde,
1241 2645 1319 2680 ore,
1353 2644 1481 2681 opere,

529 2715 594 2753 14.
642 2714 842 2760 Simusque
871 2713 1065 2751 vobiscum
1097 2714 1194 2759 grati

641 2781 809 2807 summae
838 2770 1014 2809 trinitati.

211 2872 315 2905 Grad.
334 2883 396 2903 ms.
415 2870 672 2912 secoviensem
689 2880 780 2903 saec.
801 2869 852 2903 12.
893 2871 977 2904 Cod.
996 2871 1239 2903 Vindobonen.
1261 2868 1388 2903 13314.
1408 2888 1453 2893 -α
1470 2865 1683 2904 'Uberschuss

58 2954 63 2958 ι
119 2917 236 2959 vonje
250 2919 346 2950 einer
359 2917 473 2950 silbe:
487 2915 548 2952 31),
563 2915 598 2948 6:
615 2915 675 2955 5b,
690 2914 725 2955 33
741 2915 804 2955 61),
818 2915 858 2956 53
880 2914 962 2955 12b‚
976 2915 1008 2948 4.
1027 2934 1067 2938 —
1088 2916 1306 2949 wiederholt
1325 2927 1387 2948 aus
1407 2917 1506 2949 Anal.
1525 2919 1586 2955 lx,
1605 2916 1683 2950 275.
