2031 3289
1003 213 1049 219 —
1111 187 1305 232 220—-

395 306 431 343 2.
463 303 605 342 Christi
635 304 752 351 pedes

519 361 621 406 capit
650 370 818 407 unguens
849 361 996 410 mulier,

460 416 648 453 Christum
680 427 762 453 eum

520 471 609 509 feeit
643 473 908 521 corporaliter3

463 529 679 566 Sacerdotis

516 589 552 621 ct
583 586 681 632 regis
711 585 891 633 mysteria

460 642 679 688 Suscepisse

515 703 685 735 constant
720 699 818 735 hunc
846 710 866 735 a
899 697 1050 746 femina,

569 755 621 792 Et
651 755 713 802 qui
745 766 826 791 eum

627 822 738 848 sexus
770 812 931 859 peperit,

571 868 814 905 Sacramenta

626 935 772 971 quoque
803 925 975 964 tradidit.

465 1037 490 1067 B
515 1036 573 1067 fol.
596 1034 682 1070 961).
710 1056 750 1059 -—
777 1034 808 1075 3,
835 1034 854 1067 6
879 1037 949 1068 vile
975 1038 1094 1078 magis.

1204 307 1241 343 3.
1272 305 1322 342 Et
1351 307 1499 353 sepulto

1331 361 1456 399 ferens
1486 363 1548 400 hic
1578 369 1746 402 aromata

1275 418 1519 465 Resurgentis
1652 463 1655 466 ¹

1332 475 1436 522 prius
1467 476 1563 512 vidit
1591 478 1741 523 gaudia,

1275 531 1326 568 Et
1356 542 1401 568 ex
1434 533 1545 578 culpa

1332 588 1416 625 vilis
1446 589 1564 636 magis
1595 588 1735 627 femina

1275 645 1318 681 In
1351 644 1421 681 hac
1451 655 1578 682 omnes

1329 701 1531 738 antecessit
1563 703 1697 750 gratia,

1387 759 1438 797 Ut
1471 762 1612 806 pateat,

1440 819 1580 861 quanto
1611 816 1748 862 gaudio

1384 871 1621 908 Peccantium

1439 928 1487 964 sit
1519 929 1726 966 conversio.

743 1215 825 1251 ⁶238.
861 1215 964 1258 (128.)
996 1215 1054 1251 De
1080 1215 1120 1252 S.
1148 1216 1279 1252 Maria
1303 1217 1557 1260 Magtlalena.

1015 1287 1174 1327 Hymnus
1202 1288 1304 1328 prior.

390 1401 426 1440 1.
460 1400 689 1437 Peccatricis

515 1457 648 1494 beatae
679 1457 912 1495 sollemnitas

456 1515 678 1551 Peccatores

515 1571 676 1607 maxime
707 1570 901 1615 laetificat,

461 1629 546 1664 Post
579 1627 675 1663 hanc
706 1638 813 1664 nemo

516 1684 689 1730 desperet
723 1685 769 1720 de
800 1685 922 1731 venia,

457 1744 790 1787 Quantumcunque

541 1798 769 1843 praecedant
802 1796 954 1843 flagitia!

570 1854 609 1890 Si
640 1855 802 1890 lamenta

628 1911 880 1956 paenitentiae

570 1967 852 2014 Subsequentur

624 2025 705 2061 loco
737 2024 922 2063 victimae,

391 2140 428 2175 2.
462 2137 535 2173 Cor
565 2137 779 2186 contritum,

517 2193 718 2230 tribulatus
749 2195 904 2240 spiritus

458 2250 698 2287 Holocaustis

512 2307 656 2353 gratius
685 2312 741 2343 est
771 2307 955 2353 omnibus,

455 2363 512 2401 Ibi
544 2364 700 2409 quisque

512 2424 651 2457 mactat
681 2421 780 2457 intus
812 2421 915 2463 vitia,

456 2477 528 2512 Hic
560 2482 772 2514 mactantur

511 2532 602 2570 foris
634 2534 835 2580 animalia,-

569 2590 626 2626 lbi
658 2591 813 2636 quisquc

623 2658 663 2683 se
694 2647 895 2696 sacrificat,

567 2704 640 2740 Hic
669 2704 773 2741 aliud

624 2772 693 2807 pro
724 2771 764 2796 sc
795 2761 974 2797 immolat.

1201 1402 1237 1439 3.
1273 1401 1330 1438 lbi
1361 1412 1483 1439 rerum

1327 1463 1383 1494 est
1413 1458 1579 1504 ipsarum
1612 1459 1750 1496 veritas

1270 1514 1342 1550 Hic
1373 1513 1513 1561 figurae

1327 1572 1509 1617 quaedam
1544 1568 1682 1622 [adest]
1713 1570 1874 1612 falsitas,

1274 1627 1330 1664 lbi
1363 1638 1499 1674 corpus

1327 1684 1388 1720 hic
1419 1689 1473 1721 est
1505 1685 1637 1721 umbra
1669 1686 1852 1732 corporis,

1271 1741 1370 1777 illud
1401 1748 1538 1787 manet,

1328 1808 1408 1834 cum
1440 1798 1533 1835 haec
1566 1799 1782 1846 evanuerit3

1384 1855 1467 1891 Hoc
1498 1856 1681 1893 exhibens

1442 1910 1533 1948 felix
1563 1912 1743 1949 meretrix

1384 1969 1458 2004 Res
1489 1979 1557 2014 pro
1588 1969 1704 2015 signis

1439 2025 1542 2071 ipsas
1573 2025 1725 2062 obtulit.

1231 2168 1238 2175 .
1272 2138 1529 2175 Lacriniarum

1327 2195 1463 2241 pingue
1494 2194 1732 2244 sacrificium,

1270 2251 1517 2288 iliodullatum

1329 2308 1585 2345 holocaustum
1618 2307 1784 2353 fletuum,

1271 2364 1393 2401 Multa
1424 2364 1530 2401 brevi

1327 2426 1631 2458 consummarunt
1660 2426 1832 2468 tempora

1271 2479 1475 2524 impetrata

1326 2535 1450 2571 statim
1482 2535 1726 2581 indulgentia.

1383 2592 1460 2638 Ipsi
1493 2592 1606 2627 ‹lecus

1438 2648 1511 2694 ipsi
1542 2648 1672 2697 gloria,

1382 2706 1503 2751 Super
1535 2705 1613 2741 eius

1437 2766 1541 2798 tanta
1573 2761 1707 2807 gratia.

465 2873 487 2902 lt
515 2872 571 2902 sol.
598 2871 682 2902 titii..
709 2889 748 2891 ψ·
777 2873 803 2903 (ἶ
829 2872 883 2903 Μ.
916 2871 1016 2904 1633.
1043 2892 1081 2895 —
1114 2871 1140 2910 1,
1167 2871 1187 2901 :l
1214 2874 1265 2903 bis
1284 2873 1422 2904 Scliluss
1441 2873 1553 2904 folilen
1574 2874 1609 2904 B.
1637 2891 1672 2895 —
1704 2872 1735 2909 3,
1761 2871 1782 2905 6
1799 2873 1853 2904 hic
1873 2875 1924 2905 est

370 2917 521 2947 inumbra
545 2919 581 2948 (J.
