2031 3289
316 297 382 335 17.

316 1018 382 1056 18.

318 1550 384 1587 20.

322 2273 389 2312 21.

928 178 1239 219 —382—

414 295 488 332 Sed
521 294 676 342 grandis
706 304 727 329 ο
758 293 922 343 miseria,

413 351 580 390 Caveant
609 349 682 386 sibi
712 349 806 392 lilia,

468 407 564 444 Nam
593 405 767 452 pascitur
796 405 839 441 in
869 405 985 443 liliis!

413 465 492 501 Hos
525 462 689 499 liliorum
722 462 828 498 curia

413 521 581 558 Sustinet
611 522 722 564 atque
753 518 879 564 patria

468 577 557 613 Cum
591 574 756 621 propriis
788 574 1002 620 stipendiis,

410 633 472 680 Et,
505 632 534 668 si
566 631 604 667 in
636 631 728 667 locis
759 631 844 667 aliis

412 690 635 734 Pascantur,
667 698 740 723 non
772 697 817 723 ex
850 686 1016 733 propriis

466 744 629 781 Faciunt
658 743 850 790 victualia,

411 803 605 848 Quaerunt
635 801 672 836 in
705 800 944 836 monasteriis

411 859 486 896 Pro
518 857 595 893 suis
626 856 851 893 necessariis

468 914 580 952 Ultra
611 924 720 960 quam
750 912 978 950 necessaria.

412 1017 548 1053 Donec
578 1015 657 1052 dies
688 1014 879 1061 adveniat,

411 1072 567 1119 Aspiret
597 1076 635 1107 et
665 1071 752 1107 talis
784 1069 862 1116 fiat,

469 1129 575 1174 Quod
589 1131 622 1165 et
630 1128 788 1165 umbrae
797 1126 1044 1175 incline-ntur,

411 1185 517 1231 Quod
550 1184 670 1222 omnis
701 1183 812 1220 homo
842 1194 901 1220 me
931 1183 1027 1221 sciat

412 1242 592 1289 Iudicem,
625 1241 688 1287 qui
718 1252 790 1277 non
825 1240 953 1277 deviat

467 1299 530 1344 Et,
549 1308 644 1345 quae
665 1307 793 1347 penso,
815 1297 1044 1345 revelentur,

1133 675 1197 713 19.

1229 292 1431 338 Nunquam
1449 291 1663 337 praedones
1680 292 1865 330 tollentur

1228 349 1263 386 A
1294 352 1344 394 te,
1377 358 1458 384 cum
1490 348 1791 394 multiplicentur

1287 405 1458 449 Semper,
1488 408 1526 440 et
1556 405 1680 441 nullus
1716 403 1834 442 faciat.

1229 461 1404 507 Tantum,
1437 460 1536 506 quod
1566 461 1866 498 exterminentur

1232 517 1300 554 Vel
1331 517 1466 554 saltem
1496 516 1721 563 alienentur,

1286 574 1363 610 Aut
1396 571 1574 610 defensor
1603 577 1688 610 tuus
1709 573 1797 612 fiat.

1231 675 1261 711 O
1295 674 1434 710 dilecta
1468 674 1642 719 ecelesia,

1231 730 1382 767 Sustine
1412 731 1495 766 vice
1525 731 1614 776 alia,

1287 787 1446 824 Causam
1478 791 1580 822 tuam
1611 786 1803 832 iudicabo,

1233 843 1386 880 Vadam
1416 843 1470 880 ad
1497 847 1665 880 montem
1695 848 1733 880 te
1764 844 1845 882 scia

1229 899 1406 943 Murrae,
1439 910 1548 946 quem
1579 904 1668 936 tunc
1698 901 1843 938 iustitia

1286 956 1422 993 Totum
1453 956 1696 993 amarificabo

1230 1012 1371 1050 Contra
1394 1013 1525 1060 malos,
1547 1024 1640 1059 quos
1663 1013 1867 1061 damnabo,

1229 1069 1289 1106 Ex
1320 1080 1392 1115 quo
1422 1069 1489 1105 bos
1522 1069 1771 1107 considerabo

1285 1125 1372 1162 Tibi
1403 1124 1538 1162 fecisse
1570 1126 1693 1174 noxia,

1229 1181 1303 1219 Sed
1340 1182 1393 1219 ad
1423 1182 1554 1219 collem
1585 1183 1872 1230 transmigrabo

1227 1239 1358 1282 Turis,
1392 1249 1476 1275 cum
1507 1239 1759 1277 remunerabo

1286 1295 1373 1332 Tibi
1402 1296 1550 1333 iunctos
1584 1296 1801 1334 eoncordia.

824 1443 992 1480 Filius
1032 1443 1092 1481 ad
1130 1446 1353 1480 matrem.

415 1548 515 1585 Tota
537 1545 705 1593 pulchra
736 1557 783 1595 es,
818 1545 947 1582 amica

416 1604 511 1641 Mea
543 1607 646 1639 casta
676 1606 713 1639 et
743 1602 894 1649 pudica,

473 1660 524 1697 Et
559 1670 638 1696 non
670 1662 722 1697 est
750 1659 794 1695 in
825 1665 859 1696 ce
879 1657 1050 1708 macula,

417 1717 529 1755 Felix
562 1716 629 1752 illa
661 1720 717 1752 est
750 1714 896 1752 fabrica

419 1771 667 1819 Praefulgens
699 1776 736 1808 et
767 1771 978 1821 magnifica,

477 1831 557 1876 Qua
589 1828 776 1866 fabricata
806 1829 970 1875 primula

417 1886 545 1925 Fuisti
575 1886 828 1932 innocentula,

420 1943 511 1981 Cum
544 1953 566 1978 a
597 1942 782 1979 communi
814 1942 944 1988 regula,

474 1999 664 2045 Exempta
693 1999 745 2035 sis
776 1997 990 2044 damnifica,

420 2054 666 2095 sanctificata
698 2055 857 2102 parvula

420 2113 474 2150 Te
506 2113 710 2149 mundante
741 2111 989 2158 praeambula

477 2169 611 2206 Gratia
642 2179 725 2207 mea
756 2168 912 2208 caelica.

425 2271 520 2308 Veni
550 2271 598 2307 ad
630 2281 701 2316 me,
732 2280 876 2316 sponsa
908 2280 1006 2317 mea,

421 2329 538 2375 Quam
571 2327 729 2363 caritate
760 2328 869 2373 ignea

478 2385 606 2421 Iunxit
638 2383 728 2420 mihi
762 2383 970 2429 paraclitus

423 2442 481 2478 De
512 2445 641 2477 sancta
674 2450 787 2477 carne
818 2444 956 2489 terrea,

421 2497 596 2537 Candida
627 2501 663 2532 et
693 2496 874 2543 virginea,

479 2553 531 2592 Ut
562 2554 605 2590 de
635 2553 789 2590 Libano
822 2552 973 2598 penitus

423 2610 562 2648 Veniat
592 2610 641 2647 ad
674 2620 732 2645 me
762 2608 938 2655 primitus

424 2667 618 2705 Candidus
649 2670 734 2703 tuus
765 2665 935 2712 spiritus,

483 2724 624 2766 Sciens,
649 2722 748 2769 quod
770 2726 856 2768 post
874 2731 1059 2768 corporea

428 2780 550 2818 Gleba
580 2779 760 2816 ascendet
791 2778 960 2823 caelitus,

428 2837 479 2874 Et
509 2836 689 2882 gaudebit
719 2835 908 2872 exercitus

483 2893 588 2931 Caeli
621 2896 776 2930 cantans
807 2891 846 2928 in
879 2891 1027 2930 chorea.

1141 2270 1208 2308 23.

1136 1546 1202 1583 22.
1240 1544 1335 1581 Vem'
1367 1548 1403 1580 et
1433 1544 1520 1580 veni
1551 1545 1668 1591 igitur

1233 1601 1296 1638 De
1323 1601 1492 1643 Libano,
1525 1613 1610 1638 nam
1644 1601 1784 1638 dicitur

1293 1657 1402 1696 Tibi:
1435 1657 1518 1694 iam
1549 1658 1792 1696 coronaberis

1235 1714 1359 1760 Supra
1389 1725 1509 1760 omne,
1541 1716 1642 1761 quod
1673 1715 1812 1751 colitur

1236 1772 1327 1809 Post
1357 1781 1415 1806 me
1447 1771 1506 1808 vel
1538 1782 1620 1808 esse
1651 1771 1835 1819 creditur,

1292 1828 1438 1874 Regina
1468 1828 1740 1874 appellaberis,

1239 1884 1376 1931 Capite
1404 1883 1567 1921 Ama-na
1597 1885 1692 1921 reris

1237 1941 1432 1986 Coronari,
1466 1951 1548 1977 cum
1580 1942 1728 1988 generis

1292 1997 1362 2034 Tui
1394 1997 1464 2034 tibi
1493 1998 1702 2045 imponitur

1239 2054 1382 2102 Honor,
1415 2058 1464 2100 et,
1496 2059 1537 2091 ut
1567 2055 1606 2092 in
1636 2053 1769 2091 inferis

1236 2111 1345 2148 Assis
1368 2111 1451 2147 'reis
1483 2116 1521 2147 et
1551 2111 1711 2153 miseris,

1293 2167 1514 2204 Auctoritas
1545 2167 1738 2207 tribuitur.

1240 2269 1302 2305 De
1331 2268 1454 2306 sanir
1484 2279 1631 2315 quoque
1659 2269 1794 2307 vertice

1237 2326 1464 2364 Coronanda
1495 2325 1681 2362 theatrice

1294 2381 1348 2419 Es
1379 2393 1402 2419 a
1432 2392 1491 2418 me
1522 2383 1602 2419 Deo
1629 2382 1782 2420 luminis

1240 2439 1437 2484 Superiori
1469 2439 1577 2484 apice

1238 2495 1445 2542 Dignitatis
1476 2493 1709 2542 magnificae,

1299 2552 1350 2590 Ut
1380 2552 1572 2598 particeps
1604 2551 1798 2598 regiminis

1242 2609 1435 2648 Ponenda,
1468 2614 1508 2644 ut
1540 2618 1625 2654 spes
1659 2607 1818 2645 hominis

1243 2665 1381 2701 Tenuis
1414 2663 1648 2702 fortitudinis

1299 2721 1351 2758 Et
1381 2721 1563 2758 oberrans
1594 2721 1810 2757 excentrica

1239 2778 1302 2815 Ex
1332 2782 1421 2814 nota
1452 2777 1721 2823 magnitudinis

1242 2834 1346 2871 Tuae
1377 2838 1415 2870 et
1443 2834 1656 2871 altitudinis

1299 2891 1550 2928 Convalescat
1580 2901 1653 2927 non
1684 2890 1847 2927 modice.
