1914 3223
809 92 863 99 —
921 72 1004 112 :339
1062 94 1116 100 —

197 185 263 223 41.
296 180 440 225 Vitam
472 182 692 224 aeternam
724 182 885 223 firmiter

295 241 420 278 Credo
451 247 489 278 et
519 241 615 278 hanc
646 240 812 278 finaliter

350 298 445 334 Dico
476 303 612 336 metam
643 298 841 348 incolatus,

293 352 417 399 Felix,
449 354 512 401 qui
543 354 649 392 vadit.
680 354 820 401 taliter,

292 411 398 456 Quod
439 422 511 448 non
542 411 669 457 perdit
701 422 805 448 suum
839 411 924 461 iter,

349 467 509 504 Sanctus
547 479 693 514 quoque
724 472 759 504 et
792 469 924 506 beatus

290 522 349 560 Ibi
380 524 500 560 omnis
531 524 748 569 collocatus,

292 580 390 616 Vere
419 586 473 616 est
506 579 737 626 glorificatus

346 636 396 672 Et
426 637 498 673 iam
531 637 622 673 vivit
655 636 830 686 feliciter,
893 637 899 643 '

291 692 446 729 Cunctis
477 698 534 730 est
564 693 616 730 ibi
648 699 802 740 paratus

292 748 445 786 Gloriae
476 749 581 786 locus
613 755 649 786 et
683 751 792 787 datus

344 806 433 843 Sine
463 805 538 843 fine
568 808 798 853 perenniter.

1011 187 1078 225 42.
1112 184 1246 227 Anien
1278 189 1392 225 corde
1424 189 1552 227 dicens
1585 201 1674 237 ergo

1110 245 1205 281 Volo
1235 245 1296 281 avi
1328 245 1383 281 illi
1415 257 1543 294 mergo

1167 301 1372 342 Dissimilis
1401 314 1475 340 non
1509 303 1611 349 tieri;

1109 356 1204 393 Nam
1233 358 1266 394 si
1300 358 1409 395 nimis
1440 370 1499 396 me
1529 360 1710 408 iinmorgo

1110 414 1177 450 Vel
1212 413 1399 460 profunde
1431 416 1542 453 nimis
1573 428 1690 464 pergo

1167 470 1315 507 Vadens
1344 472 1391 508 ad
1425 476 1554 518 portas
1582 472 1706 517 inferi,

1107 526 1146 564 Si
1178 537 1309 563 errans
1339 528 1473 565 umbra
1505 530 1654 576 vesperi

1107 582 1343 629 Labyrintho
1374 589 1414 621 ut
1447 586 1554 631 pueri

1161 640 1223 676 Ad
1242 640 1385 677 laevam
1405 653 1462 677 me
1480 642 1590 679 nimis
1609 654 1723 690 vergo

1104 696 1201 733 Tuto
1234 696 1317 733 volo
1348 697 1476 734 itineri

1104 752 1246 790 Redire
1279 763 1389 790 cursu
1422 755 1536 791 celeri

1163 809 1442 857 Respicereque
1473 823 1494 848 a
1525 816 1643 859 tergo.

1727 673 1736 693 7

264 950 405 982 Collect.
430 961 493 982 ms.
519 952 747 984 Caelestinor.
775 954 811 984 B.
837 954 971 985 Mariae
995 953 1037 985 de
1062 953 1218 985 I’arisius
1245 965 1336 986 saec.
1364 953 1414 987 15.
1456 956 1538 987 (jod.
1566 956 1734 989 Mazarin.

171 993 262 1029 3897
286 994 385 1037 (605).
412 1014 456 1018 —
480 995 510 1030 9.
537 996 557 1028 9
583 998 750 1037 Quamvis
775 998 887 1030 valde.
905 1015 950 1020 -—
973 996 1005 1038 9,
1033 997 1071 1030 11
1099 999 1324 1041 Quandoque.
1351 1018 1395 1021 —
1419 999 1472 1038 26,
1499 1000 1519 1032 5
1545 1000 1688 1033 findens.

422 1255 502 1290 353.
539 1255 597 1297 (8.)
631 1255 686 1290 Ad
713 1256 990 1300 praepositum
1014 1257 1195 1302 paradisi
1222 1258 1474 1294 michaelem.

183 1396 218 1434 1.
251 1392 400 1443 Gyrans
431 1396 634 1432 claustrum
664 1397 911 1434 monasticum
996 1399 1033 1437 3.
1065 1393 1189 1443 Igitur
1220 1397 1312 1434 haec
1344 1398 1532 1435 audituris

253 1452 325 1489 Per
357 1453 537 1489 circulum
571 1453 824 1489 excentricum

307 1508 466 1556 Saepius
495 1520 604 1556 quam
638 1509 888 1554 concentrice,

248 1566 383 1603 Totum
415 1576 645 1602 concernens
675 1566 861 1602 lubricum

247 1622 299 1660 Et
328 1622 442 1660 fixum
473 1623 526 1658 nil
557 1627 621 1659 aut
652 1623 840 1660 modicum

306 1680 406 1716 Pede
436 1684 569 1716 ruente
600 1679 755 1729 lubrice,

248 1735 410 1783 Dignum
446 1736 537 1773 duxi
566 1747 624 1772 me
654 1737 779 1774 iudice

246 1792 404 1837 Erigere
434 1793 618 1830 theatrice

304 1849 455 1886 Vultum
465 1850 514 1886 ad
524 1850 728 1886 claustrum
738 1850 932 1897 caelicum,

246 1906 290 1943 In
322 1906 388 1944 illo
419 1907 538 1943 solum
569 1907 677 1952 apice

246 1962 475 2000 Praevidens
507 1963 755 2010 aenigmatice

298 2019 498 2067 Refugium
529 2019 750 2058 salvificum.

177 2168 214 2206 2.
246 2163 402 2205 Vultum
436 2167 572 2204 ibidem
607 2168 767 2218 erigens,

243 2224 471 2271 Quamquam
503 2225 625 2261 minus
656 2236 712 2261 me
736 2226 903 2272 dirigens

300 2281 461 2318 Pensavi
493 2292 603 2328 posse
635 2282 760 2331 dirigi,

245 2336 284 2375 Si
316 2337 454 2384 dirigat
484 2349 542 2374 me
575 2339 735 2386 diligens

242 2393 435 2430 Mediator
464 2405 538 2431 non
569 2395 737 2444 abigens,

297 2451 498 2497 Indignum
526 2461 585 2488 me
619 2463 692 2489 non
723 2452 838 2500 abigi,

246 2506 314 2552 Qui
347 2506 419 2543 sibi
453 2508 543 2544 velit
573 2509 716 2555 porrigi

242 2562 349 2600 Meas
381 2574 526 2612 preces,
558 2570 598 2601 ut
630 2565 724 2612 erigi

299 2620 453 2657 Valeam
485 2631 571 2657 reus
604 2622 790 2669 indigens,

244 2674 357 2712 Cuius
388 2687 459 2723 ope
490 2677 660 2724 recolligi

243 2731 305 2769 Ad
339 2733 572 2780 gratiamque
600 2734 723 2781 redigi

298 2788 436 2834 Queam
454 2791 615 2836 supplex
629 2790 721 2828 haec
736 2790 902 2838 exigens.

1066 1454 1265 1493 Universis
1298 1459 1335 1491 et
1367 1455 1507 1491 visuris

1124 1510 1284 1548 Patefiat
1315 1511 1526 1558 evidenter,

1064 1567 1171 1613 Quod
1204 1568 1348 1604 locatus
1379 1569 1418 1604 in
1448 1568 1618 1605 obscuris

1062 1624 1111 1661 Et
1144 1630 1296 1670 saeptus
1328 1625 1499 1661 hostibus
1533 1626 1652 1674 duris,

1121 1681 1220 1719 Proh
1253 1682 1372 1729 dolor,
1407 1682 1677 1731 indesinenter,

1065 1739 1157 1775 Volo
1188 1748 1370 1784 quaerere
1399 1744 1586 1789 patenter,

1061 1794 1165 1832 Sicut
1197 1795 1271 1831 iam
1302 1795 1375 1831 t'eci
1407 1795 1581 1843 latenter,

1118 1852 1188 1888 lllo
1220 1852 1386 1893 claustro
1417 1852 1507 1888 totis
1540 1852 1638 1888 curis

1061 1909 1332 1952 Protectorem,
1366 1909 1428 1954 qui
1461 1913 1636 1954 potenter

1058 1965 1123 2001 Me
1155 1964 1337 2002 defendat
1367 1968 1403 2001 et
1434 1965 1634 2011 prudente:

1116 2022 1267 2068 Eripiat
1299 2022 1345 2058 de
1374 2023 1577 2068 pressuris,

992 2169 1030 2208 4.
1063 2165 1170 2207 Licet
1201 2169 1305 2205 milia
1337 2169 1479 2204 milium

1062 2226 1323 2262 Protectorum
1358 2225 1538 2272 fidelium,

1115 2284 1280 2329 Quorum
1311 2288 1416 2329 gesta
1447 2289 1533 2318 suut
1566 2281 1691 2332 fortia,

1060 2338 1268 2385 Spirituuni
1302 2339 1519 2376 caelestium

1058 2398 1185 2442 Atque
1216 2400 1431 2432 sanctorum
1463 2396 1627 2432 omnium

1116 2452 1211 2489 Sunt
1240 2452 1277 2489 in
1311 2453 1377 2488 illa
1407 2453 1554 2498 politia,

1058 2509 1248 2546 Exclusus
1279 2509 1503 2554 impotentia

1060 2565 1190 2611 Sitque
1224 2565 1280 2601 vel
1313 2565 1527 2611 ignorantia

1117 2622 1265 2670 Nullus,
1299 2633 1372 2658 non
1404 2621 1679 2668 praeiudicium

1060 2678 1241 2725 Cuiquam
1271 2678 1430 2715 intentio
1462 2678 1525 2724 pia

1059 2734 1181 2780 Facit,
1214 2735 1246 2771 si
1277 2735 1489 2781 patrocinia

1117 2792 1280 2836 Quaerat
1310 2791 1358 2828 ab
1390 2802 1463 2828 uno
1495 2790 1662 2830 fortium.

1439 2855 1509 2888 22*
