2031 3289
920 211 968 216 ——
1031 188 1110 228 160·
1170 211 1222 216 —

811 297 875 333 141.
911 298 993 341 (31.)
1027 297 1065 333 ln
1090 298 1122 333 2.
1148 298 1342 334 Nocturna.

299 377 333 413 1.
367 375 437 411 Dei
464 374 585 421 patris
1108 378 1143 413 4.
1178 376 1221 413 In
1250 377 1447 423 praesaepi

422 437 457 467 et
490 431 620 467 matris
651 431 795 476 unicus,
1235 433 1337 478 vagit
1366 438 1407 469 ut
1437 433 1628 480 parvulus,

366 489 409 525 In
441 487 638 533 praesaepi
1178 489 1248 535 Qui
1282 490 1446 526 concutit

423 555 492 590 pro
521 544 624 580 cunis
657 542 813 593 positus,
1238 546 1382 582 caelum
1413 545 1632 592 tonitribusg

362 601 568 646 Angustias
1179 602 1346 640 Stratum
1378 602 1490 639 habet

419 657 638 703 praesaepis
671 657 841 706 sustinet,
1236 657 1335 695 foeni
1369 659 1559 705 reliquias,

363 714 477 759 Quem
508 712 670 749 ambitus
1179 716 1249 760 Qui
1279 716 1428 762 regibus

421 769 515 806 caeli
545 779 618 806 11011
651 769 826 807 continet.
1236 772 1397 819 largitur
1425 782 1624 819 purpuras,

298 851 336 887 2.
368 848 569 894 Excipitur
1110 853 1147 889 5.
1179 851 1392 887 Bestiarum

422 905 487 941 vili
518 903 679 952 tugurio,
1237 905 1401 943 infertur
1430 904 1569 952 pabulo

365 961 436 1008 Qui
467 960 661 1007 praesidet
1178 964 1410 1010 Angelorum

423 1017 518 1054 caeli
549 1017 710 1066 palati03
1237 1020 1321 1066 ipsa
1348 1017 1518 1065 refectio,

363 1074 452 1119 Quis
483 1083 597 1120 super
627 1073 711 1122 hoc,
1178 1077 1300 1113 Instat
1330 1076 1419 1113 inde

423 1130 506 1176 quis
535 1141 608 1166 non
640 1130 851 1182 obstupeat,
1235 1143 1326 1180 grex
1357 1131 1585 1182 animalium,

365 1187 479 1224 Cuius
509 1190 671 1223 mentem
1180 1190 1280 1228 Hinc
1310 1190 1433 1236 angeli

422 1243 493 1280 1100
522 1254 596 1280 11011
629 1246 888 1281 commoveat?
1238 1246 1422 1293 praebent
1452 1245 1683 1292 obsequium.

296 1325 333 1360 3.
367 1323 517 1368 Pauper
546 1321 662 1371 Deus,
1111 1328 1148 1363 6.
1182 1327 1224 1363 In
1256 1325 1415 1362 excelsis

419 1379 531 1416 immo
561 1379 838 1429 pauperrimus,
1235 1383 1285 1418 sit
1315 1382 1396 1419 Deo
1427 1381 1560 1429 gloria,

365 1435 426 1473 Sic
459 1434 580 1472 factus
613 1440 670 1472 est
1180 1439 1288 1477 Pacis
1319 1439 1428 1480 nobis

421 1503 491 1538 pro
522 1491 631 1529 nobis
660 1492 853 1538 omnibus;
1236 1497 1275 1532 in
1306 1500 1408 1533 terra
1439 1494 1608 1543 foedera,

368 1550 470 1594 Quae
502 1553 588 1585 sunt
618 1554 757 1596 grates,
1181 1554 1298 1598 Quam
1331 1563 1445 1600 super
1475 1552 1533 1588 his

421 1616 517 1652 quae
547 1606 747 1643 retributio
1239 1619 1352 1646 voees
1382 1609 1576 1656 angelicae

368 1663 488 1709 Super
518 1662 601 1699 istis
1180 1666 1413 1703 Decantasse
2017 1654 2028 1695 3

425 1730 446 1755 a
477 1719 585 1756 nobis
616 1719 807 1757 Domino?
1237 1727 1443 1759 noscuntur
1473 1722 1595 1759 hodie.

384 1799 409 1828 B
435 1797 494 1829 fol.
519 1795 604 1829 871).
632 1817 673 1820 ψ
700 1799 726 1830 C
752 1799 809 1830 fol.
836 1797 919 1831 291).
945 1817 988 1821 -
1017 1799 1044 1838 1,
1071 1800 1091 1832 ‘2
1109 1811 1306 1842 praesaepe.
1324 1802 1362 1832 B.
1382 1818 1423 1822 —
1441 1799 1468 1837 1,
1495 1799 1513 1831 7
1533 1802 1643 1840 Quam
1662 1801 1699 1831 C.
1718 1817 1759 1820 —
1778 1796 1808 1836 4,
1833 1796 1854 1829 4

292 1844 478 1874 tonitribus
504 1844 542 1875 B.
569 1861 610 1864 —
634 1841 665 1882 4,
691 1842 712 1876 8
738 1855 927 1886 purpureas
953 1846 990 1877 C.

810 1954 883 1990 142.
921 1956 1001 1999 (32.)
1037 1955 1075 1991 In
1102 1956 1133 1991 3.
1159 1956 1350 1993 Nocturno.

300 2032 333 2068 1.
362 2032 478 2077 Quam
511 2030 661 2067 beatum
1112 2036 1148 2073 3.
1181 2035 1323 2081 Regum
1355 2035 1445 2071 satis

425 2092 582 2124 stratum
616 2087 687 2125 hoc
717 2089 920 2135 straminis,
1237 2092 1273 2127 in
1305 2091 1483 2128 alimonia

367 2144 510 2181 Tantae
541 2145 640 2181 latus
1181 2149 1273 2185 Sunt
1304 2148 1461 2185 subacta

421 2201 520 2247 quod
552 2201 692 2248 pressit
723 2201 890 2253 virginis,
1235 2205 1423 2241 nutricum
1454 2204 1582 2253 ubera„

365 2259 445 2303 Quo
476 2258 655 2305 parvulus
1178 2261 1374 2299 Educatur

420 2325 577 2351 nascens
607 2314 807 2365 excipitur,
1234 2319 1333 2355 lacte
1366 2318 1544 2364 virgineo,

365 2370 476 2407 Cuius
507 2371 632 2418 palmo
1178 2374 1294 2421 Virgo
1326 2375 1452 2412 clauso

421 2427 565 2464 caelum
597 2427 845 2468 concluditur.
1235 2442 1344 2478 quem
1377 2430 1475 2468 fudit
1506 2434 1625 2468 utero.

296 2508 332 2543 2.
366 2507 408 2542 In
440 2507 570 2543 sericis
1108 2513 1145 2549 4.
1178 2510 1281 2547 Nulli
1314 2521 1442 2557 regum

423 2563 574 2609 reginae
606 2567 754 2600 ceterae
1233 2567 1333 2603 inter
1363 2572 1419 2603 tot
1448 2567 1589 2616 epulas,

363 2619 513 2656 Summo
544 2620 666 2656 solent
1177 2624 1281 2660 Inter
1311 2628 1435 2661 tantas

420 2676 549 2713 dolore
580 2687 736 2726 parere3
1233 2685 1269 2716 et
1300 2685 1354 2717 tot
1387 2680 1540 2717 delicias

367 2732 462 2768 Vilis
494 2733 602 2769 strati
1179 2737 1404 2773 Concessum
1438 2743 1506 2781 est,

420 2788 550 2825 beatus
582 2790 740 2826 lectulus
1235 2799 1271 2829 ut
1305 2794 1403 2830 lacte
1433 2793 1588 2840 virginis

364 2846 491 2881 Omnis
525 2845 594 2882 fuit
1176 2849 1265 2895 Quis
1298 2850 1343 2886 de
1374 2851 1450 2886 suis

420 2902 560 2940 doloris
592 2903 751 2944 111-3501115.
1232 2907 1358 2945 alatur
1387 2907 1567 2954 parvulis.
