2031 3289
908 193 1222 234 —354—

320 312 343 348 9
362 320 396 348 a.
428 308 615 346 Scientiae

432 375 562 401 sacrae
595 364 729 411 dogma

430 431 502 457 vox
538 424 595 456 est

430 477 467 513 in
500 475 791 523 magnificentia.

295 580 345 617 10
364 589 398 616 a.
430 578 512 616 Vox
549 578 689 614 scindit
720 577 866 614 consilii

432 633 601 671 flammas
631 633 810 681 incendii,

432 701 524 728 voce
554 691 768 727 intellectus
800 694 924 726 movet

437 746 560 784 Cades
592 747 783 783 desertum
815 746 1011 785 Dominus.

297 850 345 888 11
365 860 399 888 a.
435 851 511 886 Pax
542 848 672 886 mundi
703 847 840 894 cordis7
873 847 1035 894 Christe,

434 906 634 942 miserator
664 909 804 952 noster,

434 972 558 1011 egens,
591 961 735 1010 lugens,

433 1018 546 1065 mitis,
579 1028 738 1066 pauper,

430 1131 484 1168 Te
514 1131 631 1167 solem
663 1130 710 1167 de
742 1130 854 1166 stella
884 1134 1005 1166 ortum

432 1187 472 1223 in
502 1192 598 1234 ture,
631 1197 735 1231 auro,
768 1197 911 1233 murra,

432 1247 617 1280 monstrat
647 1243 758 1279 stella
787 1243 966 1291 gentium,

433 1300 637 1347 dominum,
662 1310 799 1348 regem,
824 1300 1035 1337 mortalem.

295 1133 344 1169 12
364 1143 398 1170 a.

1135 310 1158 346 9
1176 308 1213 346 b.
1245 307 1329 344 Vox
1357 307 1509 344 Domini

1247 362 1444 412 fortitudo,

1246 421 1380 457 cedros

1246 474 1451 524 confringit
1481 476 1519 512 in
1550 475 1707 517 Liban'o.

1109 578 1159 616 10
1176 577 1212 618 b.
1246 579 1330 615 Vox
1365 577 1411 614 de
1441 577 1627 624 sapientia
1675 588 1685 596 ·

1248 633 1370 670 cervis
1402 633 1466 670 dat
1498 644 1651 680 pascu-‘212

1245 690 1317 737 his,
1350 690 1485 736 quibus
1509 690 1706 727 descendit
1726 690 1842 738 Deus,

1241 746 1351 783 homo
1381 746 1554 783 ascendit
1584 746 1778 792 gradibus.

1109 849 1155 886 11
1178 848 1214 887 b.
1246 848 1303 884 Tu
1332 847 1420 883 mali
1451 848 1672 894 temptantis

1249 904 1396 941 dimitte
1428 903 1568 950 debita,

1249 965 1290 997 tu
1320 960 1441 1006 panis,
1475 959 1523 997 da

1250 1027 1405 1063 regnum
1435 1016 1569 1063 patris.

1109 1131 1159 1169 12
1179 1130 1215 1169 b.
1246 1130 1289 1166 In
1321 1129 1447 1166 vinum
1480 1133 1657 1165 converte
1685 1139 1817 1175 aquam

1247 1190 1284 1222 et
1313 1186 1432 1232 legem
1463 1185 1501 1221 in
1533 1186 1708 1231 gratiam,

1246 1253 1315 1289 pro
1346 1242 1465 1290 figura
1496 1242 1651 1282 veritas.

1247 1309 1316 1345 pro
1346 1299 1432 1344 iugo
1463 1303 1504 1334 tu
1534 1298 1740 1335 hereditas.

381 1412 484 1444 Grad.
519 1423 579 1443 ms.
616 1412 826 1443 Secoviense
850 1413 889 1448 (‘?)
920 1422 1010 1443 saec.
1045 1409 1095 1442 12.
1144 1410 1227 1443 (jod.
1254 1410 1493 1442 Vindobonen.
1522 1407 1648 1442 13314.
1674 1428 1718 1432 —
1743 1408 1805 1447 3a,
1830 1407 1852 1442 3

292 1458 419 1499 angeli,
445 1458 606 1489 hominis.
633 1476 674 1480 -—
701 1454 763 1494 6b‚
793 1456 806 1488 1
834 1457 965 1499 korrig.
991 1458 1044 1488 in:
1071 1457 1136 1487 tibi
1161 1457 1376 1495 coniungens
1401 1465 1537 1497 corpus.
1566 1472 1604 1476 -—
1627 1453 1686 1495 Ta,
1711 1454 1725 1487 1
1747 1457 1851 1497 stirps

291 1505 398 1535 Iesse.
430 1520 475 1525 ——
507 1501 564 1541 7a,
589 1500 610 1534 3
638 1501 754 1534 fehlen
790 1503 874 1533 zwei
900 1503 1031 1535 Silben.
1056 1519 1101 1523 —
1136 1499 1218 1539 llb,
1244 1499 1265 1532 2
1293 1501 1424 1541 korrig.
1450 1501 1505 1531 in:
1533 1500 1630 1532 solve
1655 1501 1783 1532 debita.
1809 1517 1852 1522 —

296 1548 376 1585 nb,
395 1546 415 1580 3
433 1558 482 1589 sq.
501 1551 539 1579 tu
557 1549 668 1589 panis,
686 1547 741 1579 fac
757 1558 820 1579 nos
838 1548 928 1579 velle
946 1557 1089 1588 regnum
1108 1548 1233 1588 patris;
1260 1547 1346 1577 iiber
1365 1546 1438 1587 „fac
1458 1544 1541 1577 nos“
1563 1547 1618 1577 die
1636 1546 1850 1578 Korrektus:

295 1593 391 1634 ‚‚da“.
425 1610 466 1615 —
499 1593 586 1624 Mel:
626 1590 733 1624 Laus
767 1591 834 1623 1⁴1⁷sz
866 1589 1006 1624 Christe
1039 1593 1120 1624 oder
1152 1588 1310 1623 Psallite.
1343 1610 1386 1614 —
1411 1591 1630 1622 Wiederholt
1661 1601 1724 1623 aus
1750 1590 1852 1622 Anal.

292 1640 354 1678 IX,
384 1637 423 1670 18
448 1649 498 1680 sq.

631 1780 712 1816 274.
748 1781 829 1824 (11.)
863 1781 908 1815 In
936 1780 1310 1824 Transfiguratione
1336 1780 1511 1816 Domini.

752 1877 788 1913 1.
835 1875 1037 1922 Speciosus
1069 1873 1190 1911 forma

834 1942 926 1978 prae
956 1930 1044 1968 filiis
1075 1931 1278 1975 hominum,

296 2038 318 2074 2
338 2047 370 2073 a.
405 2035 557 2072 Vultum
592 2033 810 2071 desiderant
842 2034 946 2070 cuius

405 2091 528 2133 angeli

410 2147 631 2186 deiformem
661 2147 812 2194 intueri,

295 2254 318 2291 3
335 2263 369 2290 a.
400 2251 525 2288 Hodie

410 2306 554 2344 formae
583 2306 717 2354 pandit
749 2305 902 2344 divinae

410 2364 531 2400 lucem
562 2365 793 2400 inaccessam
825 2373 894 2410 per
915 2363 1038 2399 lucem

408 2420 713 2468 theophanicam,

296 2525 318 2559 4
339 2533 373 2560 a.
407 2521 521 2558 Vultu
551 2521 634 2566 soli,

413 2582 516 2615 veste
548 2588 618 2624 par
649 2576 737 2626 nivi,

409 2634 556 2681 qualem
589 2633 659 2670 soli

408 2695 486 2727 tres
518 2690 722 2727 cernebant
752 2688 924 2726 theorici.

298 2796 319 2826 Γ»
339 2804 370 2828 a.
406 2793 478 2829 Hic
506 2796 563 2829 est
592 2797 701 2828 natus

412 2848 501 2885 mihi
539 2849 711 2895 dilectus,

410 2905 446 2940 in
479 2916 550 2950 quo
581 2904 670 2941 mihi
703 2903 925 2950 complacui,

1111 2034 1134 2071 2
1153 2032 1190 2070 b.
1222 2033 1296 2070 Pro
1327 2031 1435 2069 nobis
1467 2031 1694 2079 exinanitus,

1223 2089 1262 2125 in
1294 2087 1414 2125 forma

1224 2146 1324 2182 servi
1354 2155 1421 2182 rex
1450 2144 1677 2193 humiliatus,

1109 2250 1132 2286 :3
1150 2248 1187 2286 b.
1219 2249 1262 2286 In
1293 2252 1419 2284 monte

1221 2304 1511 2351 transfiguratus
1543 2303 1655 2351 celso,

1223 2372 1333 2398 verus
1364 2361 1446 2407 ipse
1477 2371 1583 2397 mons
1614 2358 1806 2407 montium,

1225 2418 1362 2454 celsior
1393 2417 1510 2455 caelo.

1118 2521 1141 2556 4
1159 2518 1196 2558 b.
1231 2518 1342 2565 Cam,
1371 2517 1522 2564 sanguis

1226 2585 1300 2611 non
1331 2574 1526 2621 revelavit,

1226 2632 1293 2667 sed
1326 2630 1499 2667 caelestis

1223 2693 1343 2734 pater,
1376 2698 1449 2724 vox
1481 2686 1585 2724 cuius
1616 2685 1758 2723 edixit:

1112 2789 1187 2828 5b.
1219 2789 1329 2825 Hunc
1362 2788 1555 2825 docentem

1224 2855 1352 2881 omnes
1388 2845 1528 2892 audite,

1224 2901 1311 2938 huic
1342 2901 1485 2938 iubenti
1513 2899 1700 2937 oboedite.
