1914 3223
479 279 518 316 2.
550 279 643 324 Rex,
677 280 762 316 ideo
793 282 966 329 petimus.
1004 283 1158 321 Domine

548 335 627 373 Nos
657 337 838 373 miserans
872 338 1040 381 benedic,
1077 339 1231 380 rufove.-

549 392 578 430 Ο
611 392 718 440 bone,
752 394 865 429 tende
897 406 1119 442 manumque
1148 403 1246 436 tuae.

549 448 698 496 Perpie,
731 461 966 496 quaesumus⁸
1002 454 1196 494 ecclesiae,

546 504 648 542 Erue
680 517 758 554 noS,
792 512 885 553 tego.
920 519 1042 555 cume,
1077 522 1172 556 roge,

477 595 513 633 3.
545 594 696 635 Rector,
728 596 918 643 liparchio
949 599 1010 644 qui
1044 599 1178 638 tribuis

547 653 696 689 Funera
728 652 867 699 frigida
899 654 1058 692 letiferis

546 708 641 745 Bina
673 709 911 746 trahentium
944 713 1100 748 excidiis

543 765 604 802 Ad
637 776 794 812 superos
827 767 1006 807 rediviva,
1042 769 1158 813 magis

541 822 600 858 Ac
630 823 748 868 magis
779 823 909 860 inclita
941 825 1047 871 signa
1080 826 1185 865 facis.

472 912 510 951 4.
543 913 738 949 Poscimus
771 914 878 950 liuius
911 915 992 951 lieri
1024 916 1211 965 meritum,

542 969 599 1005 Ne
631 969 744 1006 libeat
778 971 948 1016 tetigisse
979 972 1111 1012 solum,

542 1025 616 1063 Sed
649 1027 796 1072 placeat
830 1028 997 1064 renuisse
1030 1028 1169 1068 dolum,

545 1082 650 1119 Colla
683 1084 875 1131 trilinguia
909 1084 1130 1130 pestiferum

539 1138 652 1176 Calc-e
683 1140 841 1177 terenda
873 1141 930 1177 vel
964 1142 1178 1188 imperium.

470 1230 508 1269 5.
539 1230 686 1267 Emicat
718 1231 778 1267 liic
810 1236 918 1278 pater
949 1232 1081 1278 Elysio

541 1286 700 1324 Sanctus
732 1288 944 1334 Eparcliius
975 1290 1174 1336 astrigero,

537 1343 679 1382 Ordine
712 1343 827 1391 fulget
860 1345 1068 1391 apostolico

533 1399 769 1446 Martyribus
800 1402 923 1438 socius
954 1412 1110 1439 numero

535 1455 744 1494 Mundifico
775 1457 987 1504 renitetque
1018 1458 1144 1496 choro.

464 1547 501 1585 6.
534 1547 620 1595 Ipse
650 1558 758 1585 sacer
789 1548 930 1585 relevet
961 1549 1106 1585 meritis

532 1602 721 1641 Almifluis
752 1605 926 1651 proprios
958 1606 1111 1642 sceleris

534 1659 719 1698 Fascibus
751 1662 1008 1709 attribuatque
1039 1664 1115 1699 suis

533 1718 749 1755 Auxiliator
779 1729 889 1765 opem
920 1719 1080 1767 miseris,

531 1775 648 1820 Quem
680 1775 813 1821 policis
845 1786 1068 1812 veneramur
1098 1775 1196 1814 odiS.

463 1864 500 1904 7.
533 1865 685 1912 Oppida
715 1866 900 1903 scandere
932 1867 1034 1903 celsa
1064 1867 1141 1913 poli

530 1921 610 1959 Nos
641 1922 765 1959 iubeat
799 1923 971 1960 meritum
1005 1924 1145 1960 domiui

530 1978 651 2015 Huius
681 1979 865 2026 Eparcliii
895 1991 963 2017 nec
996 1980 1091 2016 deici

531 2035 649 2073 Cedat
679 2036 718 2072 in
749 2036 941 2074 interitum
974 2037 1098 2073 zabuli

529 2092 711 2138 Impetret
743 2104 787 2130 ac
818 2094 986 2130 residere
1016 2093 1101 2132 sibi.

459 2183 497 2222 8.
531 2184 702 2221 Praestet
736 2189 772 2220 et
803 2185 945 2222 adnuat
975 2185 1215 2231 altithronus,

528 2241 630 2286 Quae
662 2241 823 2287 petimus
854 2240 998 2290 famuli,
1032 2241 1225 2288 Dominus,

530 2296 661 2334 Gloria
693 2298 751 2334 cui
782 2298 842 2345 sit,
877 2298 1068 2344 honorque
1099 2299 1213 2338 salus,

528 2353 596 2392 Cui
625 2354 734 2400 polus
765 2359 800 2390 et
834 2355 965 2391 humus
997 2365 1040 2391 ac
1071 2355 1227 2402 pelagus

527 2410 614 2447 Iure
645 2416 800 2449 canant:
835 2411 919 2448 Tibi
954 2411 1063 2459 doxa,
1097 2411 1212 2449 Deus.

666 2599 697 2636 7.
734 2600 790 2640 (3).
816 2599 867 2635 Ad
894 2599 1070 2635 Tertiam.

460 2715 495 2754 1.
528 2715 695 2754 Sollenni
728 2716 859 2753 iubare
889 2716 983 2753 nitet
1015 2716 1094 2753 dies
1127 2716 1230 2758 haee,

527 2772 607 2817 Qua
638 2771 832 2809 confessor
864 2773 1074 2819 Eparchius
1108 2771 1269 2819 refulget

528 2828 638 2867 Cives
669 2829 859 2876 angelicos
890 2835 930 2866 ut
961 2830 1060 2866 inter
1090 2835 1192 2865 astru

525 2884 672 2922 Titanis
704 2890 785 2922 rota
824 2884 958 2933 fulgidi
991 2896 1136 2924 serena.
