1914 3223
704 218 759 224 —
818 193 893 235 :301
961 218 1005 222 —

466 368 547 404 305.
583 368 642 409 (7.)
674 365 790 403 Sour:
823 366 1050 402 Samen-nm
1084 363 1242 403 ηιατὶίὶε.

669 473 698 508 O
725 478 842 508 Μηνίου
872 473 1042 506 Vim-enti.

373 550 407 586 1.
439 549 532 596 Avo,
567 558 636 594 par
667 546 807 589 angelis
836 551 979 591 martyr
1010 546 1168 591 egregie,

440 604 496 641 Tu
529 604 648 650 ignem
682 602 864 639 torridum
899 602 1008 638 liilairi
1044 601 1138 637 facie

440 661 588 697 noras-ti
622 659 801 706 sanguine
832 659 936 705 gravi
969 659 1174 695 certamine

523 716 677 754 Dulcein
710 716 869 762 adeptus
901 715 1078 761 patriam.

671 814 700 848 O
725 816 846 847 sancte
870 812 1060 846 Laurenti.

370 889 408 925 ’10

440 888 532 935 Ave,
567 896 632 923 rex
666 885 831 932 pugilum
864 889 1080 931 martyrque
1112 883 1257 928 fortior,

438 943 496 979 De
527 942 602 979 tide
631 941 781 978 Domini
812 942 919 977 testis
950 940 1131 989 apertior,

439 999 507 1048 Tu,
540 1002 642 1036 sator
673 1008 866 1034 munerum
897 998 935 1034 in
965 997 1048 1034 sinu
1078 1008 1300 1045 pauperum,

520 1056 725 1092 Aeternam
754 1055 862 1091 metis
893 1054 1064 1101 gloriam.

373 1160 409 1196 3.
441 1158 471 1196 Ο
503 1156 642 1194 Christi
674 1162 872 1202 martyreS,
904 1167 1060 1203 quorum
1093 1155 1251 1193 victoria

440 1215 606 1251 Aeterna
637 1212 781 1260 perfrui
813 1217 978 1251 meretur
1008 1212 1141 1261 gloria,

444 1272 563 1309 Deum
597 1270 802 1317 deposcite,
832 1275 871 1306 ut
903 1279 996 1316 pace
1027 1269 1162 1308 comite

524 1327 597 1364 Det
628 1327 718 1364 mihi
749 1326 1032 1374 indulgentiam.

605 1505 686 1540 306.
721 1504 778 1546 (8.)
812 1505 869 1539 De
894 1503 1114 1548 Apostolis.

703 1606 732 1641 Ο
757 1609 880 1641 sancte
904 1606 1021 1639 Petro.

100 1681 136 1717 1.
168 1681 261 1726 Ave,
294 1683 424 1726 pastor
452 1679 589 1727 ovium,
907 1680 943 1716 2.
976 1678 1089 1722 Quem
1123 1677 1211 1723 quia
1240 1688 1313 1714 nou
1346 1677 1452 1714 valeo

170 1735 349 1782 Princeps
381 1735 473 1772 caeli
505 1735 653 1784 civium,
973 1734 1034 1770 Ad
1068 1744 1261 1782 praesens,
1294 1738 1335 1770 ut
1366 1733 1495 1783 debeo,

225 1792 334 1829 Fidei
365 1790 553 1838 fuudat0r‚
1031 1793 1202 1837 congrue
1232 1791 1402 1838 laudare,

167 1849 236 1894 Qui
268 1848 370 1886 caelo
399 1847 627 1895 praeficeris‚
976 1848 1132 1885 Prosam
1162 1847 1295 1884 saltem
1327 1846 1449 1891 offero,

169 1904 316 1943 Fidelis
347 1915 437 1951 prae
467 1905 601 1942 ceteris
977 1904 1098 1949 Hanc,
1131 1908 1171 1940 ut
1204 1904 1296 1940 velis
1327 1904 1464 1941 misero

222 1961 371 1999 Domini
403 1961 557 1998 zelator.
1031 1960 1230 1998 Dominum
1262 1961 1430 2007 placare.

518 2145 599 2180 307.
634 2144 693 2188 (9.)
727 2142 842 2181 Sour:
881 2142 995 2189 Virya
1027 2142 1142 2181 Iesse.

87 2258 150 2294 la.
194 2255 394 2294 Christum.
426 2255 497 2292 Dei
528 2254 643 2292 filium
892 2255 961 2293 lb.
1002 2255 1117 2293 Usum
1151 2255 1245 2292 caeli
1276 2255 1450 2302 clavium,

193 2312 284 2349 Cum
318 2312 449 2350 Petrus
479 2312 651 2355 asseruit,
1001 2312 1141 2358 Quibus
1174 2316 1280 2349 utens
1312 2312 1481 2358 gravium

192 2368 313 2418 Hunc,
345 2379 451 2415 quem
484 2368 587 2415 virgo
617 2369 755 2416 genuit,
1005 2369 1219 2405 Vinclorum
1251 2369 1416 2405 restituit

194 2425 236 2462 In
267 2425 406 2471 templo
437 2423 601 2461 fidelium
1005 2425 1145 2474 NexuS,
1179 2426 1246 2462 sed
1277 2425 1418 2472 eripuit

197 2481 384 2518 Summam
416 2480 540 2517 basem
573 2481 710 2529 posuit,
1005 2482 1180 2519 Vinctum
1213 2482 1268 2519 vis
1300 2482 1531 2530 caelestium,

195 2537 435 2585 Quapropter
463 2537 624 2574 obtinuit
1003 2539 1105 2585 Quae
1136 2539 1258 2576 vincla
1292 2539 1520 2580 comminuit.

82 2640 154 2677 2a.
196 2638 352 2676 Demum
385 2639 485 2676 Nero
517 2640 671 2677 rabidus
892 2641 966 2680 2b.
1005 2641 1135 2687 Coegit
1167 2642 1388 2688 martyrium

193 2698 250 2732 Ac
279 2695 316 2732 in
347 2694 422 2732 fide
452 2695 618 2742 perfidus
1003 2698 1137 2735 Subire
1169 2698 1401 2735 credentium

251 2751 390 2789 Sitiens
421 2763 590 2789 cruorem
1060 2755 1192 2792 Ovium
1225 2759 1428 2801 pastorem.

83 2854 153 2892 3a.
195 2853 224 2891 Ο
257 2853 379 2899 Petre,
407 2853 470 2892 lux
502 2854 677 2905 gentium,
893 2856 965 2895 3b.
1007 2855 1082 2893 Fac
1112 2856 1202 2893 mihi
1234 2857 1437 2904 propitium

251 2910 394 2949 Ianitor
423 2911 624 2961 caelorum,
727 2945 731 2951 .
1062 2913 1199 2960 Regem
1231 2914 1461 2961 angelorum.
