<?xml version="1.0" encoding="UTF-8"?>
<!DOCTYPE html PUBLIC "-//W3C//DTD XHTML 1.0 Transitional//EN"
    "http://www.w3.org/TR/xhtml1/DTD/xhtml1-transitional.dtd">
<html xmlns="http://www.w3.org/1999/xhtml" xml:lang="en" lang="en">
 <head>
  <title>
</title>
<meta http-equiv="Content-Type" content="text/html;charset=utf-8" />
  <meta name='ocr-system' content='tesseract 3.04.00' />
  <meta name='ocr-capabilities' content='ocr_page ocr_carea ocr_par ocr_line ocrx_word'/>
</head>
<body>
  <div class='ocr_page' id='page_1' title='image "./hymnographilatin01drevuoft_0081.png"; bbox 0 0 1914 3223; ppageno 0'>
   <div class='ocr_carea' id='block_1_1' title="bbox 149 212 1672 2777">
    <p class='ocr_par' dir='ltr' id='par_1_1' title="bbox 149 212 1672 2777">
     <span class='ocr_line' id='line_1_1' title="bbox 154 212 1424 255; baseline -0.002 -1"><span class='ocrx_word' id='word_1_1' title='bbox 154 216 191 254; x_wconf 88' lang='lat'>3.</span> <span class='ocrx_word' id='word_1_2' title='bbox 222 212 366 251; x_wconf 72' lang='lat' dir='ltr'>Gratia</span> <span class='ocrx_word' id='word_1_3' title='bbox 396 217 433 249; x_wconf 77' lang='lat' dir='ltr'>te</span> <span class='ocrx_word' id='word_1_4' title='bbox 463 213 633 250; x_wconf 80' lang='lat' dir='ltr'>reddidit</span> <span class='ocrx_word' id='word_1_5' title='bbox 967 217 1004 255; x_wconf 84' lang='lat'>8.</span> <span class='ocrx_word' id='word_1_6' title='bbox 1036 216 1096 253; x_wconf 78' lang='lat' dir='ltr'>Tu</span> <span class='ocrx_word' id='word_1_7' title='bbox 1127 215 1171 252; x_wconf 77' lang='lat' dir='ltr'>in</span> <span class='ocrx_word' id='word_1_8' title='bbox 1200 214 1424 253; x_wconf 67' lang='lat' dir='ltr'>vouzieribus</span> 
     </span>
     <span class='ocr_line' id='line_1_2' title="bbox 278 269 1398 319; baseline 0.003 -14"><span class='ocrx_word' id='word_1_9' title='bbox 278 269 423 306; x_wconf 85' lang='lat' dir='ltr'>cunctis</span> <span class='ocrx_word' id='word_1_10' title='bbox 453 269 670 316; x_wconf 84' lang='lat' dir='ltr'>gratiosam,</span> <span class='ocrx_word' id='word_1_11' title='bbox 1093 272 1237 318; x_wconf 86' lang='lat' dir='ltr'>optima</span> <span class='ocrx_word' id='word_1_12' title='bbox 1265 271 1398 319; x_wconf 84' lang='lat' dir='ltr'>figura,</span> 
     </span>
     <span class='ocr_line' id='line_1_3' title="bbox 221 325 1513 375; baseline 0.001 -12"><span class='ocrx_word' id='word_1_13' title='bbox 221 326 275 364; x_wconf 82' lang='lat' dir='ltr'>Te</span> <span class='ocrx_word' id='word_1_14' title='bbox 305 325 459 363; x_wconf 89' lang='lat' dir='ltr'>vestivit</span> <span class='ocrx_word' id='word_1_15' title='bbox 489 325 581 373; x_wconf 87' lang='lat' dir='ltr'>lilio,</span> <span class='ocrx_word' id='word_1_16' title='bbox 1037 329 1139 375; x_wconf 82' lang='lat' dir='ltr'><strong>Quae</strong></span> <span class='ocrx_word' id='word_1_17' title='bbox 1170 327 1282 375; x_wconf 83' lang='lat' dir='ltr'>regis·</span> <span class='ocrx_word' id='word_1_18' title='bbox 1300 338 1338 364; x_wconf 88' lang='lat' dir='ltr'>es</span> <span class='ocrx_word' id='word_1_19' title='bbox 1369 328 1513 375; x_wconf 78' lang='lat' dir='ltr'>gloriae</span> 
     </span>
     <span class='ocr_line' id='line_1_4' title="bbox 276 381 1503 432; baseline 0.002 -14"><span class='ocrx_word' id='word_1_20' title='bbox 276 382 418 428; x_wconf 74' lang='lat' dir='ltr'>sparsit</span> <span class='ocrx_word' id='word_1_21' title='bbox 447 381 485 418; x_wconf 94' lang='lat' dir='ltr'>in</span> <span class='ocrx_word' id='word_1_22' title='bbox 517 387 553 418; x_wconf 90' lang='lat' dir='ltr'>te</span> <span class='ocrx_word' id='word_1_23' title='bbox 584 393 719 429; x_wconf 88' lang='lat' dir='ltr'>rosam,</span> <span class='ocrx_word' id='word_1_24' title='bbox 1097 390 1227 431; x_wconf 87' lang='lat' dir='ltr'>mater,</span> <span class='ocrx_word' id='word_1_25' title='bbox 1260 384 1365 431; x_wconf 81' lang='lat' dir='ltr'>virgo</span> <span class='ocrx_word' id='word_1_26' title='bbox 1396 396 1503 432; x_wconf 88' lang='lat' dir='ltr'>pura,</span> 
     </span>
     <span class='ocr_line' id='line_1_5' title="bbox 222 436 1507 487; baseline 0 -11"><span class='ocrx_word' id='word_1_27' title='bbox 222 439 275 476; x_wconf 86' lang='lat' dir='ltr'>Te</span> <span class='ocrx_word' id='word_1_28' title='bbox 307 439 486 475; x_wconf 70' lang='lat' dir='ltr'>virtutum</span> <span class='ocrx_word' id='word_1_29' title='bbox 517 436 672 475; x_wconf 88' lang='lat' dir='ltr'>floribus</span> <span class='ocrx_word' id='word_1_30' title='bbox 1038 442 1117 486; x_wconf 79' lang='lat' dir='ltr'>Quo</span> <span class='ocrx_word' id='word_1_31' title='bbox 1150 441 1324 487; x_wconf 88' lang='lat' dir='ltr'>probaris</span> <span class='ocrx_word' id='word_1_32' title='bbox 1357 441 1507 487; x_wconf 79' lang='lat' dir='ltr'>dignior</span> 
     </span>
     <span class='ocr_line' id='line_1_6' title="bbox 278 493 1412 542; baseline 0.003 -11"><span class='ocrx_word' id='word_1_33' title='bbox 278 493 365 531; x_wconf 81' lang='lat' dir='ltr'>fecit</span> <span class='ocrx_word' id='word_1_34' title='bbox 399 494 622 542; x_wconf 83' lang='lat' dir='ltr'>speciosam,</span> <span class='ocrx_word' id='word_1_35' title='bbox 1094 498 1195 534; x_wconf 86' lang='lat' dir='ltr'>omni</span> <span class='ocrx_word' id='word_1_36' title='bbox 1227 501 1412 540; x_wconf 58' lang='lat' dir='ltr'>creatur-21,</span> 
     </span>
     <span class='ocr_line' id='line_1_7' title="bbox 222 551 1478 600; baseline 0.002 -13"><span class='ocrx_word' id='word_1_37' title='bbox 222 551 326 588; x_wconf 87' lang='lat' dir='ltr'>Intus</span> <span class='ocrx_word' id='word_1_38' title='bbox 358 558 395 587; x_wconf 91' lang='lat' dir='ltr'>et</span> <span class='ocrx_word' id='word_1_39' title='bbox 426 551 593 588; x_wconf 83' lang='lat' dir='ltr'>exterius</span> <span class='ocrx_word' id='word_1_40' title='bbox 1039 554 1121 590; x_wconf 85' lang='lat' dir='ltr'>Hoc</span> <span class='ocrx_word' id='word_1_41' title='bbox 1152 559 1287 600; x_wconf 86' lang='lat' dir='ltr'>agente</span> <span class='ocrx_word' id='word_1_42' title='bbox 1317 553 1478 590; x_wconf 88' lang='lat' dir='ltr'>Domino</span> 
     </span>
     <span class='ocr_line' id='line_1_8' title="bbox 279 607 1410 656; baseline 0.003 -13"><span class='ocrx_word' id='word_1_43' title='bbox 279 613 395 644; x_wconf 91' lang='lat' dir='ltr'>totam</span> <span class='ocrx_word' id='word_1_44' title='bbox 423 607 658 647; x_wconf 87' lang='lat' dir='ltr'>luminosam.</span> <span class='ocrx_word' id='word_1_45' title='bbox 1095 611 1277 656; x_wconf 81' lang='lat' dir='ltr'>singulari</span> <span class='ocrx_word' id='word_1_46' title='bbox 1309 620 1410 648; x_wconf 86' lang='lat' dir='ltr'>cura.</span> 
     </span>
     <span class='ocr_line' id='line_1_9' title="bbox 149 721 1480 768; baseline 0.002 -8"><span class='ocrx_word' id='word_1_47' title='bbox 149 724 192 761; x_wconf 88' lang='lat'>4.</span> <span class='ocrx_word' id='word_1_48' title='bbox 221 721 345 759; x_wconf 76' lang='lat' dir='ltr'>Plena</span> <span class='ocrx_word' id='word_1_49' title='bbox 378 721 640 768; x_wconf 80' lang='lat' dir='ltr'>medicamine,</span> <span class='ocrx_word' id='word_1_50' title='bbox 969 726 1005 761; x_wconf 72' lang='lat'>9.</span> <span class='ocrx_word' id='word_1_51' title='bbox 1037 723 1088 760; x_wconf 83' lang='lat' dir='ltr'>Et</span> <span class='ocrx_word' id='word_1_52' title='bbox 1119 723 1332 762; x_wconf 70' lang='lat' dir='ltr'>benedictus</span> <span class='ocrx_word' id='word_1_53' title='bbox 1363 724 1480 764; x_wconf 79' lang='lat' dir='ltr'>Deus,</span> 
     </span>
     <span class='ocr_line' id='line_1_10' title="bbox 279 777 1510 827; baseline 0.005 -13"><span class='ocrx_word' id='word_1_54' title='bbox 279 777 476 815; x_wconf 88' lang='lat' dir='ltr'>abundans</span> <span class='ocrx_word' id='word_1_55' title='bbox 507 778 718 827; x_wconf 88' lang='lat' dir='ltr'>unguentis,</span> <span class='ocrx_word' id='word_1_56' title='bbox 1095 780 1157 826; x_wconf 84' lang='lat' dir='ltr'>qui</span> <span class='ocrx_word' id='word_1_57' title='bbox 1190 788 1324 817; x_wconf 75' lang='lat' dir='ltr'>cuncta</span> <span class='ocrx_word' id='word_1_58' title='bbox 1354 781 1510 820; x_wconf 81' lang='lat' dir='ltr'>creavit.</span> 
     </span>
     <span class='ocr_line' id='line_1_11' title="bbox 223 834 1482 883; baseline 0.001 -11"><span class='ocrx_word' id='word_1_59' title='bbox 223 834 344 880; x_wconf 88' lang='lat' dir='ltr'>Terge</span> <span class='ocrx_word' id='word_1_60' title='bbox 374 834 506 871; x_wconf 86' lang='lat' dir='ltr'>sordes</span> <span class='ocrx_word' id='word_1_61' title='bbox 538 835 750 883; x_wconf 82' lang='lat' dir='ltr'>criminum,</span> <span class='ocrx_word' id='word_1_62' title='bbox 1039 837 1109 882; x_wconf 75' lang='lat' dir='ltr'>Qui</span> <span class='ocrx_word' id='word_1_63' title='bbox 1142 837 1275 873; x_wconf 82' lang='lat' dir='ltr'>matris</span> <span class='ocrx_word' id='word_1_64' title='bbox 1306 837 1343 873; x_wconf 79' lang='lat' dir='ltr'>i.1</span> <span class='ocrx_word' id='word_1_65' title='bbox 1374 843 1482 873; x_wconf 84' lang='lat' dir='ltr'>utero</span> 
     </span>
     <span class='ocr_line' id='line_1_12' title="bbox 276 891 1425 941; baseline 0.003 -15"><span class='ocrx_word' id='word_1_66' title='bbox 276 891 427 938; x_wconf 82' lang='lat' dir='ltr'>plagam</span> <span class='ocrx_word' id='word_1_67' title='bbox 458 902 549 927; x_wconf 87' lang='lat' dir='ltr'>sana</span> <span class='ocrx_word' id='word_1_68' title='bbox 579 891 726 941; x_wconf 86' lang='lat' dir='ltr'>mentis,</span> <span class='ocrx_word' id='word_1_69' title='bbox 1094 898 1131 928; x_wconf 87' lang='lat' dir='ltr'>te</span> <span class='ocrx_word' id='word_1_70' title='bbox 1162 893 1425 939; x_wconf 68' lang='lat' dir='ltr'>sanctificavit,</span> 
     </span>
     <span class='ocr_line' id='line_1_13' title="bbox 221 947 1411 998; baseline 0.003 -15"><span class='ocrx_word' id='word_1_71' title='bbox 221 947 342 984; x_wconf 88' lang='lat' dir='ltr'>Huius</span> <span class='ocrx_word' id='word_1_72' title='bbox 373 947 428 984; x_wconf 92' lang='lat' dir='ltr'>tui</span> <span class='ocrx_word' id='word_1_73' title='bbox 457 948 640 994; x_wconf 87' lang='lat' dir='ltr'>supplicis</span> <span class='ocrx_word' id='word_1_74' title='bbox 1039 949 1269 986; x_wconf 82' lang='lat' dir='ltr'>Benedictus</span> <span class='ocrx_word' id='word_1_75' title='bbox 1300 949 1411 998; x_wconf 87' lang='lat' dir='ltr'>filius,</span> 
     </span>
     <span class='ocr_line' id='line_1_14' title="bbox 278 1003 1520 1052; baseline 0.002 -12"><span class='ocrx_word' id='word_1_76' title='bbox 278 1004 315 1040; x_wconf 91' lang='lat' dir='ltr'>in</span> <span class='ocrx_word' id='word_1_77' title='bbox 347 1008 384 1040; x_wconf 83' lang='lat' dir='ltr'>te</span> <span class='ocrx_word' id='word_1_78' title='bbox 415 1003 638 1041; x_wconf 82' lang='lat' dir='ltr'>confidentis</span> <span class='ocrx_word' id='word_1_79' title='bbox 1097 1017 1205 1052; x_wconf 87' lang='lat' dir='ltr'>quem</span> <span class='ocrx_word' id='word_1_80' title='bbox 1237 1012 1322 1042; x_wconf 91' lang='lat' dir='ltr'>tuus</span> <span class='ocrx_word' id='word_1_81' title='bbox 1354 1007 1520 1052; x_wconf 79' lang='lat' dir='ltr'>portavit</span> 
     </span>
     <span class='ocr_line' id='line_1_15' title="bbox 222 1060 1417 1110; baseline 0.002 -13"><span class='ocrx_word' id='word_1_82' title='bbox 222 1060 273 1097; x_wconf 86' lang='lat' dir='ltr'>Et</span> <span class='ocrx_word' id='word_1_83' title='bbox 303 1060 371 1098; x_wconf 87' lang='lat' dir='ltr'>hos</span> <span class='ocrx_word' id='word_1_84' title='bbox 402 1071 529 1098; x_wconf 88' lang='lat' dir='ltr'>sacros</span> <span class='ocrx_word' id='word_1_85' title='bbox 561 1061 758 1107; x_wconf 69' lang='lat' dir='ltr'>rhythmos</span> <span class='ocrx_word' id='word_1_86' title='bbox 1038 1062 1246 1110; x_wconf 67' lang='lat' dir='ltr'>Vix-ginalis</span> <span class='ocrx_word' id='word_1_87' title='bbox 1274 1068 1417 1107; x_wconf 89' lang='lat' dir='ltr'>uterus,</span> 
     </span>
     <span class='ocr_line' id='line_1_16' title="bbox 281 1110 1542 1166; baseline 0.002 -13"><span class='ocrx_word' id='word_1_88' title='bbox 281 1127 407 1154; x_wconf 87' lang='lat' dir='ltr'>coram</span> <span class='ocrx_word' id='word_1_89' title='bbox 439 1122 476 1154; x_wconf 87' lang='lat' dir='ltr'>te</span> <span class='ocrx_word' id='word_1_90' title='bbox 506 1110 717 1164; x_wconf 71' lang='lat' dir='ltr'>psallentis.</span> <span class='ocrx_word' id='word_1_91' title='bbox 1095 1130 1204 1166; x_wconf 86' lang='lat' dir='ltr'>quem</span> <span class='ocrx_word' id='word_1_92' title='bbox 1236 1120 1319 1166; x_wconf 87' lang='lat' dir='ltr'>ipse</span> <span class='ocrx_word' id='word_1_93' title='bbox 1351 1118 1542 1156; x_wconf 83' lang='lat' dir='ltr'>formavit.</span> 
     </span>
     <span class='ocr_line' id='line_1_17' title="bbox 153 1230 1531 1281; baseline 0 -12"><span class='ocrx_word' id='word_1_94' title='bbox 153 1233 189 1269; x_wconf 82' lang='lat'>5.</span> <span class='ocrx_word' id='word_1_95' title='bbox 220 1230 431 1277; x_wconf 74' lang='lat' dir='ltr'>Dominus,</span> <span class='ocrx_word' id='word_1_96' title='bbox 463 1241 530 1267; x_wconf 82' lang='lat' dir='ltr'>rex</span> <span class='ocrx_word' id='word_1_97' title='bbox 561 1231 736 1281; x_wconf 86' lang='lat' dir='ltr'>omnium,</span> <span class='ocrx_word' id='word_1_98' title='bbox 939 1233 1002 1270; x_wconf 89' lang='lat'>10.</span> <span class='ocrx_word' id='word_1_99' title='bbox 1033 1231 1202 1269; x_wconf 68' lang='lat' dir='ltr'>Fructus</span> <span class='ocrx_word' id='word_1_100' title='bbox 1233 1236 1332 1278; x_wconf 78' lang='lat' dir='ltr'>tuus,</span> <span class='ocrx_word' id='word_1_101' title='bbox 1368 1232 1531 1281; x_wconf 84' lang='lat' dir='ltr'>domina,</span> 
     </span>
     <span class='ocr_line' id='line_1_18' title="bbox 277 1287 1563 1339; baseline 0.002 -16"><span class='ocrx_word' id='word_1_102' title='bbox 277 1298 321 1324; x_wconf 87' lang='lat' dir='ltr'>ex</span> <span class='ocrx_word' id='word_1_103' title='bbox 353 1292 391 1324; x_wconf 90' lang='lat' dir='ltr'>te</span> <span class='ocrx_word' id='word_1_104' title='bbox 421 1287 494 1326; x_wconf 90' lang='lat' dir='ltr'>sibi</span> <span class='ocrx_word' id='word_1_105' title='bbox 526 1287 618 1324; x_wconf 84' lang='lat' dir='ltr'>fecit</span> <span class='ocrx_word' id='word_1_106' title='bbox 1094 1287 1240 1325; x_wconf 84' lang='lat' dir='ltr'>fructus</span> <span class='ocrx_word' id='word_1_107' title='bbox 1272 1294 1329 1325; x_wconf 88' lang='lat' dir='ltr'>est</span> <span class='ocrx_word' id='word_1_108' title='bbox 1361 1289 1563 1339; x_wconf 81' lang='lat' dir='ltr'>caelorum,</span> 
     </span>
     <span class='ocr_line' id='line_1_19' title="bbox 222 1344 1508 1392; baseline -0.001 -10"><span class='ocrx_word' id='word_1_109' title='bbox 222 1344 366 1383; x_wconf 85' lang='lat' dir='ltr'>Cellam</span> <span class='ocrx_word' id='word_1_110' title='bbox 396 1344 699 1391; x_wconf 81' lang='lat' dir='ltr'>pigmentariam.</span> <span class='ocrx_word' id='word_1_111' title='bbox 1036 1346 1116 1392; x_wconf 82' lang='lat' dir='ltr'>Quo</span> <span class='ocrx_word' id='word_1_112' title='bbox 1146 1351 1354 1392; x_wconf 89' lang='lat' dir='ltr'>pascuntur</span> <span class='ocrx_word' id='word_1_113' title='bbox 1383 1346 1508 1392; x_wconf 82' lang='lat' dir='ltr'>angeli</span> 
     </span>
     <span class='ocr_line' id='line_1_20' title="bbox 276 1400 1558 1451; baseline 0.001 -14"><span class='ocrx_word' id='word_1_114' title='bbox 276 1411 387 1447; x_wconf 83' lang='lat' dir='ltr'>quam</span> <span class='ocrx_word' id='word_1_115' title='bbox 419 1401 563 1438; x_wconf 85' lang='lat' dir='ltr'>cunctis</span> <span class='ocrx_word' id='word_1_116' title='bbox 594 1400 792 1451; x_wconf 85' lang='lat' dir='ltr'>praefecit,</span> <span class='ocrx_word' id='word_1_117' title='bbox 1095 1407 1297 1448; x_wconf 82' lang='lat' dir='ltr'>coetusque</span> <span class='ocrx_word' id='word_1_118' title='bbox 1327 1408 1558 1447; x_wconf 80' lang='lat' dir='ltr'>sanctorum,</span> 
     </span>
     <span class='ocr_line' id='line_1_21' title="bbox 220 1457 1410 1504; baseline 0.003 -11"><span class='ocrx_word' id='word_1_119' title='bbox 220 1457 262 1493; x_wconf 87' lang='lat' dir='ltr'>In</span> <span class='ocrx_word' id='word_1_120' title='bbox 294 1469 367 1504; x_wconf 79' lang='lat' dir='ltr'>qua</span> <span class='ocrx_word' id='word_1_121' title='bbox 397 1457 513 1494; x_wconf 88' lang='lat' dir='ltr'>miras</span> <span class='ocrx_word' id='word_1_122' title='bbox 545 1459 690 1504; x_wconf 89' lang='lat' dir='ltr'>species</span> <span class='ocrx_word' id='word_1_123' title='bbox 1039 1458 1182 1496; x_wconf 81' lang='lat' dir='ltr'>Christi</span> <span class='ocrx_word' id='word_1_124' title='bbox 1213 1459 1410 1496; x_wconf 85' lang='lat' dir='ltr'>meditatio</span> 
     </span>
     <span class='ocr_line' id='line_1_22' title="bbox 278 1513 1461 1564; baseline 0.002 -14"><span class='ocrx_word' id='word_1_125' title='bbox 278 1514 446 1551; x_wconf 75' lang='lat' dir='ltr'>salvator</span> <span class='ocrx_word' id='word_1_126' title='bbox 478 1513 653 1562; x_wconf 87' lang='lat' dir='ltr'>confecit,</span> <span class='ocrx_word' id='word_1_127' title='bbox 1097 1515 1201 1552; x_wconf 89' lang='lat' dir='ltr'>cibus</span> <span class='ocrx_word' id='word_1_128' title='bbox 1233 1521 1291 1552; x_wconf 89' lang='lat' dir='ltr'>est</span> <span class='ocrx_word' id='word_1_129' title='bbox 1321 1525 1461 1564; x_wconf 88' lang='lat' dir='ltr'>eorum,</span> 
     </span>
     <span class='ocr_line' id='line_1_23' title="bbox 225 1570 1563 1619; baseline 0.001 -13"><span class='ocrx_word' id='word_1_130' title='bbox 225 1570 366 1616; x_wconf 78' lang='lat' dir='ltr'>Quibus</span> <span class='ocrx_word' id='word_1_131' title='bbox 397 1581 525 1608; x_wconf 85' lang='lat' dir='ltr'>omnes</span> <span class='ocrx_word' id='word_1_132' title='bbox 558 1572 721 1609; x_wconf 83' lang='lat' dir='ltr'>dulciter</span> <span class='ocrx_word' id='word_1_133' title='bbox 1037 1572 1106 1619; x_wconf 86' lang='lat' dir='ltr'>Qui</span> <span class='ocrx_word' id='word_1_134' title='bbox 1138 1583 1207 1619; x_wconf 90' lang='lat' dir='ltr'>per</span> <span class='ocrx_word' id='word_1_135' title='bbox 1238 1572 1335 1609; x_wconf 87' lang='lat' dir='ltr'>viam</span> <span class='ocrx_word' id='word_1_136' title='bbox 1366 1572 1563 1608; x_wconf 84' lang='lat' dir='ltr'>ambulant</span> 
     </span>
     <span class='ocr_line' id='line_1_24' title="bbox 279 1627 1479 1668; baseline 0.002 -4"><span class='ocrx_word' id='word_1_137' title='bbox 279 1627 420 1664; x_wconf 87' lang='lat' dir='ltr'>electos</span> <span class='ocrx_word' id='word_1_138' title='bbox 451 1627 597 1668; x_wconf 83' lang='lat' dir='ltr'>refecit,</span> <span class='ocrx_word' id='word_1_139' title='bbox 1095 1629 1174 1665; x_wconf 88' lang='lat' dir='ltr'>eius</span> <span class='ocrx_word' id='word_1_140' title='bbox 1203 1629 1479 1666; x_wconf 88' lang='lat' dir='ltr'>mandatorum.</span> 
     </span>
     <span class='ocr_line' id='line_1_25' title="bbox 155 1736 1483 1776; baseline -0.002 -2"><span class='ocrx_word' id='word_1_141' title='bbox 155 1737 192 1774; x_wconf 81' lang='lat'>6.</span> <span class='ocrx_word' id='word_1_142' title='bbox 219 1736 358 1773; x_wconf 80' lang='lat' dir='ltr'>Tecum</span> <span class='ocrx_word' id='word_1_143' title='bbox 392 1741 471 1774; x_wconf 79' lang='lat' dir='ltr'>tota</span> <span class='ocrx_word' id='word_1_144' title='bbox 502 1736 654 1773; x_wconf 87' lang='lat' dir='ltr'>trinitas</span> <span class='ocrx_word' id='word_1_145' title='bbox 945 1738 1008 1776; x_wconf 86' lang='lat'>11.</span> <span class='ocrx_word' id='word_1_146' title='bbox 1046 1737 1197 1774; x_wconf 72' lang='lat' dir='ltr'>Ventris</span> <span class='ocrx_word' id='word_1_147' title='bbox 1228 1736 1483 1773; x_wconf 85' lang='lat' dir='ltr'>habitaculum</span> 
     </span>
     <span class='ocr_line' id='line_1_26' title="bbox 284 1791 1525 1840; baseline 0 -12"><span class='ocrx_word' id='word_1_148' title='bbox 284 1791 375 1829; x_wconf 87' lang='lat' dir='ltr'>fecit</span> <span class='ocrx_word' id='word_1_149' title='bbox 405 1794 651 1840; x_wconf 86' lang='lat' dir='ltr'>mansionem,</span> <span class='ocrx_word' id='word_1_150' title='bbox 1098 1804 1165 1830; x_wconf 79' lang='lat' dir='ltr'>rex</span> <span class='ocrx_word' id='word_1_151' title='bbox 1197 1804 1326 1840; x_wconf 89' lang='lat' dir='ltr'>regum</span> <span class='ocrx_word' id='word_1_152' title='bbox 1356 1793 1525 1837; x_wconf 79' lang='lat' dir='ltr'>intravit,</span> 
     </span>
     <span class='ocr_line' id='line_1_27' title="bbox 224 1849 1471 1897; baseline -0.002 -10"><span class='ocrx_word' id='word_1_153' title='bbox 224 1850 350 1891; x_wconf 85' lang='lat' dir='ltr'>Pater.</span> <span class='ocrx_word' id='word_1_154' title='bbox 384 1849 553 1897; x_wconf 86' lang='lat' dir='ltr'>verbum,</span> <span class='ocrx_word' id='word_1_155' title='bbox 586 1850 744 1896; x_wconf 85' lang='lat' dir='ltr'>spiritus</span> <span class='ocrx_word' id='word_1_156' title='bbox 1042 1849 1157 1887; x_wconf 81' lang='lat' dir='ltr'>Cuius</span> <span class='ocrx_word' id='word_1_157' title='bbox 1188 1849 1471 1887; x_wconf 83' lang='lat' dir='ltr'>tabernaculum</span> 
     </span>
     <span class='ocr_line' id='line_1_28' title="bbox 282 1905 1406 1956; baseline 0 -14"><span class='ocrx_word' id='word_1_158' title='bbox 282 1905 365 1943; x_wconf 78' lang='lat' dir='ltr'>fixit</span> <span class='ocrx_word' id='word_1_159' title='bbox 396 1907 611 1956; x_wconf 86' lang='lat' dir='ltr'>sessionem,</span> <span class='ocrx_word' id='word_1_160' title='bbox 1097 1907 1170 1943; x_wconf 86' lang='lat' dir='ltr'>sibi</span> <span class='ocrx_word' id='word_1_161' title='bbox 1202 1906 1406 1955; x_wconf 77' lang='lat' dir='ltr'>dedicavit,</span> 
     </span>
     <span class='ocr_line' id='line_1_29' title="bbox 226 1963 1513 2010; baseline -0.001 -10"><span class='ocrx_word' id='word_1_162' title='bbox 226 1964 390 2009; x_wconf 85' lang='lat' dir='ltr'>Propter</span> <span class='ocrx_word' id='word_1_163' title='bbox 420 1963 520 2010; x_wconf 88' lang='lat' dir='ltr'>quod</span> <span class='ocrx_word' id='word_1_164' title='bbox 551 1974 650 2000; x_wconf 85' lang='lat' dir='ltr'>nunc</span> <span class='ocrx_word' id='word_1_165' title='bbox 680 1963 822 2010; x_wconf 85' lang='lat' dir='ltr'>largius</span> <span class='ocrx_word' id='word_1_166' title='bbox 1043 1963 1218 2001; x_wconf 84' lang='lat' dir='ltr'>Condens</span> <span class='ocrx_word' id='word_1_167' title='bbox 1248 1963 1301 2000; x_wconf 91' lang='lat' dir='ltr'>ibi</span> <span class='ocrx_word' id='word_1_168' title='bbox 1333 1963 1513 2010; x_wconf 79' lang='lat' dir='ltr'>gladium,</span> 
     </span>
     <span class='ocr_line' id='line_1_30' title="bbox 280 2019 1671 2067; baseline 0 -11"><span class='ocrx_word' id='word_1_169' title='bbox 280 2020 329 2056; x_wconf 89' lang='lat' dir='ltr'>ad</span> <span class='ocrx_word' id='word_1_170' title='bbox 361 2019 597 2056; x_wconf 83' lang='lat' dir='ltr'>devotionem</span> <span class='ocrx_word' id='word_1_171' title='bbox 1098 2031 1168 2066; x_wconf 88' lang='lat' dir='ltr'>per</span> <span class='ocrx_word' id='word_1_172' title='bbox 1204 2030 1311 2066; x_wconf 84' lang='lat' dir='ltr'>quem</span> <span class='ocrx_word' id='word_1_173' title='bbox 1344 2020 1489 2056; x_wconf 85' lang='lat' dir='ltr'>hostem</span> <span class='ocrx_word' id='word_1_174' title='bbox 1521 2019 1671 2067; x_wconf 84' lang='lat' dir='ltr'>stravit,</span> 
     </span>
     <span class='ocr_line' id='line_1_31' title="bbox 226 2075 1561 2124; baseline 0.001 -12"><span class='ocrx_word' id='word_1_175' title='bbox 226 2075 280 2112; x_wconf 90' lang='lat' dir='ltr'>Te</span> <span class='ocrx_word' id='word_1_176' title='bbox 312 2077 434 2122; x_wconf 88' lang='lat' dir='ltr'>ipsam</span> <span class='ocrx_word' id='word_1_177' title='bbox 465 2075 642 2114; x_wconf 87' lang='lat' dir='ltr'>fidelibus</span> <span class='ocrx_word' id='word_1_178' title='bbox 1041 2077 1091 2114; x_wconf 87' lang='lat' dir='ltr'>Et</span> <span class='ocrx_word' id='word_1_179' title='bbox 1122 2088 1259 2113; x_wconf 86' lang='lat' dir='ltr'>manna</span> <span class='ocrx_word' id='word_1_180' title='bbox 1290 2076 1561 2124; x_wconf 75' lang='lat' dir='ltr'>dulcissimum,</span> 
     </span>
     <span class='ocr_line' id='line_1_32' title="bbox 281 2133 1480 2180; baseline 0 -11"><span class='ocrx_word' id='word_1_181' title='bbox 281 2133 442 2179; x_wconf 87' lang='lat' dir='ltr'>praebes</span> <span class='ocrx_word' id='word_1_182' title='bbox 473 2134 686 2173; x_wconf 86' lang='lat' dir='ltr'>lectionem.</span> <span class='ocrx_word' id='word_1_183' title='bbox 1097 2145 1168 2180; x_wconf 87' lang='lat' dir='ltr'>quo</span> <span class='ocrx_word' id='word_1_184' title='bbox 1201 2133 1332 2170; x_wconf 84' lang='lat' dir='ltr'>fideles</span> <span class='ocrx_word' id='word_1_185' title='bbox 1363 2134 1480 2179; x_wconf 74' lang='lat' dir='ltr'>pavit.</span> 
     </span>
     <span class='ocr_line' id='line_1_33' title="bbox 154 2239 1468 2287; baseline -0.002 -9"><span class='ocrx_word' id='word_1_186' title='bbox 154 2241 189 2278; x_wconf 85' lang='lat'>7.</span> <span class='ocrx_word' id='word_1_187' title='bbox 222 2239 436 2278; x_wconf 63' lang='lat' dir='ltr'>Bevedicta</span> <span class='ocrx_word' id='word_1_188' title='bbox 468 2240 628 2278; x_wconf 87' lang='lat' dir='ltr'>benedic</span> <span class='ocrx_word' id='word_1_189' title='bbox 943 2242 1007 2279; x_wconf 81' lang='lat'>12.</span> <span class='ocrx_word' id='word_1_190' title='bbox 1038 2241 1115 2278; x_wconf 67' lang='lat' dir='ltr'>Tui</span> <span class='ocrx_word' id='word_1_191' title='bbox 1147 2251 1262 2287; x_wconf 85' lang='lat' dir='ltr'>sapor</span> <span class='ocrx_word' id='word_1_192' title='bbox 1289 2241 1468 2287; x_wconf 83' lang='lat' dir='ltr'>germinis</span> 
     </span>
     <span class='ocr_line' id='line_1_34' title="bbox 277 2297 1563 2346; baseline 0 -13"><span class='ocrx_word' id='word_1_193' title='bbox 277 2302 313 2332; x_wconf 91' lang='lat' dir='ltr'>te</span> <span class='ocrx_word' id='word_1_194' title='bbox 348 2297 626 2346; x_wconf 83' lang='lat' dir='ltr'>benedicentes,</span> <span class='ocrx_word' id='word_1_195' title='bbox 1098 2303 1267 2334; x_wconf 84' lang='lat' dir='ltr'>nostrum</span> <span class='ocrx_word' id='word_1_196' title='bbox 1299 2302 1354 2333; x_wconf 87' lang='lat' dir='ltr'>est</span> <span class='ocrx_word' id='word_1_197' title='bbox 1383 2298 1563 2342; x_wconf 87' lang='lat' dir='ltr'>solamen,</span> 
     </span>
     <span class='ocr_line' id='line_1_35' title="bbox 220 2351 1566 2400; baseline 0.001 -12"><span class='ocrx_word' id='word_1_198' title='bbox 220 2351 301 2389; x_wconf 84' lang='lat' dir='ltr'>Fac</span> <span class='ocrx_word' id='word_1_199' title='bbox 332 2353 371 2390; x_wconf 91' lang='lat' dir='ltr'>in</span> <span class='ocrx_word' id='word_1_200' title='bbox 402 2354 476 2390; x_wconf 89' lang='lat' dir='ltr'>tuis</span> <span class='ocrx_word' id='word_1_201' title='bbox 508 2355 682 2392; x_wconf 88' lang='lat' dir='ltr'>laudibus</span> <span class='ocrx_word' id='word_1_202' title='bbox 1040 2355 1115 2391; x_wconf 80' lang='lat' dir='ltr'>Per</span> <span class='ocrx_word' id='word_1_203' title='bbox 1146 2360 1183 2390; x_wconf 87' lang='lat' dir='ltr'>te</span> <span class='ocrx_word' id='word_1_204' title='bbox 1214 2354 1314 2390; x_wconf 74' lang='lat' dir='ltr'>vitae</span> <span class='ocrx_word' id='word_1_205' title='bbox 1340 2354 1566 2400; x_wconf 87' lang='lat' dir='ltr'>sumpsimus</span> 
     </span>
     <span class='ocr_line' id='line_1_36' title="bbox 279 2410 1482 2459; baseline 0 -13"><span class='ocrx_word' id='word_1_206' title='bbox 279 2410 354 2446; x_wconf 86' lang='lat' dir='ltr'>sint</span> <span class='ocrx_word' id='word_1_207' title='bbox 385 2410 640 2458; x_wconf 78' lang='lat' dir='ltr'>proficientes,</span> <span class='ocrx_word' id='word_1_208' title='bbox 1097 2416 1273 2447; x_wconf 86' lang='lat' dir='ltr'>aeternae</span> <span class='ocrx_word' id='word_1_209' title='bbox 1303 2410 1482 2459; x_wconf 82' lang='lat' dir='ltr'>libamen,</span> 
     </span>
     <span class='ocr_line' id='line_1_37' title="bbox 223 2462 1608 2514; baseline 0.001 -12"><span class='ocrx_word' id='word_1_210' title='bbox 223 2465 342 2513; x_wconf 85' lang='lat' dir='ltr'>Infige</span> <span class='ocrx_word' id='word_1_211' title='bbox 374 2462 611 2505; x_wconf 84' lang='lat' dir='ltr'>dulcedinem</span> <span class='ocrx_word' id='word_1_212' title='bbox 1040 2468 1158 2514; x_wconf 81' lang='lat' dir='ltr'>Quam</span> <span class='ocrx_word' id='word_1_213' title='bbox 1191 2467 1255 2504; x_wconf 90' lang='lat' dir='ltr'>det</span> <span class='ocrx_word' id='word_1_214' title='bbox 1286 2466 1394 2503; x_wconf 87' lang='lat' dir='ltr'>nobis</span> <span class='ocrx_word' id='word_1_215' title='bbox 1426 2467 1608 2504; x_wconf 85' lang='lat' dir='ltr'>Dominus</span> 
     </span>
     <span class='ocr_line' id='line_1_38' title="bbox 279 2523 1514 2574; baseline 0.001 -15"><span class='ocrx_word' id='word_1_216' title='bbox 279 2523 317 2559; x_wconf 88' lang='lat' dir='ltr'>in</span> <span class='ocrx_word' id='word_1_217' title='bbox 348 2528 496 2560; x_wconf 91' lang='lat' dir='ltr'>tuorum</span> <span class='ocrx_word' id='word_1_218' title='bbox 527 2530 686 2574; x_wconf 87' lang='lat' dir='ltr'>mentes,</span> <span class='ocrx_word' id='word_1_219' title='bbox 1096 2535 1166 2570; x_wconf 90' lang='lat' dir='ltr'>per</span> <span class='ocrx_word' id='word_1_220' title='bbox 1196 2529 1298 2560; x_wconf 89' lang='lat' dir='ltr'>tuum</span> <span class='ocrx_word' id='word_1_221' title='bbox 1329 2523 1514 2573; x_wconf 82' lang='lat' dir='ltr'>iuvamen,</span> 
     </span>
     <span class='ocr_line' id='line_1_39' title="bbox 225 2579 1486 2626; baseline -0.001 -9"><span class='ocrx_word' id='word_1_222' title='bbox 225 2579 276 2617; x_wconf 91' lang='lat' dir='ltr'>Ut</span> <span class='ocrx_word' id='word_1_223' title='bbox 308 2579 346 2616; x_wconf 92' lang='lat' dir='ltr'>in</span> <span class='ocrx_word' id='word_1_224' title='bbox 377 2579 485 2616; x_wconf 88' lang='lat' dir='ltr'>bonis</span> <span class='ocrx_word' id='word_1_225' title='bbox 516 2581 662 2617; x_wconf 84' lang='lat' dir='ltr'>actibus</span> <span class='ocrx_word' id='word_1_226' title='bbox 1041 2581 1110 2626; x_wconf 85' lang='lat' dir='ltr'>Qui</span> <span class='ocrx_word' id='word_1_227' title='bbox 1145 2580 1235 2616; x_wconf 83' lang='lat' dir='ltr'>vivit</span> <span class='ocrx_word' id='word_1_228' title='bbox 1266 2580 1303 2616; x_wconf 93' lang='lat' dir='ltr'>in</span> <span class='ocrx_word' id='word_1_229' title='bbox 1335 2581 1486 2616; x_wconf 84' lang='lat' dir='ltr'>saecula</span> 
     </span>
     <span class='ocr_line' id='line_1_40' title="bbox 282 2636 1538 2683; baseline 0.003 -11"><span class='ocrx_word' id='word_1_230' title='bbox 282 2637 432 2683; x_wconf 84' lang='lat' dir='ltr'>sem&#39;per</span> <span class='ocrx_word' id='word_1_231' title='bbox 462 2637 537 2673; x_wconf 89' lang='lat' dir='ltr'>sint</span> <span class='ocrx_word' id='word_1_232' title='bbox 568 2636 772 2675; x_wconf 83' lang='lat' dir='ltr'>ferventes.</span> <span class='ocrx_word' id='word_1_233' title='bbox 1096 2637 1342 2674; x_wconf 81' lang='lat' dir='ltr'>saeculorum.</span> <span class='ocrx_word' id='word_1_234' title='bbox 1403 2639 1538 2676; x_wconf 79' lang='lat' dir='ltr'>Amen.</span> 
     </span>
     <span class='ocr_line' id='line_1_41' title="bbox 200 2734 1672 2777; baseline 0.002 -11"><span class='ocrx_word' id='word_1_235' title='bbox 200 2736 318 2777; x_wconf 71' lang='lat' dir='ltr'>Migne</span> <span class='ocrx_word' id='word_1_236' title='bbox 337 2736 357 2767; x_wconf 91' lang='lat' dir='ltr'>l.</span> <span class='ocrx_word' id='word_1_237' title='bbox 377 2747 404 2767; x_wconf 88' lang='lat' dir='ltr'>c.</span> <span class='ocrx_word' id='word_1_238' title='bbox 424 2734 501 2768; x_wconf 78' lang='lat'>393.</span> <span class='ocrx_word' id='word_1_239' title='bbox 521 2753 565 2757; x_wconf 90' lang='lat'>——</span> <span class='ocrx_word' id='word_1_240' title='bbox 582 2737 654 2768; x_wconf 89' lang='lat' dir='ltr'>Der</span> <span class='ocrx_word' id='word_1_241' title='bbox 671 2735 865 2777; x_wconf 69' lang='lat' dir='ltr'>Rhythmus</span> <span class='ocrx_word' id='word_1_242' title='bbox 891 2737 1004 2769; x_wconf 77' lang='lat' dir='ltr'>dieses</span> <span class='ocrx_word' id='word_1_243' title='bbox 1023 2737 1146 2768; x_wconf 73' lang='lat' dir='ltr'>Liedcs</span> <span class='ocrx_word' id='word_1_244' title='bbox 1173 2737 1218 2767; x_wconf 88' lang='lat' dir='ltr'>ist</span> <span class='ocrx_word' id='word_1_245' title='bbox 1243 2746 1311 2767; x_wconf 79' lang='lat' dir='ltr'>von</span> <span class='ocrx_word' id='word_1_246' title='bbox 1333 2736 1409 2767; x_wconf 85' lang='lat' dir='ltr'>dem</span> <span class='ocrx_word' id='word_1_247' title='bbox 1426 2736 1486 2768; x_wconf 81' lang='lat' dir='ltr'>des</span> <span class='ocrx_word' id='word_1_248' title='bbox 1506 2737 1672 2768; x_wconf 83' lang='lat' dir='ltr'>Damiani</span> 
     </span>
    </p>
   </div>
   <div class='ocr_carea' id='block_1_2' title="bbox 107 2781 1673 2859">
    <p class='ocr_par' dir='ltr' id='par_1_2' title="bbox 107 2781 1673 2859">
     <span class='ocr_line' id='line_1_42' title="bbox 110 2781 1673 2824; baseline 0.003 -14"><span class='ocrx_word' id='word_1_249' title='bbox 110 2790 147 2811; x_wconf 74' lang='lat' dir='ltr'>so</span> <span class='ocrx_word' id='word_1_250' title='bbox 184 2781 427 2816; x_wconf 73' lang='lat' dir='ltr'>verschieden,</span> <span class='ocrx_word' id='word_1_251' title='bbox 467 2782 542 2813; x_wconf 81' lang='lat' dir='ltr'>dass</span> <span class='ocrx_word' id='word_1_252' title='bbox 577 2793 612 2813; x_wconf 84' lang='lat' dir='ltr'>es</span> <span class='ocrx_word' id='word_1_253' title='bbox 645 2782 904 2824; x_wconf 83' lang='lat' dir='ltr'>gerechtfertigt</span> <span class='ocrx_word' id='word_1_254' title='bbox 934 2783 1086 2821; x_wconf 56' lang='lat' dir='ltr'>scheint,</span> <span class='ocrx_word' id='word_1_255' title='bbox 1129 2791 1173 2812; x_wconf 83' lang='lat' dir='ltr'>an</span> <span class='ocrx_word' id='word_1_256' title='bbox 1208 2781 1268 2812; x_wconf 90' lang='lat' dir='ltr'>der</span> <span class='ocrx_word' id='word_1_257' title='bbox 1297 2782 1527 2813; x_wconf 67' lang='lat' dir='ltr'>Autentieitiit</span> <span class='ocrx_word' id='word_1_258' title='bbox 1559 2783 1673 2814; x_wconf 80' lang='lat' dir='ltr'>dieses</span> 
     </span>
     <span class='ocr_line' id='line_1_43' title="bbox 107 2825 493 2859; baseline 0.005 -3"><span class='ocrx_word' id='word_1_259' title='bbox 107 2825 232 2857; x_wconf 75' lang='lat' dir='ltr'>Liedes</span> <span class='ocrx_word' id='word_1_260' title='bbox 257 2837 300 2858; x_wconf 87' lang='lat' dir='ltr'>zu</span> <span class='ocrx_word' id='word_1_261' title='bbox 326 2827 493 2859; x_wconf 81' lang='lat' dir='ltr'>zweit&#39;eln.</span> 
     </span>
    </p>
   </div>
  </div>
 </body>
</html>
