<?xml version="1.0" encoding="UTF-8"?>
<!DOCTYPE html PUBLIC "-//W3C//DTD XHTML 1.0 Transitional//EN"
    "http://www.w3.org/TR/xhtml1/DTD/xhtml1-transitional.dtd">
<html xmlns="http://www.w3.org/1999/xhtml" xml:lang="en" lang="en">
 <head>
  <title>
</title>
<meta http-equiv="Content-Type" content="text/html;charset=utf-8" />
  <meta name='ocr-system' content='tesseract 3.04.00' />
  <meta name='ocr-capabilities' content='ocr_page ocr_carea ocr_par ocr_line ocrx_word'/>
</head>
<body>
  <div class='ocr_page' id='page_1' title='image "./hymnographilatin01drevuoft_0995.png"; bbox 0 0 1914 3223; ppageno 0'>
   <div class='ocr_carea' id='block_1_1' title="bbox 779 185 1084 226">
    <p class='ocr_par' dir='ltr' id='par_1_1' title="bbox 779 185 1084 226">
     <span class='ocr_line' id='line_1_1' title="bbox 779 185 1084 226; baseline 0 0"><span class='ocrx_word' id='word_1_1' title='bbox 779 185 1084 226; x_wconf 82' lang='lat'>—437—</span> 
     </span>
    </p>
   </div>
   <div class='ocr_carea' id='block_1_2' title="bbox 158 293 1712 2877">
    <p class='ocr_par' dir='ltr' id='par_1_2' title="bbox 158 293 1712 2097">
     <span class='ocr_line' id='line_1_2' title="bbox 167 293 1579 347; baseline -0.001 -10"><span class='ocrx_word' id='word_1_2' title='bbox 167 301 231 341; x_wconf 79' lang='lat'>19,</span> <span class='ocrx_word' id='word_1_3' title='bbox 267 300 464 347; x_wconf 84' lang='lat' dir='ltr'>Nunquam</span> <span class='ocrx_word' id='word_1_4' title='bbox 495 299 597 336; x_wconf 88' lang='lat' dir='ltr'>sinas</span> <span class='ocrx_word' id='word_1_5' title='bbox 624 299 661 336; x_wconf 93' lang='lat' dir='ltr'>in</span> <span class='ocrx_word' id='word_1_6' title='bbox 683 308 741 336; x_wconf 89' lang='lat' dir='ltr'>me</span> <span class='ocrx_word' id='word_1_7' title='bbox 763 299 892 346; x_wconf 86' lang='lat' dir='ltr'>spinas</span> <span class='ocrx_word' id='word_1_8' title='bbox 968 293 1046 338; x_wconf 77' lang='grc'>26.</span> <span class='ocrx_word' id='word_1_9' title='bbox 1080 299 1193 347; x_wconf 76' lang='lat' dir='ltr'>virgo·</span> <span class='ocrx_word' id='word_1_10' title='bbox 1226 299 1334 346; x_wconf 89' lang='lat' dir='ltr'>lenis,</span> <span class='ocrx_word' id='word_1_11' title='bbox 1367 310 1387 337; x_wconf 91' lang='lat' dir='ltr'>a</span> <span class='ocrx_word' id='word_1_12' title='bbox 1420 300 1579 338; x_wconf 87' lang='lat' dir='ltr'>terrenis</span> 
     </span>
     <span class='ocr_line' id='line_1_3' title="bbox 320 355 1604 401; baseline 0.001 -8"><span class='ocrx_word' id='word_1_13' title='bbox 320 356 504 394; x_wconf 86' lang='lat' dir='ltr'>Vitiorum</span> <span class='ocrx_word' id='word_1_14' title='bbox 537 365 721 401; x_wconf 84' lang='lat' dir='ltr'>crescere,</span> <span class='ocrx_word' id='word_1_15' title='bbox 1133 355 1279 393; x_wconf 87' lang='lat' dir='ltr'>Munda</span> <span class='ocrx_word' id='word_1_16' title='bbox 1308 367 1374 393; x_wconf 89' lang='lat' dir='ltr'>nos</span> <span class='ocrx_word' id='word_1_17' title='bbox 1407 356 1604 394; x_wconf 73' lang='lat' dir='ltr'>affectibus</span> 
     </span>
     <span class='ocr_line' id='line_1_4' title="bbox 263 410 1633 459; baseline 0 -9"><span class='ocrx_word' id='word_1_18' title='bbox 263 414 366 459; x_wconf 77' lang='lat' dir='ltr'>Quae</span> <span class='ocrx_word' id='word_1_19' title='bbox 382 413 431 450; x_wconf 88' lang='lat' dir='ltr'>ad</span> <span class='ocrx_word' id='word_1_20' title='bbox 449 410 611 449; x_wconf 87' lang='lat' dir='ltr'>fructum</span> <span class='ocrx_word' id='word_1_21' title='bbox 629 422 695 449; x_wconf 89' lang='lat' dir='ltr'>nos</span> <span class='ocrx_word' id='word_1_22' title='bbox 713 412 893 449; x_wconf 84' lang='lat' dir='ltr'>virtutum</span> <span class='ocrx_word' id='word_1_23' title='bbox 1077 411 1126 448; x_wconf 89' lang='lat' dir='ltr'>Et</span> <span class='ocrx_word' id='word_1_24' title='bbox 1159 417 1377 449; x_wconf 87' lang='lat' dir='ltr'>cunctorum</span> <span class='ocrx_word' id='word_1_25' title='bbox 1411 413 1633 451; x_wconf 81' lang='lat' dir='ltr'>delictorum</span> 
     </span>
     <span class='ocr_line' id='line_1_5' title="bbox 318 468 1601 514; baseline 0.002 -8"><span class='ocrx_word' id='word_1_26' title='bbox 318 469 441 506; x_wconf 87' lang='lat' dir='ltr'>Doees</span> <span class='ocrx_word' id='word_1_27' title='bbox 471 478 621 514; x_wconf 84' lang='lat' dir='ltr'>semper</span> <span class='ocrx_word' id='word_1_28' title='bbox 652 468 820 505; x_wconf 87' lang='lat' dir='ltr'>tendere.</span> <span class='ocrx_word' id='word_1_29' title='bbox 1136 468 1213 505; x_wconf 86' lang='lat' dir='ltr'>Nos</span> <span class='ocrx_word' id='word_1_30' title='bbox 1244 468 1398 506; x_wconf 70' lang='lat' dir='ltr'>absolve</span> <span class='ocrx_word' id='word_1_31' title='bbox 1430 469 1601 510; x_wconf 83' lang='lat' dir='ltr'>nexibus,</span> 
     </span>
     <span class='ocr_line' id='line_1_6' title="bbox 162 579 1519 629; baseline -0.003 -6"><span class='ocrx_word' id='word_1_32' title='bbox 162 584 234 623; x_wconf 84' lang='lat'>20.</span> <span class='ocrx_word' id='word_1_33' title='bbox 268 582 442 620; x_wconf 85' lang='lat' dir='ltr'>Clemens</span> <span class='ocrx_word' id='word_1_34' title='bbox 476 580 586 624; x_wconf 86' lang='lat' dir='ltr'>dona,</span> <span class='ocrx_word' id='word_1_35' title='bbox 619 585 658 617; x_wconf 84' lang='lat' dir='ltr'>ut</span> <span class='ocrx_word' id='word_1_36' title='bbox 690 584 849 627; x_wconf 86' lang='lat' dir='ltr'>patrona</span> <span class='ocrx_word' id='word_1_37' title='bbox 985 579 1050 619; x_wconf 82' lang='lat'>27.</span> <span class='ocrx_word' id='word_1_38' title='bbox 1085 581 1269 629; x_wconf 68' lang='lat' dir='ltr'>Paradisi‚</span> <span class='ocrx_word' id='word_1_39' title='bbox 1303 592 1376 628; x_wconf 88' lang='lat' dir='ltr'>quo</span> <span class='ocrx_word' id='word_1_40' title='bbox 1408 582 1519 619; x_wconf 87' lang='lat' dir='ltr'>divisi</span> 
     </span>
     <span class='ocr_line' id='line_1_7' title="bbox 323 637 1556 684; baseline 0.001 -10"><span class='ocrx_word' id='word_1_41' title='bbox 323 637 426 674; x_wconf 82' lang='lat' dir='ltr'>Velis</span> <span class='ocrx_word' id='word_1_42' title='bbox 458 647 540 674; x_wconf 88' lang='lat' dir='ltr'>esse</span> <span class='ocrx_word' id='word_1_43' title='bbox 571 637 722 684; x_wconf 89' lang='lat' dir='ltr'>misero,</span> <span class='ocrx_word' id='word_1_44' title='bbox 1139 637 1379 681; x_wconf 78' lang='lat' dir='ltr'>Exsulamus‚</span> <span class='ocrx_word' id='word_1_45' title='bbox 1412 639 1556 676; x_wconf 85' lang='lat' dir='ltr'>aditum</span> 
     </span>
     <span class='ocr_line' id='line_1_8' title="bbox 265 692 1712 744; baseline 0.001 -12"><span class='ocrx_word' id='word_1_46' title='bbox 265 695 316 733; x_wconf 88' lang='lat' dir='ltr'>Ut</span> <span class='ocrx_word' id='word_1_47' title='bbox 331 695 383 731; x_wconf 88' lang='lat' dir='ltr'>sis</span> <span class='ocrx_word' id='word_1_48' title='bbox 400 704 557 739; x_wconf 79' lang='lat' dir='ltr'>mecum,</span> <span class='ocrx_word' id='word_1_49' title='bbox 576 703 659 730; x_wconf 89' lang='lat' dir='ltr'>eum</span> <span class='ocrx_word' id='word_1_50' title='bbox 677 692 725 731; x_wconf 86' lang='lat' dir='ltr'>ad</span> <span class='ocrx_word' id='word_1_51' title='bbox 738 703 896 740; x_wconf 85' lang='lat' dir='ltr'>aequum</span> <span class='ocrx_word' id='word_1_52' title='bbox 1084 693 1202 729; x_wconf 80' lang='lat' dir='ltr'>Nobis</span> <span class='ocrx_word' id='word_1_53' title='bbox 1225 694 1363 741; x_wconf 79' lang='lat' dir='ltr'>pande,</span> <span class='ocrx_word' id='word_1_54' title='bbox 1386 695 1487 741; x_wconf 88' lang='lat' dir='ltr'>quod</span> <span class='ocrx_word' id='word_1_55' title='bbox 1504 695 1550 732; x_wconf 93' lang='lat' dir='ltr'>ob</span> <span class='ocrx_word' id='word_1_56' title='bbox 1568 695 1712 744; x_wconf 78' lang='lat' dir='ltr'>grande</span> 
     </span>
     <span class='ocr_line' id='line_1_9' title="bbox 323 749 1620 797; baseline 0.002 -10"><span class='ocrx_word' id='word_1_57' title='bbox 323 750 508 788; x_wconf 86' lang='lat' dir='ltr'>Tribunal</span> <span class='ocrx_word' id='word_1_58' title='bbox 539 759 772 797; x_wconf 83' lang='lat' dir='ltr'>processero.</span> <span class='ocrx_word' id='word_1_59' title='bbox 1141 749 1261 786; x_wconf 84' lang='lat' dir='ltr'>Nimis</span> <span class='ocrx_word' id='word_1_60' title='bbox 1293 754 1400 797; x_wconf 86' lang='lat' dir='ltr'>potes</span> <span class='ocrx_word' id='word_1_61' title='bbox 1433 751 1620 790; x_wconf 88' lang='lat' dir='ltr'>meritum.</span> 
     </span>
     <span class='ocr_line' id='line_1_10' title="bbox 165 862 1681 911; baseline -0.001 -8"><span class='ocrx_word' id='word_1_62' title='bbox 165 866 229 903; x_wconf 84' lang='lat'>21.</span> <span class='ocrx_word' id='word_1_63' title='bbox 263 863 520 911; x_wconf 87' lang='lat' dir='ltr'>Supplicando</span> <span class='ocrx_word' id='word_1_64' title='bbox 551 873 610 899; x_wconf 90' lang='lat' dir='ltr'>me</span> <span class='ocrx_word' id='word_1_65' title='bbox 642 862 862 900; x_wconf 85' lang='lat' dir='ltr'>commendo</span> <span class='ocrx_word' id='word_1_66' title='bbox 985 864 1052 901; x_wconf 84' lang='lat'>28.</span> <span class='ocrx_word' id='word_1_67' title='bbox 1087 863 1171 900; x_wconf 82' lang='lat' dir='ltr'>Illic</span> <span class='ocrx_word' id='word_1_68' title='bbox 1202 867 1349 909; x_wconf 86' lang='lat' dir='ltr'>patrem</span> <span class='ocrx_word' id='word_1_69' title='bbox 1381 867 1493 910; x_wconf 85' lang='lat' dir='ltr'>atque</span> <span class='ocrx_word' id='word_1_70' title='bbox 1524 869 1681 902; x_wconf 87' lang='lat' dir='ltr'>matrem</span> 
     </span>
     <span class='ocr_line' id='line_1_11' title="bbox 319 917 1562 966; baseline 0 -9"><span class='ocrx_word' id='word_1_71' title='bbox 319 920 400 957; x_wconf 91' lang='lat' dir='ltr'>Tuo</span> <span class='ocrx_word' id='word_1_72' title='bbox 432 919 655 966; x_wconf 83' lang='lat' dir='ltr'>patrocinio,</span> <span class='ocrx_word' id='word_1_73' title='bbox 1138 919 1262 957; x_wconf 85' lang='lat' dir='ltr'>Meam</span> <span class='ocrx_word' id='word_1_74' title='bbox 1295 917 1355 956; x_wconf 85' lang='lat' dir='ltr'>fae</span> <span class='ocrx_word' id='word_1_75' title='bbox 1385 921 1562 958; x_wconf 84' lang='lat' dir='ltr'>constitui</span> 
     </span>
     <span class='ocr_line' id='line_1_12' title="bbox 264 974 1612 1015; baseline 0 -1"><span class='ocrx_word' id='word_1_76' title='bbox 264 977 322 1014; x_wconf 91' lang='lat' dir='ltr'>Ne</span> <span class='ocrx_word' id='word_1_77' title='bbox 356 987 420 1013; x_wconf 85' lang='lat' dir='ltr'>rex</span> <span class='ocrx_word' id='word_1_78' title='bbox 453 974 562 1013; x_wconf 85' lang='lat' dir='ltr'>fortis</span> <span class='ocrx_word' id='word_1_79' title='bbox 595 976 701 1013; x_wconf 84' lang='lat' dir='ltr'>dirae</span> <span class='ocrx_word' id='word_1_80' title='bbox 731 975 862 1012; x_wconf 91' lang='lat' dir='ltr'>mortis</span> <span class='ocrx_word' id='word_1_81' title='bbox 1081 975 1129 1012; x_wconf 91' lang='lat' dir='ltr'>Et</span> <span class='ocrx_word' id='word_1_82' title='bbox 1163 975 1344 1013; x_wconf 89' lang='lat' dir='ltr'>bonorum</span> <span class='ocrx_word' id='word_1_83' title='bbox 1374 982 1612 1015; x_wconf 85' lang='lat' dir='ltr'>aeternorum</span> 
     </span>
     <span class='ocr_line' id='line_1_13' title="bbox 322 1031 1513 1079; baseline 0.002 -9"><span class='ocrx_word' id='word_1_84' title='bbox 322 1032 466 1070; x_wconf 78' lang='lat' dir='ltr'>Tradat</span> <span class='ocrx_word' id='word_1_85' title='bbox 498 1043 556 1069; x_wconf 89' lang='lat' dir='ltr'>me</span> <span class='ocrx_word' id='word_1_86' title='bbox 588 1031 788 1079; x_wconf 86' lang='lat' dir='ltr'>supplicio.</span> <span class='ocrx_word' id='word_1_87' title='bbox 1139 1032 1324 1070; x_wconf 87' lang='lat' dir='ltr'>Ubertate</span> <span class='ocrx_word' id='word_1_88' title='bbox 1355 1031 1513 1079; x_wconf 83' lang='lat' dir='ltr'>perfrui.</span> 
     </span>
     <span class='ocr_line' id='line_1_14' title="bbox 165 1144 1589 1192; baseline -0.002 -6"><span class='ocrx_word' id='word_1_89' title='bbox 165 1149 234 1187; x_wconf 89' lang='grc'>22.</span> <span class='ocrx_word' id='word_1_90' title='bbox 268 1147 404 1185; x_wconf 83' lang='lat' dir='ltr'>Preces</span> <span class='ocrx_word' id='word_1_91' title='bbox 438 1144 554 1183; x_wconf 89' lang='lat' dir='ltr'>funde</span> <span class='ocrx_word' id='word_1_92' title='bbox 585 1150 621 1182; x_wconf 87' lang='lat' dir='ltr'>et</span> <span class='ocrx_word' id='word_1_93' title='bbox 653 1144 840 1191; x_wconf 84' lang='lat' dir='ltr'>responde</span> <span class='ocrx_word' id='word_1_94' title='bbox 985 1147 1050 1184; x_wconf 78' lang='lat'>29.</span> <span class='ocrx_word' id='word_1_95' title='bbox 1084 1145 1224 1192; x_wconf 81' lang='lat' dir='ltr'>Regem</span> <span class='ocrx_word' id='word_1_96' title='bbox 1258 1145 1352 1182; x_wconf 80' lang='lat' dir='ltr'>caeli</span> <span class='ocrx_word' id='word_1_97' title='bbox 1384 1156 1453 1192; x_wconf 90' lang='lat' dir='ltr'>pro</span> <span class='ocrx_word' id='word_1_98' title='bbox 1484 1145 1589 1183; x_wconf 87' lang='lat' dir='ltr'>fideli</span> 
     </span>
     <span class='ocr_line' id='line_1_15' title="bbox 330 1201 1579 1249; baseline -0.002 -8"><span class='ocrx_word' id='word_1_99' title='bbox 330 1204 404 1241; x_wconf 90' lang='lat' dir='ltr'>Pro</span> <span class='ocrx_word' id='word_1_100' title='bbox 434 1212 494 1239; x_wconf 90' lang='lat' dir='ltr'>me</span> <span class='ocrx_word' id='word_1_101' title='bbox 523 1205 611 1239; x_wconf 83' lang='lat' dir='ltr'>ante</span> <span class='ocrx_word' id='word_1_102' title='bbox 641 1201 817 1245; x_wconf 86' lang='lat' dir='ltr'>iudicem,</span> <span class='ocrx_word' id='word_1_103' title='bbox 1140 1202 1298 1248; x_wconf 85' lang='lat' dir='ltr'>Semper</span> <span class='ocrx_word' id='word_1_104' title='bbox 1328 1213 1394 1239; x_wconf 87' lang='lat' dir='ltr'>ora</span> <span class='ocrx_word' id='word_1_105' title='bbox 1426 1203 1579 1249; x_wconf 89' lang='lat' dir='ltr'>populo,</span> 
     </span>
     <span class='ocr_line' id='line_1_16' title="bbox 265 1257 1632 1305; baseline 0 -9"><span class='ocrx_word' id='word_1_106' title='bbox 265 1259 363 1296; x_wconf 80' lang='lat' dir='ltr'>Nam</span> <span class='ocrx_word' id='word_1_107' title='bbox 383 1258 548 1304; x_wconf 84' lang='lat' dir='ltr'>offensae</span> <span class='ocrx_word' id='word_1_108' title='bbox 569 1262 656 1295; x_wconf 87' lang='lat' dir='ltr'>sunt</span> <span class='ocrx_word' id='word_1_109' title='bbox 676 1258 893 1305; x_wconf 76' lang='lat' dir='ltr'>immensae,</span> <span class='ocrx_word' id='word_1_110' title='bbox 1085 1258 1134 1297; x_wconf 88' lang='lat' dir='ltr'>Ut</span> <span class='ocrx_word' id='word_1_111' title='bbox 1167 1257 1214 1296; x_wconf 90' lang='lat' dir='ltr'>ab</span> <span class='ocrx_word' id='word_1_112' title='bbox 1246 1258 1319 1296; x_wconf 90' lang='lat' dir='ltr'>isto</span> <span class='ocrx_word' id='word_1_113' title='bbox 1353 1259 1447 1296; x_wconf 88' lang='lat' dir='ltr'>duee</span> <span class='ocrx_word' id='word_1_114' title='bbox 1480 1259 1632 1298; x_wconf 88' lang='lat' dir='ltr'>Christo</span> 
     </span>
     <span class='ocr_line' id='line_1_17' title="bbox 325 1315 1522 1363; baseline 0.001 -11"><span class='ocrx_word' id='word_1_115' title='bbox 325 1316 428 1362; x_wconf 86' lang='lat' dir='ltr'>Quae</span> <span class='ocrx_word' id='word_1_116' title='bbox 461 1322 641 1352; x_wconf 81' lang='lat' dir='ltr'>accusant</span> <span class='ocrx_word' id='word_1_117' title='bbox 672 1315 894 1363; x_wconf 81' lang='lat' dir='ltr'>supplicem.</span> <span class='ocrx_word' id='word_1_118' title='bbox 1139 1315 1329 1352; x_wconf 88' lang='lat' dir='ltr'>Eruamur</span> <span class='ocrx_word' id='word_1_119' title='bbox 1360 1315 1522 1353; x_wconf 84' lang='lat' dir='ltr'>saeculo.</span> 
     </span>
     <span class='ocr_line' id='line_1_18' title="bbox 158 1427 1558 1477; baseline -0.001 -10"><span class='ocrx_word' id='word_1_120' title='bbox 158 1431 227 1468; x_wconf 76' lang='lat'>23.</span> <span class='ocrx_word' id='word_1_121' title='bbox 261 1429 526 1477; x_wconf 80' lang='lat' dir='ltr'>Desperarem,</span> <span class='ocrx_word' id='word_1_122' title='bbox 561 1427 592 1464; x_wconf 88' lang='lat' dir='ltr'>si</span> <span class='ocrx_word' id='word_1_123' title='bbox 624 1438 822 1474; x_wconf 84' lang='lat' dir='ltr'>pensarem</span> <span class='ocrx_word' id='word_1_124' title='bbox 983 1429 1048 1466; x_wconf 82' lang='lat'>30.</span> <span class='ocrx_word' id='word_1_125' title='bbox 1081 1428 1162 1466; x_wconf 94' lang='lat' dir='ltr'>Deo</span> <span class='ocrx_word' id='word_1_126' title='bbox 1194 1438 1294 1475; x_wconf 84' lang='lat' dir='ltr'>cara,</span> <span class='ocrx_word' id='word_1_127' title='bbox 1327 1428 1434 1465; x_wconf 88' lang='lat' dir='ltr'>nobis</span> <span class='ocrx_word' id='word_1_128' title='bbox 1465 1439 1558 1475; x_wconf 84' lang='lat' dir='ltr'>para</span> 
     </span>
     <span class='ocr_line' id='line_1_19' title="bbox 321 1484 1548 1531; baseline -0.001 -9"><span class='ocrx_word' id='word_1_129' title='bbox 321 1485 408 1523; x_wconf 86' lang='lat' dir='ltr'>Mea</span> <span class='ocrx_word' id='word_1_130' title='bbox 440 1489 585 1521; x_wconf 87' lang='lat' dir='ltr'>tantum</span> <span class='ocrx_word' id='word_1_131' title='bbox 618 1484 752 1521; x_wconf 86' lang='lat' dir='ltr'>merita</span> <span class='ocrx_word' id='word_1_132' title='bbox 1139 1484 1246 1521; x_wconf 77' lang='lat' dir='ltr'>Viam</span> <span class='ocrx_word' id='word_1_133' title='bbox 1278 1484 1326 1522; x_wconf 85' lang='lat' dir='ltr'>ad</span> <span class='ocrx_word' id='word_1_134' title='bbox 1358 1485 1548 1531; x_wconf 85' lang='lat' dir='ltr'>caelestia,</span> 
     </span>
     <span class='ocr_line' id='line_1_20' title="bbox 261 1539 1523 1579; baseline -0.001 0"><span class='ocrx_word' id='word_1_135' title='bbox 261 1542 344 1579; x_wconf 84' lang='lat' dir='ltr'>Nee</span> <span class='ocrx_word' id='word_1_136' title='bbox 378 1541 568 1579; x_wconf 86' lang='lat' dir='ltr'>audissem</span> <span class='ocrx_word' id='word_1_137' title='bbox 599 1545 663 1578; x_wconf 86' lang='lat' dir='ltr'>aut</span> <span class='ocrx_word' id='word_1_138' title='bbox 694 1542 894 1578; x_wconf 85' lang='lat' dir='ltr'>sensissem</span> <span class='ocrx_word' id='word_1_139' title='bbox 1082 1541 1157 1579; x_wconf 91' lang='lat' dir='ltr'>Ubi</span> <span class='ocrx_word' id='word_1_140' title='bbox 1190 1539 1264 1578; x_wconf 88' lang='lat' dir='ltr'>frui</span> <span class='ocrx_word' id='word_1_141' title='bbox 1297 1541 1438 1578; x_wconf 88' lang='lat' dir='ltr'>Christi</span> <span class='ocrx_word' id='word_1_142' title='bbox 1469 1541 1523 1578; x_wconf 90' lang='lat' dir='ltr'>tui</span> 
     </span>
     <span class='ocr_line' id='line_1_21' title="bbox 319 1597 1518 1645; baseline -0.001 -10"><span class='ocrx_word' id='word_1_143' title='bbox 319 1598 374 1636; x_wconf 89' lang='lat' dir='ltr'>Te</span> <span class='ocrx_word' id='word_1_144' title='bbox 404 1597 553 1635; x_wconf 85' lang='lat' dir='ltr'>salvare</span> <span class='ocrx_word' id='word_1_145' title='bbox 583 1597 749 1645; x_wconf 87' lang='lat' dir='ltr'>perdita.</span> <span class='ocrx_word' id='word_1_146' title='bbox 1138 1597 1356 1635; x_wconf 86' lang='lat' dir='ltr'>Mereamur</span> <span class='ocrx_word' id='word_1_147' title='bbox 1386 1598 1518 1645; x_wconf 83' lang='lat' dir='ltr'>gloria.</span> 
     </span>
     <span class='ocr_line' id='line_1_22' title="bbox 162 1693 1669 1760; baseline -0.002 -9"><span class='ocrx_word' id='word_1_148' title='bbox 162 1714 229 1752; x_wconf 70' lang='lat'>24.</span> <span class='ocrx_word' id='word_1_149' title='bbox 263 1712 392 1749; x_wconf 82' lang='lat' dir='ltr'>Mater</span> <span class='ocrx_word' id='word_1_150' title='bbox 422 1711 537 1760; x_wconf 81' lang='lat' dir='ltr'>alma,</span> <span class='ocrx_word' id='word_1_151' title='bbox 571 1711 644 1748; x_wconf 91' lang='lat' dir='ltr'>tuis</span> <span class='ocrx_word' id='word_1_152' title='bbox 676 1710 782 1748; x_wconf 85' lang='lat' dir='ltr'>salva</span> <span class='ocrx_word' id='word_1_153' title='bbox 837 1693 845 1701; x_wconf 51' lang='grc'><strong>’</strong></span> <span class='ocrx_word' id='word_1_154' title='bbox 984 1711 1050 1749; x_wconf 85' lang='grc'>31.</span> <span class='ocrx_word' id='word_1_155' title='bbox 1083 1711 1228 1748; x_wconf 85' lang='lat' dir='ltr'>Auctor</span> <span class='ocrx_word' id='word_1_156' title='bbox 1258 1710 1401 1758; x_wconf 87' lang='lat' dir='ltr'>mundi,</span> <span class='ocrx_word' id='word_1_157' title='bbox 1434 1711 1496 1757; x_wconf 85' lang='lat' dir='ltr'>qui</span> <span class='ocrx_word' id='word_1_158' title='bbox 1528 1710 1669 1748; x_wconf 87' lang='lat' dir='ltr'>effundi</span> 
     </span>
     <span class='ocr_line' id='line_1_23' title="bbox 321 1767 1543 1815; baseline 0 -11"><span class='ocrx_word' id='word_1_159' title='bbox 321 1767 504 1805; x_wconf 85' lang='lat' dir='ltr'>Precibus</span> <span class='ocrx_word' id='word_1_160' title='bbox 535 1767 635 1804; x_wconf 90' lang='lat' dir='ltr'>hune</span> <span class='ocrx_word' id='word_1_161' title='bbox 664 1767 856 1814; x_wconf 88' lang='lat' dir='ltr'>miserum,</span> <span class='ocrx_word' id='word_1_162' title='bbox 1137 1767 1218 1804; x_wconf 91' lang='lat' dir='ltr'>Tuo</span> <span class='ocrx_word' id='word_1_163' title='bbox 1249 1771 1382 1804; x_wconf 83' lang='lat' dir='ltr'>ventre</span> <span class='ocrx_word' id='word_1_164' title='bbox 1414 1767 1543 1815; x_wconf 87' lang='lat' dir='ltr'>voluit,</span> 
     </span>
     <span class='ocr_line' id='line_1_24' title="bbox 265 1818 1540 1871; baseline 0 -11"><span class='ocrx_word' id='word_1_165' title='bbox 265 1824 380 1870; x_wconf 87' lang='lat' dir='ltr'>Quem</span> <span class='ocrx_word' id='word_1_166' title='bbox 414 1823 562 1871; x_wconf 82' lang='lat' dir='ltr'>subegit</span> <span class='ocrx_word' id='word_1_167' title='bbox 594 1827 631 1860; x_wconf 90' lang='lat' dir='ltr'>et</span> <span class='ocrx_word' id='word_1_168' title='bbox 663 1822 849 1870; x_wconf 85' lang='lat' dir='ltr'>confregit</span> <span class='ocrx_word' id='word_1_169' title='bbox 1083 1824 1129 1861; x_wconf 85' lang='lat' dir='ltr'>Se</span> <span class='ocrx_word' id='word_1_170' title='bbox 1161 1818 1288 1860; x_wconf 78' lang='lat' dir='ltr'>amare</span> <span class='ocrx_word' id='word_1_171' title='bbox 1319 1828 1355 1860; x_wconf 87' lang='lat' dir='ltr'>et</span> <span class='ocrx_word' id='word_1_172' title='bbox 1387 1833 1540 1861; x_wconf 83' lang='lat' dir='ltr'>servare</span> 
     </span>
     <span class='ocr_line' id='line_1_25' title="bbox 320 1879 1678 1927; baseline 0 -9"><span class='ocrx_word' id='word_1_173' title='bbox 320 1881 462 1927; x_wconf 83' lang='lat' dir='ltr'>Magna</span> <span class='ocrx_word' id='word_1_174' title='bbox 491 1881 608 1918; x_wconf 91' lang='lat' dir='ltr'>moles</span> <span class='ocrx_word' id='word_1_175' title='bbox 640 1879 835 1917; x_wconf 88' lang='lat' dir='ltr'>scelerum.</span> <span class='ocrx_word' id='word_1_176' title='bbox 1137 1879 1257 1917; x_wconf 88' lang='lat' dir='ltr'>Nobis</span> <span class='ocrx_word' id='word_1_177' title='bbox 1290 1881 1366 1926; x_wconf 85' lang='lat' dir='ltr'>det,</span> <span class='ocrx_word' id='word_1_178' title='bbox 1399 1880 1499 1927; x_wconf 89' lang='lat' dir='ltr'>quod</span> <span class='ocrx_word' id='word_1_179' title='bbox 1532 1880 1678 1918; x_wconf 89' lang='lat' dir='ltr'>docuit.</span> 
     </span>
     <span class='ocr_line' id='line_1_26' title="bbox 160 1992 1577 2040; baseline -0.001 -8"><span class='ocrx_word' id='word_1_180' title='bbox 160 1995 230 2034; x_wconf 82' lang='lat'>25.</span> <span class='ocrx_word' id='word_1_181' title='bbox 262 1994 296 2031; x_wconf 93' lang='lat' dir='ltr'>A</span> <span class='ocrx_word' id='word_1_182' title='bbox 329 1993 496 2040; x_wconf 86' lang='lat' dir='ltr'>peccatis</span> <span class='ocrx_word' id='word_1_183' title='bbox 528 1997 564 2030; x_wconf 90' lang='lat' dir='ltr'>et</span> <span class='ocrx_word' id='word_1_184' title='bbox 592 2004 615 2030; x_wconf 83' lang='lat' dir='ltr'>a</span> <span class='ocrx_word' id='word_1_185' title='bbox 645 1993 775 2029; x_wconf 89' lang='lat' dir='ltr'>mortis</span> <span class='ocrx_word' id='word_1_186' title='bbox 983 1993 1049 2031; x_wconf 87' lang='lat'>32.</span> <span class='ocrx_word' id='word_1_187' title='bbox 1081 1993 1199 2030; x_wconf 87' lang='lat' dir='ltr'>Pater</span> <span class='ocrx_word' id='word_1_188' title='bbox 1228 1992 1343 2039; x_wconf 86' lang='lat' dir='ltr'>Deus,</span> <span class='ocrx_word' id='word_1_189' title='bbox 1377 1992 1431 2030; x_wconf 87' lang='lat' dir='ltr'>fili</span> <span class='ocrx_word' id='word_1_190' title='bbox 1463 1993 1577 2039; x_wconf 84' lang='lat' dir='ltr'>Deus,</span> 
     </span>
     <span class='ocr_line' id='line_1_27' title="bbox 323 2049 1567 2097; baseline -0.002 -9"><span class='ocrx_word' id='word_1_191' title='bbox 323 2049 464 2088; x_wconf 86' lang='lat' dir='ltr'>Libera</span> <span class='ocrx_word' id='word_1_192' title='bbox 495 2049 723 2097; x_wconf 85' lang='lat' dir='ltr'>praepositis</span> <span class='ocrx_word' id='word_1_193' title='bbox 1138 2049 1240 2086; x_wconf 91' lang='lat' dir='ltr'>Deus</span> <span class='ocrx_word' id='word_1_194' title='bbox 1270 2050 1368 2088; x_wconf 81' lang='lat' dir='ltr'>alme</span> <span class='ocrx_word' id='word_1_195' title='bbox 1398 2050 1567 2096; x_wconf 88' lang='lat' dir='ltr'>spiritus,</span> 
     </span>
    </p>

    <p class='ocr_par' dir='ltr' id='par_1_3' title="bbox 263 2105 1647 2381">
     <span class='ocr_line' id='line_1_28' title="bbox 263 2105 1647 2155; baseline 0.001 -12"><span class='ocrx_word' id='word_1_196' title='bbox 263 2107 316 2143; x_wconf 89' lang='lat' dir='ltr'>Tc</span> <span class='ocrx_word' id='word_1_197' title='bbox 348 2110 566 2153; x_wconf 87' lang='lat' dir='ltr'>poscentem</span> <span class='ocrx_word' id='word_1_198' title='bbox 598 2111 634 2143; x_wconf 89' lang='lat' dir='ltr'>et</span> <span class='ocrx_word' id='word_1_199' title='bbox 666 2105 867 2143; x_wconf 81' lang='lat' dir='ltr'>habentem</span> <span class='ocrx_word' id='word_1_200' title='bbox 1084 2105 1155 2143; x_wconf 88' lang='lat' dir='ltr'>Per</span> <span class='ocrx_word' id='word_1_201' title='bbox 1185 2112 1339 2144; x_wconf 87' lang='lat' dir='ltr'>aeterna</span> <span class='ocrx_word' id='word_1_202' title='bbox 1369 2117 1437 2143; x_wconf 91' lang='lat' dir='ltr'>nos</span> <span class='ocrx_word' id='word_1_203' title='bbox 1469 2106 1647 2155; x_wconf 84' lang='lat' dir='ltr'>guberna,</span> 
     </span>
     <span class='ocr_line' id='line_1_29' title="bbox 319 2162 1576 2212; baseline 0.002 -12"><span class='ocrx_word' id='word_1_204' title='bbox 319 2163 431 2210; x_wconf 89' lang='lat' dir='ltr'>Spem</span> <span class='ocrx_word' id='word_1_205' title='bbox 463 2163 501 2199; x_wconf 90' lang='lat' dir='ltr'>in</span> <span class='ocrx_word' id='word_1_206' title='bbox 533 2164 607 2200; x_wconf 89' lang='lat' dir='ltr'>tuis</span> <span class='ocrx_word' id='word_1_207' title='bbox 636 2162 792 2202; x_wconf 81' lang='lat' dir='ltr'>meritis.</span> <span class='ocrx_word' id='word_1_208' title='bbox 1138 2163 1244 2200; x_wconf 90' lang='lat' dir='ltr'>Deus</span> <span class='ocrx_word' id='word_1_209' title='bbox 1275 2173 1382 2212; x_wconf 84' lang='lat' dir='ltr'>unus,</span> <span class='ocrx_word' id='word_1_210' title='bbox 1415 2163 1576 2202; x_wconf 89' lang='lat' dir='ltr'>saecula.</span> 
     </span>
     <span class='ocr_line' id='line_1_30' title="bbox 717 2331 1142 2381; baseline 0.002 -12"><span class='ocrx_word' id='word_1_211' title='bbox 717 2331 994 2381; x_wconf 83' lang='lat' dir='ltr'>Rhythmus</span> <span class='ocrx_word' id='word_1_212' title='bbox 1036 2332 1142 2370; x_wconf 86' lang='lat' dir='ltr'>VIII.</span> 
     </span>
    </p>

    <p class='ocr_par' dir='ltr' id='par_1_4' title="bbox 193 2444 1712 2877">
     <span class='ocr_line' id='line_1_31' title="bbox 198 2444 1712 2492; baseline 0.001 -10"><span class='ocrx_word' id='word_1_213' title='bbox 198 2444 236 2482; x_wconf 92' lang='lat'>1.</span> <span class='ocrx_word' id='word_1_214' title='bbox 270 2444 373 2482; x_wconf 88' lang='lat' dir='ltr'>Caeli</span> <span class='ocrx_word' id='word_1_215' title='bbox 406 2449 528 2491; x_wconf 86' lang='lat' dir='ltr'>porta,</span> <span class='ocrx_word' id='word_1_216' title='bbox 561 2455 628 2491; x_wconf 89' lang='lat' dir='ltr'>qer</span> <span class='ocrx_word' id='word_1_217' title='bbox 659 2455 768 2491; x_wconf 83' lang='lat' dir='ltr'>quam</span> <span class='ocrx_word' id='word_1_218' title='bbox 801 2450 884 2482; x_wconf 87' lang='lat' dir='ltr'>orta</span> <span class='ocrx_word' id='word_1_219' title='bbox 1014 2446 1051 2482; x_wconf 91' lang='lat'>3.</span> <span class='ocrx_word' id='word_1_220' title='bbox 1084 2444 1712 2492; x_wconf 75' lang='lat' dir='ltr'>Virgoprudens,quaeexcludens</span> 
     </span>
     <span class='ocr_line' id='line_1_32' title="bbox 323 2499 1664 2547; baseline 0.001 -10"><span class='ocrx_word' id='word_1_221' title='bbox 323 2501 432 2538; x_wconf 87' lang='lat' dir='ltr'>Salus</span> <span class='ocrx_word' id='word_1_222' title='bbox 463 2504 519 2537; x_wconf 84' lang='lat' dir='ltr'>est</span> <span class='ocrx_word' id='word_1_223' title='bbox 550 2500 756 2539; x_wconf 68' lang='lat' dir='ltr'>fidelium,‘</span> <span class='ocrx_word' id='word_1_224' title='bbox 1142 2501 1291 2539; x_wconf 84' lang='lat' dir='ltr'>Primae</span> <span class='ocrx_word' id='word_1_225' title='bbox 1323 2501 1469 2547; x_wconf 84' lang='lat' dir='ltr'>culpam</span> <span class='ocrx_word' id='word_1_226' title='bbox 1503 2499 1664 2538; x_wconf 85' lang='lat' dir='ltr'>feminae</span> 
     </span>
     <span class='ocr_line' id='line_1_33' title="bbox 265 2556 1711 2606; baseline 0.001 -13"><span class='ocrx_word' id='word_1_227' title='bbox 265 2557 383 2594; x_wconf 87' lang='lat' dir='ltr'>Porta</span> <span class='ocrx_word' id='word_1_228' title='bbox 414 2557 520 2606; x_wconf 83' lang='lat' dir='ltr'>lucis,</span> <span class='ocrx_word' id='word_1_229' title='bbox 553 2567 647 2604; x_wconf 86' lang='lat' dir='ltr'>quae</span> <span class='ocrx_word' id='word_1_230' title='bbox 678 2557 856 2604; x_wconf 87' lang='lat' dir='ltr'>perducis</span> <span class='ocrx_word' id='word_1_231' title='bbox 1083 2558 1218 2596; x_wconf 86' lang='lat' dir='ltr'>Gestas</span> <span class='ocrx_word' id='word_1_232' title='bbox 1231 2556 1392 2594; x_wconf 83' lang='lat' dir='ltr'>fructum</span> <span class='ocrx_word' id='word_1_233' title='bbox 1404 2557 1711 2603; x_wconf 81' lang='lat' dir='ltr'>nonproductum</span> 
     </span>
     <span class='ocr_line' id='line_1_34' title="bbox 321 2613 1521 2660; baseline 0 -10"><span class='ocrx_word' id='word_1_234' title='bbox 321 2613 384 2650; x_wconf 93' lang='lat' dir='ltr'>Ad</span> <span class='ocrx_word' id='word_1_235' title='bbox 416 2623 582 2659; x_wconf 89' lang='lat' dir='ltr'>perenne</span> <span class='ocrx_word' id='word_1_236' title='bbox 613 2613 813 2660; x_wconf 80' lang='lat' dir='ltr'>gaudium;</span> <span class='ocrx_word' id='word_1_237' title='bbox 1136 2614 1195 2651; x_wconf 84' lang='lat' dir='ltr'>Ex</span> <span class='ocrx_word' id='word_1_238' title='bbox 1230 2613 1328 2650; x_wconf 89' lang='lat' dir='ltr'>virili</span> <span class='ocrx_word' id='word_1_239' title='bbox 1360 2613 1521 2656; x_wconf 75' lang='lat' dir='ltr'>semine3</span> 
     </span>
     <span class='ocr_line' id='line_1_35' title="bbox 193 2724 1587 2773; baseline 0.001 -12"><span class='ocrx_word' id='word_1_240' title='bbox 193 2726 232 2762; x_wconf 83' lang='lat'>2.</span> <span class='ocrx_word' id='word_1_241' title='bbox 265 2724 381 2771; x_wconf 85' lang='lat' dir='ltr'>Virgo</span> <span class='ocrx_word' id='word_1_242' title='bbox 413 2725 529 2773; x_wconf 83' lang='lat' dir='ltr'>clara,</span> <span class='ocrx_word' id='word_1_243' title='bbox 558 2736 653 2772; x_wconf 87' lang='lat' dir='ltr'>quae</span> <span class='ocrx_word' id='word_1_244' title='bbox 683 2726 814 2773; x_wconf 82' lang='lat' dir='ltr'>ignara</span> <span class='ocrx_word' id='word_1_245' title='bbox 1011 2729 1048 2767; x_wconf 84' lang='lat'>4.</span> <span class='ocrx_word' id='word_1_246' title='bbox 1082 2727 1194 2764; x_wconf 83' lang='lat' dir='ltr'>Sume</span> <span class='ocrx_word' id='word_1_247' title='bbox 1225 2730 1312 2763; x_wconf 82' lang='lat' dir='ltr'>vota</span> <span class='ocrx_word' id='word_1_248' title='bbox 1343 2735 1411 2762; x_wconf 90' lang='lat' dir='ltr'>nec</span> <span class='ocrx_word' id='word_1_249' title='bbox 1445 2731 1587 2763; x_wconf 85' lang='lat' dir='ltr'>remota</span> 
     </span>
     <span class='ocr_line' id='line_1_36' title="bbox 326 2781 1589 2829; baseline 0.001 -12"><span class='ocrx_word' id='word_1_250' title='bbox 326 2781 458 2819; x_wconf 63' lang='lat' dir='ltr'>Virilis</span> <span class='ocrx_word' id='word_1_251' title='bbox 491 2782 671 2819; x_wconf 89' lang='lat' dir='ltr'>consortii</span> <span class='ocrx_word' id='word_1_252' title='bbox 951 2825 956 2829; x_wconf 33' lang='lat'>¹</span> <span class='ocrx_word' id='word_1_253' title='bbox 1137 2783 1227 2819; x_wconf 88' lang='lat' dir='ltr'>Tuis</span> <span class='ocrx_word' id='word_1_254' title='bbox 1258 2782 1310 2818; x_wconf 90' lang='lat' dir='ltr'>sis</span> <span class='ocrx_word' id='word_1_255' title='bbox 1342 2781 1589 2829; x_wconf 87' lang='lat' dir='ltr'>supplicibus,</span> 
     </span>
     <span class='ocr_line' id='line_1_37' title="bbox 269 2837 1604 2877; baseline 0.001 -3"><span class='ocrx_word' id='word_1_256' title='bbox 269 2837 445 2875; x_wconf 87' lang='lat' dir='ltr'>Meruisti</span> <span class='ocrx_word' id='word_1_257' title='bbox 476 2848 558 2875; x_wconf 89' lang='lat' dir='ltr'>esse</span> <span class='ocrx_word' id='word_1_258' title='bbox 590 2839 730 2877; x_wconf 85' lang='lat' dir='ltr'>Christi</span> <span class='ocrx_word' id='word_1_259' title='bbox 1080 2839 1155 2876; x_wconf 80' lang='lat' dir='ltr'>Sed</span> <span class='ocrx_word' id='word_1_260' title='bbox 1186 2838 1340 2875; x_wconf 88' lang='lat' dir='ltr'>intende</span> <span class='ocrx_word' id='word_1_261' title='bbox 1372 2843 1407 2874; x_wconf 90' lang='lat' dir='ltr'>et</span> <span class='ocrx_word' id='word_1_262' title='bbox 1441 2837 1604 2876; x_wconf 85' lang='lat' dir='ltr'>defende</span> 
     </span>
    </p>
   </div>
   <div class='ocr_carea' id='block_1_3' title="bbox 328 2894 1622 2944">
    <p class='ocr_par' dir='ltr' id='par_1_5' title="bbox 328 2894 1622 2944">
     <span class='ocr_line' id='line_1_38' title="bbox 328 2894 1622 2944; baseline 0.002 -13"><span class='ocrx_word' id='word_1_263' title='bbox 328 2894 465 2944; x_wconf 86' lang='lat' dir='ltr'>Mater,</span> <span class='ocrx_word' id='word_1_264' title='bbox 498 2894 570 2932; x_wconf 90' lang='lat' dir='ltr'>Dei</span> <span class='ocrx_word' id='word_1_265' title='bbox 600 2894 690 2941; x_wconf 73' lang='lat' dir='ltr'>filii,</span> <span class='ocrx_word' id='word_1_266' title='bbox 1138 2895 1216 2932; x_wconf 81' lang='lat' dir='ltr'>Nos</span> <span class='ocrx_word' id='word_1_267' title='bbox 1247 2906 1269 2932; x_wconf 90' lang='lat' dir='ltr'>a</span> <span class='ocrx_word' id='word_1_268' title='bbox 1299 2894 1407 2932; x_wconf 90' lang='lat' dir='ltr'>malis</span> <span class='ocrx_word' id='word_1_269' title='bbox 1439 2894 1622 2934; x_wconf 80' lang='lat' dir='ltr'>omnibus,</span> 
     </span>
    </p>
   </div>
  </div>
 </body>
</html>
