2031 3289
891 168 1193 208 —544—

632 284 695 321 13.
741 283 826 328 Eia,
857 283 961 320 solve
991 292 1050 319 me
1081 282 1283 330 captivam,

740 339 792 378 Ut
823 339 861 375 in
891 349 1024 376 aevum
1056 342 1177 375 tecum
1210 338 1354 387 vivam3

739 395 846 441 Quod
877 398 915 432 te
945 406 1040 443 amo,
1073 406 1146 431 non
1177 394 1352 441 ignoras,

737 451 889 498 Frange
920 462 1008 498 ergo
1038 451 1169 497 longas
1200 461 1338 499 moras,

807 508 887 553 Quo
918 508 1027 544 citius
1059 506 1249 553 perficiar.

739 564 802 602 Ad
835 574 991 601 amoena
1023 564 1123 600 vitae
1153 564 1237 600 loca

739 621 983 658 Sunamitem·
999 624 1101 656 tuam
1131 630 1241 668 voca3

739 677 830 725 Mei,
863 687 1014 724 quaeso,
1046 676 1267 713 memoreris

740 733 789 770 Et
821 733 860 769 in
891 733 1043 780 longum
1073 742 1121 769 ne
1152 732 1325 778 moreriS,

804 790 880 826 Aut
913 789 975 827 hic
1005 798 1133 826 amore
1163 789 1316 826 moriar.

361 892 440 922 Van
466 890 527 922 der
551 891 668 922 §terre
694 901 725 931 p.
753 887 818 922 239
845 900 918 931 sqq.
944 889 985 920 A.
1011 906 1054 911 —
1072 888 1158 920 Orat
1181 899 1244 920 mS.
1262 888 1524 920 Lunaelacense
1542 898 1630 919 saec.
1651 886 1701 920 15.
1744 888 1826 920 Cod.

264 937 506 968 Vindobonen.
545 933 644 967 3848.
681 936 720 966 B.
757 952 801 956 —
837 935 932 966 Orat.
970 945 1032 965 ms.
1063 935 1276 975 Tegurinum
1310 943 1398 965 saec.
1438 931 1490 965 15,
1523 934 1610 966 Clm.
1643 935 1826 966 Monaeen.

263 980 394 1014 20001.
421 982 458 1013 C.
485 999 527 1004 —
553 980 649 1011 Orat.
683 991 745 1011 ms,
771 980 993 1012 Lehninense
1018 980 1100 1011 anni
1130 976 1225 1011 1518.
1274 978 1354 1010 Cod.
1382 979 1579 1010 Berolinen.
1606 977 1680 1010 IV0
1704 976 1757 1010 29.
1783 979 1827 1011 D.

261 1043 305 1048 —
338 1027 433 1058 Orat.
467 1037 528 1058 ms.
563 1026 776 1067 Tegurinum
810 1035 900 1057 saec.
936 1024 987 1056 15.
1034 1024 1120 1056 Clm.
1146 1025 1327 1056 Monaeen.
1356 1021 1482 1055 19824.
1506 1024 1548 1055 Ε.
1575 1041 1617 1045 -
1643 1024 1742 1055 Orat.
1764 1035 1827 1055 ms.

267 1072 302 1104 S.
327 1073 422 1104 Petri
448 1071 687 1112 Salisburgen.
718 1080 807 1102 saec.
836 1069 887 1102 15.
935 1070 1019 1102 Cod.
1047 1070 1177 1101 Petrin.
1204 1070 1225 1101 b
1250 1070 1318 1101 VII
1346 1067 1397 1101 10.
1423 1069 1459 1100 F.

358 1116 386 1156 1,
422 1115 443 1148 2
475 1117 556 1148 Flos
589 1117 738 1147 odorans
773 1115 935 1147 BCDEF.
961 1133 1005 1137 —
1033 1115 1061 1153 1,
1088 1113 1108 1146 5
1134 1116 1180 1146 mi
1205 1118 1378 1146 revertere
1404 1114 1441 1146 F.
1466 1131 1512 1135 —
1539 1112 1567 1153 1,
1593 1111 1613 1144 6
1638 1114 1827 1146 demoraris

262 1162 426 1194 BCDEF.
459 1179 504 1183 —
535 1159 571 1199 1,
605 1158 626 1192 8
659 1164 693 1192 et
725 1161 876 1203 quiescis
910 1160 1081 1193 BCDEF.*
1115 1179 1151 1182 —
1181 1157 1211 1198 2,
1239 1157 1259 1190 2
1282 1160 1435 1191 Mentem
1460 1169 1570 1190 meam
1596 1159 1758 1191 BCDEF.
1783 1176 1824 1182 —

263 1205 294 1245 2,
326 1205 347 1238 3
380 1210 498 1239 currat
526 1207 691 1239 BCDEF.
723 1223 768 1227 —
800 1204 830 1243 2,
856 1205 878 1237 4
907 1207 1088 1248 Fatigatus
1114 1204 1160 1242 Α,
1195 1205 1358 1246 Fatigato
1382 1204 1484 1235 BEF.
1509 1222 1554 1226 —
1579 1203 1609 1241 2,
1635 1204 1656 1236 5
1681 1215 1825 1246 sequere

263 1263 316 1284 me
341 1253 380 1284 B.
406 1270 449 1274 ——
475 1254 536 1283 Sta
568 1252 654 1283 fehlt
678 1251 814 1287 BCEF;
849 1252 878 1283 Ο
904 1262 982 1282 care
1007 1252 1049 1282 D.
1076 1268 1119 1272 —
1143 1248 1176 1289 3,
1201 1248 1221 1281 3
1245 1251 1325 1281 Meo
1350 1260 1483 1281 mecum
1508 1250 1580 1282 DF.
1606 1267 1650 1270 —
1675 1247 1705 1288 3,
1730 1248 1752 1281 4
1776 1250 1825 1282 Ac

264 1299 328 1329 suh
359 1308 428 1329 uno
463 1299 570 1329 simus
603 1300 693 1328 tecto
726 1297 772 1329 B:
806 1297 855 1327 Ac
881 1298 910 1328 si
935 1307 1004 1328 uno
1031 1297 1139 1327 simus
1165 1295 1242 1335 ΟΕ,
1278 1295 1327 1326 Ac
1351 1295 1393 1327 de
1421 1295 1485 1326 sub
1509 1305 1577 1326 uno
1604 1298 1694 1326 tecto
1718 1295 1756 1327 F.
1782 1312 1826 1317 —

265 1341 296 1380 3,
323 1341 342 1373 7
375 1345 420 1374 sit
452 1346 491 1374 ut
523 1353 602 1374 rosa
628 1341 791 1374 BCDEF.
817 1359 861 1362 —
885 1339 916 1381 3,
946 1340 986 1374 10
1012 1345 1046 1372 et
1069 1340 1155 1373 fehlt
1179 1340 1279 1373 ABF.
1305 1357 1349 1361 —
1373 1338 1405 1378 4,
1431 1338 1452 1370 2
1476 1350 1689 1372 commorare
1713 1340 1757 1372 E.
1784 1358 1826 1362 —

263 1386 300 1426 4,
335 1387 354 1420 7
385 1388 480 1420 fruar
509 1387 673 1420 BCDEF.
707 1404 751 1408 --
782 1385 822 1424 4,
856 1384 876 1418 8
909 1388 962 1419 De
994 1397 1048 1418 me
1079 1396 1161 1418 vero
1196 1386 1245 1417 nil
1280 1385 1445 1417 BCDEF.
1471 1404 1513 1408 —-
1539 1384 1569 1423 5,
1599 1383 1613 1416 1
1640 1386 1721 1417 Iesu
1744 1386 1825 1418 veni

265 1433 429 1465 BCDEF.
463 1450 508 1454 —
538 1431 575 1472 5,
609 1430 630 1463 2
661 1436 695 1464 te
720 1441 886 1473 compone
919 1432 1086 1464 BCDEF.
1124 1448 1166 1452 —
1199 1430 1230 1470 5,
1257 1428 1278 1463 3
1302 1441 1436 1462 mecum
1461 1431 1498 1462 in
1522 1430 1588 1462 hae
1612 1432 1688 1462 vice
1713 1431 1824 1471 BDF;

266 1478 331 1509 hac
356 1480 391 1509 in
417 1480 494 1510 vice
519 1478 590 1511 ΟΕ.
616 1495 657 1500 —-
684 1476 716 1516 5,
742 1477 762 1509 6
787 1477 955 1509 dilatetur
980 1477 1142 1509 BCDEF.
1169 1494 1213 1497 —
1240 1475 1271 1514 5,
1298 1474 1317 1506 7
1343 1476 1576 1508 inflammetur
1600 1476 1764 1508 BCDEF.
1781 1493 1824 1497 —

264 1521 294 1561 5,
329 1521 349 1555 8
383 1524 521 1555 Sentiat
551 1527 584 1555 te
616 1524 813 1554 venientem
839 1523 1004 1555 BCDEF.
1030 1541 1074 1545 —
1107 1521 1137 1561 5,
1173 1520 1193 1554 9
1227 1521 1371 1563 Semper
1403 1531 1536 1552 meeum
1568 1525 1824 1562 permanentem

265 1569 431 1603 BCDEF.
458 1585 498 1590 —
527 1567 557 1606 5,
587 1566 627 1600 10
652 1568 858 1609 Praegustet
882 1568 1047 1600 BCDEF.
1073 1585 1117 1589 —
1141 1568 1212 1598 Vor
1236 1564 1267 1607 6,
1299 1565 1313 1597 l
1341 1565 1475 1598 schiebt
1500 1567 1531 1598 D
1556 1567 1631 1598 ein:

757 1636 805 1667 Ut
830 1646 906 1667 eum
931 1636 1025 1667 fonte
1049 1635 1271 1667 lacrimarum

756 1681 824 1713 Cor
848 1682 1035 1712 contritum
1061 1683 1094 1712 et
1119 1690 1274 1712 amarum

755 1726 830 1758 Tuo
856 1729 975 1757 saneto
1001 1723 1037 1757 in
1062 1725 1167 1757 altari

757 1771 958 1803 Deleetetur
982 1771 1116 1812 epulari

808 1816 942 1848 Affeetu
967 1819 1083 1848 tantae
1110 1816 1257 1848 hostiae.

264 1883 300 1923 6,
334 1883 352 1916 7
388 1886 463 1924 Quo
496 1884 664 1916 dulcescit
695 1895 809 1916 meum
842 1888 962 1924 peetus
996 1884 1162 1916 BCDEF.
1198 1901 1241 1905 --
1274 1881 1310 1923 6,
1344 1882 1364 1915 5
1399 1883 1428 1915 Ο
1461 1883 1546 1916 fehlt
1570 1884 1704 1925 BCEF3
1738 1884 1823 1916 alles

264 1932 404 1962 weitere
432 1929 517 1961 fehlt
542 1930 706 1962 BCDEF.

353 1976 431 2007 Van
466 1975 526 2006 der
562 1976 678 2007 Stel-re
714 1974 956 2006 iiberschreibt
998 1974 1061 2006 das
1098 1974 1262 2006 Gedicht:
1304 1975 1444 2015 „OratIo
1481 1974 1524 2006 ad
1558 1975 1600 2006 D.
1634 1976 1675 2007 N.
1709 1975 1845 2006 Iesum⁷

267 2020 454 2060 Christum,
476 2030 569 2061 ‘quae
594 2021 637 2052 ab
664 2020 782 2051 eodem
809 2019 960 2051 creditur
985 2017 1216 2061 composita;“
1250 2021 1300 2051 sie
1327 2020 1428 2051 stand
1453 2021 1490 2051 in
1514 2019 1575 2051 dei·
1592 2019 1826 2057 Handschrift,

263 2066 411 2098 welcher
436 2076 472 2097 er
496 2067 547 2097 sie
572 2065 747 2104 entnahm,
781 2065 1006 2096 unmittelbar
1037 2075 1099 2096 vor
1132 2066 1191 2096 Nr.
1217 2062 1273 2105 (2).
1322 2065 1389 2097 Die
1412 2065 1584 2107 Analogie
1617 2066 1676 2097 des
1702 2064 1826 2097 Liedes

264 2113 328 2142 mit
351 2111 416 2143 den
442 2111 567 2143 beiden
592 2110 916 2153 vorhergehenden,
951 2119 1022 2141 was
1048 2110 1244 2148 Versmass,
1280 2110 1346 2142 Stil
1371 2111 1441 2142 und
1467 2111 1663 2152 Stimmung
1687 2109 1825 2149 betrifft,

266 2156 348 2188 lasst
371 2167 416 2188 an
441 2156 502 2188 der
526 2156 749 2188 Atitorschaft
774 2156 833 2187 des
859 2157 1038 2187 Hermann
1063 2155 1196 2197 Joseph
1222 2152 1321 2187 nicht
1346 2155 1513 2190 zweifeln.
