1914 3223
109 282 174 321 19.

103 1063 169 1102 20.

101 1802 167 1872 ὲ1.

215 280 265 317 Et
297 280 411 316 licent
443 278 581 316 fuerint
611 279 706 316 duae

205 338 286 374 lctu
319 337 449 373 mortis
481 336 671 381 dividuae,

265 393 313 431 Ut
344 393 547 430 ostendunt
578 392 660 428 coni
693 392 763 437 sui,

205 449 291 487 Tibi
323 453 447 486 tamen
479 454 662 495 perpetue

181 505 342 545 .Unitae
373 511 407 542 et
439 506 603 547 assidue,

263 562 312 600 Ut
358 567 573 613 protractus
605 562 697 598 dant
728 561 836 612 visui,

202 620 442 663 Manserunt,
476 630 520 654 nc
552 618 702 664 spiritui

204 676 319 714 Danti
352 680 536 712 tartarum
568 674 671 711 fletui

261 732 390 770 Rubor
420 737 517 768 osset
550 732 766 779 incongrue,

204 789 284 826 Nec
313 788 421 825 fieret
453 789 647 834 despectui

204 847 362 892 Corpus,
395 858 417 882 a
447 856 520 891 quo
552 845 670 880 scitur
700 843 764 880 flui

262 901 398 939 Mundi
429 902 530 938 salus
562 902 715 947 irrigue.

202 1060 341 1097 Tribus
372 1071 460 1106 ergo
491 1059 711 1096 substantiis

203 1117 467 1164 Trigonizatus
497 1115 612 1152 variis

257 1174 385 1221 Alpha
416 1173 582 1209 crederis
613 1171 750 1221 indice,

200 1230 274 1267 Dia
305 1241 387 1268 cum
420 1230 531 1267 dictis
563 1228 648 1266 aliis

200 1288 374 1333 Iungitur
403 1287 483 1323 sine
515 1285 649 1322 mediis

208 1391 210 1393 Ι
256 1345 352 1381 Arte
383 1343 579 1380 mirandae
611 1340 792 1388 fabricae,

200 1401 275 1438 Sed
307 1399 470 1437 formata
501 1400 530 1436 Ο
562 1399 760 1445 spnaerice

201 1458 542 1502 Circumductaque
571 1455 680 1492 unice

255 1514 439 1552 Circineis
472 1512 641 1558 vestigiis

198 1572 252 1609 Te
282 1581 480 1617 personam
512 1568 670 1605 mirifice

200 1628 322 1666 Unam
353 1628 433 1664 sine
463 1631 552 1663 nota
583 1625 683 1672 plice

254 1684 443 1722 Monstrat
475 1683 608 1720 amotis
641 1681 778 1720 dubiis.

198 1831 313 1868 Nulla
342 1831 380 1867 in
412 1834 449 1867 te
480 1831 649 1879 plicatio,

199 1887 439 1934 Commixtio‚
473 1887 608 1923 divisio

255 1944 448 1983 Unitative
479 1943 643 1994 obvium,

196 2001 325 2038 Trium
356 2001 410 2037 ibi
440 2005 497 2038 est
528 2001 615 2037 unio

143 2053 150 2066 ³
199 2058 388 2104 Unitaque
419 2058 626 2104 assumptio

102 2570 168 2639 ³22.

254 2114 416 2161 Imparis
447 2120 484 2150 et
515 2115 729 2161 imparium,

199 2171 273 2209 Sed
296 2181 364 2217 per
386 2171 455 2208 hoc
473 2171 617 2207 eunctis
632 2170 829 2217 proprium

196 2226 267 2264 Est
298 2229 434 2264 reverti
468 2232 555 2274 post
586 2227 735 2264 devium

254 2287 283 2321 A
293 2284 315 2320 d
329 2289 377 2328 te,
391 2285 491 2331 quod
503 2289 687 2320 monstrat
702 2283 828 2331 tibio,

198 2340 293 2378 Nam
327 2347 502 2387 repetens
533 2341 763 2387 principium

197 2397 421 2444 Exemplum
455 2398 519 2434 dat
552 2397 751 2443 notorium,

255 2454 303 2492 Ut
334 2454 382 2490 ad
414 2458 451 2490 te
481 2454 531 2490 sit
561 2454 741 2493 recursio.

200 2600 326 2647 Alpha
357 2606 392 2638 et
424 2602 454 2639 Ο
486 2602 541 2638 sic
574 2601 725 2648 diceris,

200 2656 303 2694 Bone
334 2658 430 2701 Iesu,
463 2663 499 2694 et
529 2657 697 2694 nosceris

255 2713 338 2751 Hoc
368 2715 500 2751 unicus
529 2714 567 2750 in
600 2715 748 2762 trigono

199 2768 272 2806 Per
302 2770 444 2817 hocque
475 2782 547 2807 non
580 2769 743 2808 efficeris

198 2824 259 2862 Ab
290 2826 320 2864 Ο
351 2831 388 2863 et
418 2827 546 2873 Alpha
573 2828 720 2874 superis

256 2881 453 2929 Dissonus‚
483 2895 569 2920 nam
598 2888 638 2921 ut
666 2894 828 2922 consono

862 702 868 708 ’
922 723 988 761 23.

918 1495 984 1534 24.

914 2267 980 2306 25.

1023 281 1138 318 Tetra
1171 284 1291 317 manet
1326 285 1536 327 pentagono

1023 338 1148 383 Atque
1183 342 1295 384 ponta
1328 347 1527 385 sexageno,

1081 393 1143 430 Sic
1174 394 1254 436 sub*
1275 394 1423 440 trigono
1455 393 1603 439 caperis

1023 451 1141 488 Totus
1173 451 1313 497 absque
1346 455 1542 497 tetragono

1022 505 1069 543 Et
1104 507 1214 543 trium
1247 507 1328 544 sine
1361 507 1513 543 dissono

1079 563 1196 600 Trina
1227 574 1388 610 persona
1421 563 1600 599 crederis.

1021 721 1050 760 O
1083 722 1137 757 sic
1167 721 1203 757 in
1236 722 1278 767 O,
1317 721 1440 767 Alpha
1473 722 1507 756 in
1541 724 1574 758 A

1019 781 1144 824 Atque
1175 778 1212 813 in
1243 778 1286 817 0,
1320 784 1354 813 et
1387 778 1416 815 Ο
1447 777 1483 813 in
1518 779 1549 814 A

1076 835 1189 880 Quasi
1222 842 1303 870 rota
1335 835 1371 870 in
1405 834 1529 869 medio

1024 891 1142 928 Rotae
1173 896 1311 928 manet.
1344 896 1382 926 ut
1415 891 1464 926 sit
1495 890 1582 927 bina

1019 947 1208 984 Fidelium
1241 948 1277 984 in
1312 947 1469 984 but-eina

1077 1004 1277 1041 Trinitatis
1309 1004 1449 1050 agnitio

1020 1061 1258 1108 Agnitaeque
1289 1059 1477 1096 confessio

1019 1117 1067 1154 Et
1102 1115 1298 1154 confessae
1331 1115 1514 1153 defensio.

1076 1174 1134 1211 Ne
1165 1180 1298 1220 patens
1331 1174 1389 1210 vel
1413 1172 1652 1210 clandestina

1018 1231 1211 1273 Haeresis,
1245 1231 1348 1267 cuius
1382 1230 1475 1266 visio

1018 1289 1144 1326 Torva
1176 1293 1212 1323 et
1242 1287 1404 1335 intuitio,

1076 1346 1183 1382 Hanc
1220 1348 1349 1390 tangat
1381 1354 1448 1380 sua
1481 1342 1649 1379 runcina.

1018 1493 1081 1531 Sic
1110 1496 1148 1529 te
1178 1492 1317 1528 trinum
1350 1489 1543 1536 confiteor,

1015 1550 1166 1587 Summe
1197 1548 1311 1595 Deus,
1344 1551 1380 1584 et
1412 1545 1535 1583 fateor

1077 1607 1276 1651 Unumque
1307 1605 1361 1642 sie
1392 1602 1629 1651 simpliciter,

1015 1663 1078 1701 Sic
1109 1668 1146 1699 te
1176 1662 1305 1708 Alpha
1335 1666 1371 1697 et
1402 1661 1432 1698 Ο
1465 1670 1551 1697 reor

1014 1720 1066 1757 Et
1096 1720 1145 1757 ad
1176 1723 1213 1755 te
1245 1717 1444 1755 colendum
1474 1717 1591 1754 vehor

1072 1778 1146 1815 Per
1176 1775 1265 1813 fidei
1297 1779 1439 1811 rectum
1469 1774 1554 1819 iter,

1014 1834 1067 1871 Et
1094 1833 1126 1870 si
1159 1834 1346 1870 discretus
1377 1831 1521 1867 arbiter

1014 1890 1100 1927 Non
1131 1901 1213 1926 sum
1244 1889 1281 1926 in
1313 1889 1395 1933 hoe,
1429 1887 1606 1923 celeriter

1070 1947 1156 1990 Dic,
1189 1947 1238 1983 mi
1270 1946 1395 1982 Deus:
1428 1944 1610 1980 misereor

1013 2004 1098 2043 Tui.
1131 2004 1217 2050 quia
1247 2014 1321 2039 non
1351 2001 1524 2047 nequiter

1012 2061 1097 2098 Hoc
1127 2059 1428 2097 intentionaliter

1070 2118 1124 2154 Te
1155 2115 1328 2163 proferre
1358 2115 1520 2152 intueor.

1013 2265 1152 2301 Trinus
1183 2274 1272 2310 ergo
1303 2263 1466 2309 imagine

1011 2322 1264 2359 Personarum
1296 2325 1332 2356 et
1360 2319 1511 2355 numine

1070 2378 1187 2424 Unus,
1220 2377 1338 2413 habes
1370 2387 1414 2412 ex
1447 2376 1615 2423 proprio,

1010 2435 1116 2481 Quod
1149 2431 1223 2472 hac
1253 2433 1500 2469 similitudine

1010 2491 1145 2527 Vultus
1179 2490 1234 2528 tui
1266 2496 1301 2526 et
1330 2490 1470 2526 lumine

1070 2548 1156 2586 Una
1188 2545 1257 2583 fuit
1287 2546 1498 2592 impressio,

1011 2604 1128 2641 Trino
1159 2604 1311 2649 signans
1343 2603 1500 2649 vestigio

1011 2661 1104 2703 Hos,
1137 2659 1271 2706 quibus
1304 2659 1501 2705 dispositio

1070 2717 1171 2753 Inest
1203 2727 1247 2753 ex
1279 2716 1508 2760 valetudine,

1011 2773 1081 2819 Qui
1113 2784 1135 2809 a
1166 2773 1268 2809 nullo
1300 2773 1489 2810 contrario

1012 2829 1275 2876 Impediuntur
1307 2829 1398 2865 vitio

1071 2886 1206 2923 Vallati
1239 2887 1505 2925 sanctitudine.
