1914 3223
743 178 791 182 „a
856 156 938 196 503
997 179 1051 184 .-.

157 271 196 309 5.
228 269 284 306 Τ11
317 269 407 306 1111111
437 269 681 306 resurrexisti

286 325 438 362 Sursum
471 326 600 362 levans
632 326 810 372 animum,

227 382 323 419 Mihi
358 382 480 420 caelos
512 382 719 420 ascendisti

284 438 519 485 Monstrans‚
551 438 614 476 ubi
648 439 832 486 bravium,

226 494 407 532 Desolato
437 495 616 532 remisisti

284 551 466 597 Spiritum
498 552 736 598 paraclitum.

975 273 1012 310 8.
1049 271 1143 307 Nam
1158 269 1265 318 bona,
1281 280 1375 317 quae
1386 282 1460 308 non
1474 275 1681 308 cernuntur

1103 327 1236 364 Carnis
1268 326 1355 363 ullis
1385 327 1573 373 sensibus,

1046 385 1090 421 l'n
1121 395 1194 420 uno
1221 382 1308 431 *fore
1339 388 1547 421 noscuntur

1103 440 1225 477 Huius
1258 440 1356 477 dono
1388 440 1559 489 spiritus,

1049 497 1090 533 In
1122 496 1222 543 quod
1254 497 1374 533 sancti
1397 496 1681 543 suspenduntur

1104 553 1259 591 Cunctis
1292 553 1596 592 charismatibus,

156 649 195 686 6.
227 647 300 684 Hic
327 657 427 685 nunc
451 647 619 684 mulcens
642 647 859 685 consolatur
975 650 1012 687 9.

285 704 357 741 Per
387 714 574 751 prospera
603 704 757 753 placita,

228 760 337 798 Nunc
367 759 563 808 flagellans
596 761 845 798 comminatur

286 818 360 855 Per
390 818 551 854 adversa
583 817 722 863 tristia,

226 874 314 920 Sed,
347 874 379 910 si
410 884 503 921 pure
536 874 730 922 diligatur,

284 930 455 977 Utraque
486 931 666 969 salubria.

1046 649 1089 685 In
1117 658 1157 685 se
1179 649 1268 695 quid
1292 648 1362 686 hoc
1383 660 1496 686 unum
1518 652 1678 697 tantum,

1101 705 1302 751 Nunquam
1336 705 1434 742 valet
1467 705 1640 755 exprimi,

1046 762 1165 808 Quale
1196 762 1242 798 sit
1275 762 1312 799 in
1341 773 1380 798 se
1403 763 1461 798 vel
1483 766 1678 811 quantum,

1103 818 1200 856 Fide
1231 819 1328 856 solet
1360 819 1494 865 conici,

1048 875 1129 912 Hoc
1159 875 1240 912 solo
1271 879 1396 912 tamen
1427 879 1616 913 amantum

1103 931 1195 969 Sitis
1226 935 1351 978 potest
1382 932 1512 970 adimi.

159 1027 194 1067 7.
226 1027 348 1064 Η111115
379 1027 629 1074 inspira-tione
950 1030 1013 1066 10.

284 1083 457 1130 Foetent,
491 1095 550 1129 en,
585 1084 767 1129 carnalia,

226 1140 348 1178 Huius
381 1141 637 1178 consolatione

282 1197 437 1234 Placent
472 1198 575 1235 carni
606 1198 750 1245 gravia,

227 1254 350 1291 Huius
382 1265 529 1301 quoque
558 1255 736 1291 unctione

282 1312 418 1349 Patent
449 1311 652 1358 spiritalia.

1047 1028 1106 1065 En
1138 1028 1341 1074 pluralitas
1374 1029 1557 1065 donorum

1103 1085 1193 1122 Tam
1227 1085 1514 1122 innumerabilis

1046 1141 1235 1179 Cordibus
1265 1140 1306 1178 fit
1338 1142 1561 1180 devotorum

1100 1199 1144 1235 In
1175 1209 1248 1235 uno
1281 1198 1477 1248 capabilis,

1045 1255 1128 1298 Eia,
1161 1255 1321 1302 largitor
1351 1266 1480 1293 eorum

1101 1312 1130 1349 O
1163 1315 1342 1359 quantum
1373 1311 1599 1352 laudabilis!

539 1409 602 1446 ll.
637 1407 760 1454 Supra
790 1409 941 1445 modum
974 1409 1154 1446 exalteris

690 1464 800 1514 Hinc,
821 1469 942 1514 pater,
962 1464 1269 1512 fonsinunerum,

636 1521 783 1568 Ubique
814 1521 1037 1569 glorificeris

692 1579 805 1624 Hinc,
839 1577 905 1627 fili,
938 1579 1004 1616 lux
1036 1578 1239 1621 hominum,

633 1634 722 1672 Sine
753 1635 827 1672 fine
858 1635 947 1672 hinc
977 1635 1160 1679 lauderis,

689 1692 879 1730 Paraclite
909 1692 1087 1730 tristium.

203 1786 450 1819 Gai-olsruhan.
483 1784 559 1818 368.
593 1787 632 1818 A.
666 1803 709 1808 ——
742 1786 908 1819 Zwollen.
939 1784 1018 1818 434.
1043 1788 1083 1818 Β.
1114 1805 1158 1809 -
1192 1786 1227 1822 1,
1260 1784 1281 1818 3
1315 1787 1416 1819 1101110
1451 1787 1537 1820 fehlt
1560 1788 1602 1821 A.
1637 1807 1679 1811 —

113 1829 144 1870 2,
174 1830 188 1863 1
215 1832 264 1864 Το
289 1833 358 1863 iam
384 1832 422 1863 B.
448 1848 491 1852 —
516 1829 548 1870 4,
576 1830 591 1863 1
619 1836 788 1874 quantum
813 1843 867 1864 me
890 1832 930 1864 Β.
955 1849 999 1853 -
1024 1831 1055 1870 4,
1083 1831 1103 1863 5
1129 1833 1275 1864 salvasti
1303 1834 1338 1864 Β.
1366 1851 1409 1855 —
1435 1831 1466 1871 6,
1491 1831 1512 1864 2
1537 1833 1676 1875 placida

114 1879 153 1908 B.
178 1895 218 1900 —-
246 1875 283 1911 7.
315 1876 336 1908 4
360 1878 460 1919 gravi
486 1878 525 1908 B.
551 1895 594 1898 —-
620 1875 658 1916 8,
690 1875 711 1909 3
735 1878 805 1910 fere
829 1878 868 1909 B.
894 1894 936 1899 —
965 1875 999 1916 9,
1034 1876 1055 1909 5
1080 1879 1157 1910 Hoc
1183 1879 1295 1910 solum
1322 1880 1359 1910 B.
1385 1895 1429 1900 -—
1455 1880 1492 1917 t),
1525 1878 1545 1912 6
1570 1879 1675 1912 Fides

114 1926 225 1965 potest
255 1923 291 1954 B.
327 1939 367 1944 -——
399 1923 466 1954 Die
491 1923 643 1955 Melodie
680 1923 739 1955 des
771 1923 899 1955 Liedes
935 1924 982 1955 ist
1017 1923 1072 1955 die
1109 1924 1168 1955 ‹les
1206 1924 1363 1965 Hymnus
1397 1924 1510 1957 Urbs
1542 1925 1678 1957 beata

114 1969 408 2000 Hierusalem.

497 2068 578 2103 483.
618 2068 697 2111 (26.)
734 2069 792 2103 De
818 2068 984 2104 Miseria
1009 2069 1127 2104 huius
1154 2069 1287 2105 vitae.

157 2161 194 2200 1.
219 2162 359 2199 Mirum
391 2168 458 2210 est,
492 2163 524 2199 si
555 2174 627 2200 non
660 2163 798 2211 lugeat,
971 2166 1010 2202 4.
1043 2163 1140 2200 Nam
1173 2164 1277 2200 carni
1308 2162 1542 2214 satisfacere,

224 2218 496 2265 Experimento
526 2221 588 2267 qui
620 2219 771 2268 probat,

222 2276 329 2322 Quod
359 2276 486 2313 vivere
516 2276 554 2313 in
586 2277 737 2313 saeculo

224 2332 361 2380 Labor,
391 2333 510 2378 dolor,
542 2331 712 2371 afflictio.

184 2456 192 2464 .
223 2428 272 2465 Et
302 2429 472 2476 quamvis
503 2430 600 2466 iuste
632 2430 781 2475 vixerit,

224 2484 377 2522 Tamenv
406 2486 466 2522 hic
498 2486 626 2523 vivens
657 2497 765 2523 nemo
796 2487 880 2532 scit,

223 2542 283 2578 An
315 2543 469 2589 electus,
501 2554 548 2580 an
579 2543 764 2590 reprobus

223 2599 257 2635 A
288 2598 369 2636 Deo
400 2599 447 2636 sit
479 2600 756 2646 praecognitus.

182 2721 192 2731 .
225 2693 320 2742 Heu,
353 2695 441 2741 quid
474 2695 578 2732 aliud
609 2695 734 2732 vivere

224 2751 265 2788 111
297 2751 408 2788 11111115
441 2752 571 2788 mundi
603 2762 766 2800 carcere,

220 2809 336 2852 Quam
367 2818 389 2844 a
419 2807 501 2845 Deo
533 2809 712 2846 recedere

220 2863 463 2911 Peccatisque
493 2875 534 2901 se
564 2864 756 2902 subdere?

972 2433 1007 2469 5.

1043 2220 1201 2259 Curiosa
1232 2224 1416 2267 appetere

1042 2277 1220 2323 Vaneque
1252 2287 1316 2314 cor
1347 2276 1530 2314 extollere

1043 2333 1133 2371 Suet
1164 2333 1325 2370 mundus
1356 2344 1442 2370 suos
1475 2332 1623 2373 docere.

1042 2430 1116 2479 Sic,
1150 2441 1232 2466 cum
1266 2430 1384 2466 virtus
1418 2429 1619 2476 deseritur,

1042 2487 1226 2534 Iniquitas
1257 2485 1467 2533 perficitur,

1041 2545 1183 2580 Venter
1213 2554 1282 2590 pro
1316 2543 1395 2580 Deo
1428 2543 1576 2585 colitur,

1039 2600 1101 2637 Ad
1134 2605 1260 2637 votum
1292 2599 1431 2636 mundo
1468 2599 1619 2637 vivitur.

1000 2726 1006 2731 .
1041 2696 1136 2738 Heu,
1170 2695 1262 2742 quid
1293 2694 1398 2732 aliud
1431 2695 1557 2731 vivere

1041 2753 1081 2788 ln
1115 2752 1223 2788 huius
1256 2751 1385 2789 mundi
1419 2761 1584 2799 carcere,

1037 2810 1153 2855 Quam
1185 2809 1366 2845 inermem
1399 2809 1574 2846 continue

1037 2865 1133 2902 Belli
1165 2870 1267 2902 stare
1298 2866 1335 2902 in
1367 2864 1477 2901 aciei>
