1914 3223
186 662 251 699 60.

188 945 254 981 65.

189 1225 252 1263 70.

190 1962 280 2000 100.

190 2246 281 2284 105.

187 2529 279 2568 110.

188 2813 280 2851 115.

282 264 337 300 Tu
371 263 456 313 seis,
489 263 587 310 quod
622 263 809 305 desidero,

337 319 447 362 nosti,
480 331 546 356 eur
577 320 668 357 haec
689 330 907 366 prosequor.

282 376 374 413 Esto
406 377 490 421 mei,
524 376 687 423 domina,

339 432 475 478 iugiter
505 444 576 470 non
609 433 803 469 immemor

283 488 331 526 Et
364 496 514 527 catenas
547 489 700 537 dissipa,

339 545 472 592 quibus
503 547 602 583 intus
633 546 790 593 obligor.

285 601 340 639 Ne
372 613 440 648 me,
473 613 622 651 quaeso,
657 613 826 649 respuas,

339 659 437 705 quod
470 664 544 695 tam
575 670 735 707 nequam
758 658 910 703 habeor,

286 715 353 763 Qui
385 716 539 762 pollutis
572 711 681 753 labiis

341 771 494 820 indigne
523 778 560 809 te
591 783 750 810 veneror

287 828 438 866 Cunctis
470 829 734 876 peccatoribus

343 896 475 924 revera
506 886 683 934 deterior,

285 941 354 987 Qui
384 943 437 980 nil
469 943 557 981 boni
589 943 709 989 cogito

341 1008 408 1036 nec
439 1001 524 1037 volo
552 1010 621 1037 nec
651 1010 788 1046 operor

288 1054 377 1104 Nec,
411 1057 499 1103 quid
533 1068 602 1103 pro
632 1056 690 1093 his
721 1062 866 1094 maneat

343 1122 401 1149 nie
422 1118 508 1159 post
529 1117 698 1158 mortem,
726 1114 910 1158 ineditum

286 1168 464 1219 condole,
497 1169 680 1218 piissima,

343 1236 426 1262 nam
455 1226 486 1263 si
519 1236 654 1272 cessas,
686 1226 836 1264 morior.

287 1281 406 1319 Stella
434 1282 572 1330 quippe
603 1283 716 1320 maris
746 1292 798 1329 es,

342 1338 428 1375 ideo
460 1343 496 1376 tc
528 1340 722 1388 deprecor,

290 1396 337 1434 Ut
371 1395 534 1442 repellas
566 1396 751 1445 tenebras,

343 1462 434 1498 quas
464 1452 501 1489 in
533 1456 656 1489 mente
687 1453 824 1499 patior.

771 1612 793 1635 *

316 1791 526 1839 Singularis

368 1849 447 1886 laus
480 1854 545 1885 tua
579 1847 822 1897 dignoscitur,

314 1906 387 1943 Per
417 1916 527 1951 quam
559 1904 703 1951 magnis

369 1962 438 1999 Dei
472 1962 579 1999 donis
611 1959 761 2008 fruitur,

312 2018 502 2065 Quidquid
534 2018 628 2055 caeli

369 2075 510 2113 ambitu
544 2074 794 2114 concluditur.

315 2133 386 2169 Per
415 2136 452 2169 te
480 2132 641 2169 mundus

369 2188 536 2226 tenebris
567 2188 727 2239 exuitur,

315 2246 387 2282 Per
417 2250 453 2282 te
484 2245 663 2293 princeps

368 2302 497 2339 mundi
529 2301 632 2340 foras
662 2302 836 2354 mittitur,

313 2360 386 2397 Per
414 2363 451 2396 te
479 2360 610 2397 mortis

368 2420 537 2463 potestas
570 2416 790 2464 destruitur,

313 2473 386 2510 Per
417 2477 453 2510 te
483 2473 609 2521 iugum

369 2529 531 2567 Satanae
561 2529 781 2575 conteritur,

313 2587 385 2625 Per
414 2591 450 2622 te
481 2586 561 2623 ovis

369 2642 521 2689 perdita
552 2643 760 2688 reducitur,

314 2700 387 2737 Per
417 2704 454 2736 te
484 2699 594 2736 Adae

372 2761 566 2804 peccatum
602 2756 817 2803 remittitur,

312 2813 387 2850 Per
418 2817 454 2849 te
484 2824 600 2860 genus

370 2870 572 2908 humanum
604 2870 815 2918 redimitur.

910 149 985 189 122³

998 263 1061 302 75.

997 546 1061 582 80.

999 830 1062 865 SI).

1002 1113 1065 1150 90.

997 1398 1062 1434 95.

1001 1963 1094 2000 120.

1001 2248 1093 2285 125.

1002 2532 1096 2570 130.

1004 2816 1095 2852 135.

1096 262 1184 310 Fac,
1217 266 1253 298 ut
1288 272 1356 307 per
1385 265 1421 296 te
1453 270 1670 307 consequar,

1150 318 1248 365 quod
1281 329 1349 365 per
1378 328 1436 353 ine
1467 327 1538 352 non
1563 326 1719 359 mercar,

1096 375 1164 424 Da,
1197 369 1238 412 ut
1269 374 1387 421 prosit
1419 372 1620 420 perpetim,

1149 431 1249 479 quod
1282 435 1317 468 te
1347 431 1446 478 piam
1480 428 1612 477 fatcor,

1095 489 1198 535 luva,
1230 498 1276 525 ne
1305 487 1523 534 praevaleat

1151 543 1392 582 multiformis
1422 542 1609 590 proditor,

1095 601 1220 645 Cuius,
1253 601 1284 638 si
1315 611 1374 638 me
1405 599 1573 647 respicis,

1153 662 1316 695 terrores
1347 657 1555 704 abominor,

1094 714 1188 762 Quia
1219 719 1349 761 partus
1381 718 1466 751 tuus
1497 717 1550 749 est

1151 771 1312 808 omnium
1346 771 1562 817 dispositor,

1098 827 1209 865 Cuius
1240 839 1348 865 sacr)
1379 827 1559 874 sanguine

1152 895 1210 921 me
1241 885 1478 931 redemptum
1509 883 1678 930 gratulor

1095 942 1146 979 Et
1175 941 1212 978 in
1244 941 1322 978 eius
1351 941 1500 978 nomine

1151 997 1257 1044 signo
1288 998 1410 1034 crucis
1440 996 1598 1034 munior.

1096 1056 1174 1101 Quo
1206 1053 1324 1091 fretus
1354 1054 1511 1091 insidias

1155 1111 1311 1148 hostiles
1343 1121 1414 1148 non
1448 1120 1592 1158 vereor,

1096 1168 1136 1206 Si
1167 1168 1221 1205 tui
1252 1167 1443 1214 regiminis

1151 1228 1354 1271 patronatu
1384 1221 1573 1271 perfruor,

1095 1281 1200 1319 Sicut
1230 1281 1340 1318 homo
1371 1281 1508 1328 iugiter

1153 1338 1296 1384 expetit
1325 1337 1497 1384 interior,

1095 1394 1276 1432 Ambiens
1309 1394 1498 1441 deponere

1152 1451 1350 1499 sarcinam,
1381 1461 1455 1497 qua
1486 1450 1692 1496 deprimor.

1127 1791 1177 1828 Et
1207 1791 1245 1827 in
1277 1790 1429 1828 Christo

1182 1847 1358 1885 sordibus
1390 1847 1580 1893 abluitur,‘

1130 1905 1201 1941 Per
1232 1909 1269 1940 te
1300 1905 1361 1941 via

1183 1961 1353 2008 paradisi
1384 1962 1577 2007 panditur,

1128 2019 1201 2056 Per
1231 2022 1268 2055 te
1299 2028 1453 2065 regnum

1185 2075 1376 2113 caelorum
1408 2075 1482 2111 vim
1514 2075 1671 2121 patitur,

1128 2133 1202 2170 Per
1232 2136 1280 2181 te,
1315 2135 1512 2178 postquam

1184 2189 1357 2226 Christus
1389 2198 1434 2225 ex
1465 2192 1502 2225 te
1533 2188 1713 2237 nascitur,

1127 2246 1312 2284 Creatura

1182 2301 1302 2340 omnis
1334 2301 1583 2348 benedicitur,

1127 2361 1200 2398 Per
1231 2364 1267 2396 te
1299 2358 1423 2395 carnis

1185 2416 1360 2462 voluptas
1393 2415 1594 2462 respuitur,

1129 2475 1201 2512 Per
1231 2476 1268 2509 te
1298 2483 1410 2509 sanus

1185 2530 1342 2577 quisque
1373 2529 1498 2566 Deum
1529 2529 1713 2576 sequitur,

1130 2588 1203 2625 Per
1232 2592 1281 2631 te,
1314 2585 1448 2632 quibus

1185 2654 1249 2680 cor
1285 2642 1464 2679 mundum
1497 2643 1730 2687 conceditur,

1129 2700 1275 2737 Donum
1306 2700 1427 2736 sancti

1185 2757 1342 2803 spiritus
1373 2755 1565 2803 tribuitur,

1128 2814 1203 2850 Per
1232 2818 1270 2850 te
1301 2813 1432 2858 currit,

1185 2870 1248 2917 qui
1279 2881 1300 2906 a
1331 2875 1440 2916 patre
1470 2869 1633 2907 trahitur
