1914 3223
799 145 1101 187 —461—

167 256 272 288 Metit
299 256 375 295 D1;
410 260 448 288 ut
479 260 639 288 aeternas
665 259 703 288 0.
738 275 781 280 —
813 257 871 295 15,
903 257 1101 300 2‘E1apsus
1127 259 1168 291 de
1195 260 1334 304 aethere
1360 262 1399 292 13.
1425 278 1467 283 —-
1496 259 1554 299 15,
1587 259 1608 292 4
1634 264 1742 294 Curat

167 301 234 333 tibi
262 301 402 334 BFHK.
428 318 472 322 —-
500 299 550 340 16,
576 299 596 332 2
623 302 710 334 Eius
736 305 844 345 stirpe
870 304 915 335 M.
944 321 988 325 —
1017 303 1067 342 16,
1092 302 1113 335 3
1138 316 1220 336 cara
1246 310 1279 337 et
1306 307 1484 347 praeclara
1502 307 1543 338 K.
1570 323 1612 328 -
1642 305 1692 345 17,
1720 306 1740 339 2

166 346 417 389 Virtutumque
445 347 601 383 praedita
626 349 665 379 Ο.
692 365 731 369 -
764 348 822 386 18,
859 348 873 380 1
902 350 989 380 Nam
1017 350 1135 381 adulta
1161 352 1211 388 Ο,
1246 351 1305 382 sed
1332 353 1464 383 inculta
1490 352 1570 390 FH;
1605 351 1662 383 hic
1689 354 1739 384 in-

163 391 260 423 culta
286 392 328 426 Κ,
355 410 398 412 -
427 390 478 429 18,
505 390 526 423 3
551 395 679 424 sancta
706 394 815 427 vultu,
843 398 962 425 saneta
988 394 1082 426 cultu
1110 396 1221 427 ΗΚι).
1247 413 1290 418 —
1319 395 1368 433 18,
1396 396 1417 428 4
1444 401 1571 429 Sancta
1598 408 1740 439 prorsus

166 436 377 469 BGHKMO.
403 453 445 458 —
477 437 544 469 Str.
578 435 622 469 20
646 437 732 469 fehlt
757 439 782 470 1.
815 456 859 460 —
890 438 952 475 21,
993 438 1005 470 1
1035 440 1143 471 Corde
1170 441 1303 482 pudens
1329 443 1426 483 virgo
1455 442 1603 483 prudeus
1629 442 1668 474 O.
1696 461 1740 464 »-

165 481 220 521 21,
239 480 260 513 2
278 483 382 524 Legis
403 482 544 514 studens
563 483 805 515 observantiae
825 486 864 515 Ο.
885 502 928 506 -
945 483 999 523 23,
1017 483 1038 517 3
1058 485 1103 516 Et
1119 495 1284 518 arcanum
1303 488 1342 516 ().
1362 504 1403 508 ——
1422 486 1474 525 24,
1499 487 1511 518 1
1533 489 1677 529 quaml.
1697 506 1740 510 —

163 525 220 566 24,
243 525 264 559 3
290 538 358 559 non
384 527 449 559 hoc
474 531 555 559 ante
583 529 606 559 1.
634 546 669 549 —
700 526 754 568 24,
783 527 805 560 4
831 531 902 561 Nec
928 534 1006 572 post
1030 530 1102 562 ulla
1122 532 1182 565 DI:
1213 530 1291 563 Ulla
1318 543 1386 563 nou
1414 534 1604 574 promeruit
1620 533 1668 564 M.
1696 551 1736 556 -—

163 570 217 609 25.
249 572 264 605 1
292 574 351 605 Sic
378 573 516 614 legatus
543 574 599 604 IO.
626 591 670 596 —
695 572 749 613 27,
774 573 796 606 4
821 575 953 607 liabens
980 577 1017 607 Β.
1044 592 1089 597 -
1115 573 1168 612 28,
1199 575 1213 608 1
1241 587 1344 616 quam
1371 588 1477 609 suave
1504 578 1539 609 F.
1567 596 1611 601 —
1638 576 1690 617 28,
1717 577 1738 611 2

163 619 370 650 miraculum
388 619 426 649 B.
451 635 494 640 —
521 616 573 655 29,
603 617 617 650 1
640 620 669 651 O
688 619 838 662 benigna
858 622 931 652 Deo
950 622 990 652 O.
1006 637 1051 642 ——
1068 619 1121 659 29,
1147 620 1168 653 3
1186 622 1330 664 Semper
1345 627 1445 664 grata
1463 626 1496 655 et
1514 624 1552 653 (Ἰ.
1573 641 1617 644 —
1637 622 1690 661 30,
1718 622 1739 655 2

163 664 326 695 Meruisti
345 663 386 695 K.
414 680 455 684 —-
481 661 536 701 30,
561 663 582 696 3
601 666 698 704 Quae
723 666 855 708 repleta
874 666 912 696 Α.
940 683 983 687 -
1007 664 1062 703 31,
1089 664 1110 697 2
1128 667 1237 699 Dabit
1262 668 1325 698 tibi
1346 670 1381 699 Β.
1408 685 1451 689 -
1477 667 1532 706 32,
1559 666 1579 700 2
1596 669 1736 707 Terrae,

160 709 253 741 caeli
280 709 419 740 domina
439 710 477 741 O.
504 726 547 731 ——
572 707 627 747 32,
653 708 673 741 3
699 714 732 742 et
756 721 825 743 non
844 712 903 743 DI.
931 728 973 732 —
999 708 1053 747 33,
1083 710 1096 742 1
1118 712 1195 743 Non
1222 713 1372 744 turberis
1392 714 1460 746 m:
1489 714 1559 745 Nec
1585 714 1736 746 turberis

164 755 212 793 Ο,
239 764 302 786 nec
320 755 456 786 mireris
474 755 534 787 10.
552 771 595 776 —
613 752 666 794 33,
693 753 714 787 3
730 757 847 798 Digna
866 757 1006 798 quidem
1025 756 1085 789 sed
1103 758 1142 789 O.
1163 774 1199 778 —
1221 756 1274 797 35,
1308 757 1320 789 1
1342 758 1475 790 Summi
1495 759 1606 790 virtus
1625 761 1735 800 patris

165 803 305 831 sanctus
333 800 378 830 M.
406 817 450 820 —
474 796 535 838 35,
567 798 589 832 3
615 801 659 832 Et
688 801 749 834 DI.
775 818 818 823 —
842 800 904 839 35,
940 800 962 833 4
987 805 1066 834 tuus
1093 804 1139 833 sit
1165 803 1233 835 BG.
1258 820 1300 824 --
1325 801 1386 838 36,
1417 802 1430 835 1
1460 808 1564 845 atque
1590 815 1737 845 regnans

164 845 215 883 Κ,
248 846 322 886 ipse
354 854 502 886 regnans
528 846 568 877 O.
605 863 641 867 —
679 845 739 884 36,
773 845 795 878 4
821 843 942 879 Tollet
974 847 1082 879 nundi
1107 848 1248 879 FHKO.
1282 866 1326 869 ——
1351 846 1412 886 37,
1451 848 1465 880 1
1494 850 1562 880 Hic
1588 846 1738 882 salvabit

162 890 326 929 BDGIO,
360 892 418 921 Sic
450 890 602 922 salvabit
627 892 673 931 Α,
705 893 740 925 Is
774 893 927 925 salvabit
952 893 997 924 H.
1029 910 1074 914 —
1107 891 1168 931 37,
1201 891 1223 924 4
1247 895 1404 935 Regnum
1438 895 1466 925 is
1493 896 1532 925 O.
1560 912 1603 916 ——
1637 895 1732 927 Nacli

165 937 233 967 Str.
260 934 302 966 37
330 936 414 978 Regi
444 946 570 978 magno
596 941 659 968 etc.
685 940 725 970 O.
752 957 794 961 --
819 936 882 976 38,
916 936 937 969 2
962 937 1083 970 fideles
1108 939 1247 970 animae
1274 940 1375 971 BGO.
1401 956 1445 960 ——
1472 936 1534 977 38,
1560 938 1582 971 4
1607 940 1734 973 Salvae

162 984 200 1012 tu
226 980 334 1012 FHK.
363 998 404 1002 —-
427 979 492 1018 40,
517 979 538 1012 2
564 983 652 1013 Nam
677 994 755 1015 cum
780 987 862 1015 nato
888 983 927 1014 O.
954 999 996 1005 -—
1018 981 1073 1021 40,
1098 982 1120 1015 4
1145 985 1309 1026 Regnans
1335 985 1374 1017 1³.
1403 1001 1446 1006 —
1471 983 1525 1022 41,
1554 984 1575 1016 3
1601 990 1633 1016 et
1660 996 1733 1027 pre-

161 1030 286 1058 cantur
310 1026 345 1065 Ι,
382 1030 416 1058 et
440 1027 610 1059 mirantur
634 1029 689 1068 Μ,
723 1029 772 1060 Te
797 1030 976 1064 mirantur,
1004 1033 1037 1061 te
1063 1032 1250 1070 precantur
1273 1030 1383 1069 BGO,
1418 1031 1467 1062 Te
1494 1031 1666 1062 mirantur
1692 1042 1731 1062 ac

162 1074 349 1113 precantur
372 1072 481 1104 FHK.
511 1089 556 1094 .-
587 1071 650 1111 41,
683 1071 705 1105 4
737 1074 785 1105 Te
818 1074 941 1106 devote
968 1075 1080 1106 GHK.
1114 1091 1159 1096 —
1189 1072 1250 1112 43,
1283 1072 1304 1107 3
1328 1075 1378 1107 Te
1409 1080 1571 1117 precatur
1595 1076 1654 1107 IO.
1688 1093 1731 1098 —

161 1115 217 1151 44,
243 1115 264 1148 3
288 1117 402 1148 Tuum
422 1118 460 1149 Β.
487 1135 531 1139 —
554 1116 608 1157 45,
634 1117 656 1150 4
674 1119 819 1162 Porrige
845 1120 1010 1152 solatium
1028 1120 1068 1152 G.
1095 1137 1136 1141 —
1162 1117 1216 1157 46,
1243 1118 1263 1151 2
1280 1120 1485 1152 Subcubant
1503 1122 1548 1160 Β,
1575 1121 1731 1163 cupidini

163 1162 233 1193 AB.
262 1179 305 1186 -
330 1160 386 1200 47,
410 1160 432 1195 3
460 1173 510 1204 sq.
535 1163 651 1195 fehlen
676 1165 717 1196 A.
745 1182 785 1187 -—
811 1163 865 1203 48,
897 1164 911 1196 1
939 1167 1011 1198 Nec
1037 1167 1166 1197 amaris
1191 1165 1303 1198 GKM.
1329 1184 1373 1189 ——
1401 1164 1456 1207 49,
1482 1164 1503 1198 2
1527 1166 1584 1198 Me
1610 1167 1734 1198 iaculis

163 1208 204 1238 A.
230 1224 274 1228 —
297 1205 361 1247 49,
393 1207 416 1240 4
441 1209 507 1240 Per
530 1212 591 1240 tua
615 1210 642 1242 I.
668 1227 712 1231 —
737 1208 800 1248 50,
826 1208 846 1242 2
871 1212 1028 1251 ingentia
1052 1212 1099 1249 Α,
1134 1212 1364 1252 prementium
1390 1211 1438 1242 H.
1461 1230 1504 1235 -—
1529 1210 1591 1250 50,
1622 1210 1643 1244 3
1667 1213 1734 1244 His

163 1252 318 1284 ablatum
345 1254 396 1296 1),
430 1255 460 1285 is
485 1254 641 1286 ablutum
669 1256 695 1287 Ι.
729 1273 770 1278 ——
805 1253 865 1294 50,
899 1252 922 1287 4
946 1257 1116 1299 flagitium
1143 1257 1180 1288 B.
1207 1275 1249 1279 —
1275 1254 1336 1294 51,
1366 1255 1381 1288 1
1404 1258 1503 1298 virgo
1529 1261 1625 1288 tuam
1650 1268 1733 1300 rogo

164 1297 240 1330 ΚΟ.
265 1316 309 1320 -
334 1297 390 1340 51,
415 1297 436 1330 2
460 1299 537 1330 Tua
561 1300 768 1332 excellentia
792 1302 826 1340 Ι,
855 1302 1009 1344 Supplex
1035 1301 1278 1333 excellentiam
1296 1301 1336 1333 Ο.
1362 1319 1405 1323 -
1432 1301 1486 1341 51,
1511 1300 1532 1334 3
1557 1306 1732 1334 aeternam

161 1345 233 1375 vite
259 1354 399 1376 cernam
424 1345 464 1377 O.
493 1363 531 1367 -
559 1343 612 1383 51,
637 1345 659 1377 4
683 1346 798 1387 gloria
822 1347 850 1378 I.
875 1365 917 1368 -ss
944 1345 997 1385 52,
1024 1345 1040 1378 1
1069 1349 1104 1378 in
1130 1347 1189 1378 AB
1216 1357 1322 1379 neuer
1340 1347 1536 1385 Abschnitt.
1563 1365 1604 1370 -
1630 1345 1684 1386 52,
1711 1347 1732 1379 2

163 1389 275 1420 Natus
301 1391 348 1421 M.
374 1407 418 1411 —
443 1388 502 1428 52,
529 1387 550 1421 3
575 1391 721 1423 salvasti
748 1396 782 1423 et
807 1394 962 1435 purgasti
988 1393 1097 1424 BHK.
1123 1409 1166 1414 —-
1193 1390 1255 1431 53,
1280 1391 1301 1424 4
1327 1394 1373 1424 sit
1397 1393 1462 1424 tibi
1488 1393 1534 1424 M.
1563 1410 1601 1414 —
1630 1391 1684 1431 55,
1711 1392 1732 1425 3

163 1434 235 1465 Nec
254 1436 302 1466 sis
321 1434 430 1467 BGM.
450 1452 492 1456 —-
511 1434 564 1480 55,
590 1434 612 1468 4
628 1437 854 1469 Peccator-um
874 1438 1023 1479 pondere
1040 1439 1079 1469 B.
1098 1455 1141 1459 —
1159 1435 1213 1475 56,
1231 1436 1252 1470 3
1270 1442 1384 1470 mente
1401 1448 1484 1470 vera
1504 1439 1730 1471 BFHIKMO.

162 1497 207 1501 —
232 1478 273 1511 57
289 1504 296 1518 ,
324 1479 335 1512 1
367 1482 419 1512 Ne
445 1482 481 1512 in
508 1481 622 1512 lacum
648 1483 688 1514 G.
714 1500 758 1503 —
783 1481 844 1516 58,
869 1483 890 1515 4
914 1484 980 1515 Per
1005 1488 1038 1515 te
1064 1485 1171 1514 vitem
1197 1485 1321 1515 noxios
1347 1484 1388 1515 D.
1414 1500 1459 1505 —-
1483 1482 1538 1523 59,
1563 1482 1585 1516 3
1609 1485 1730 1516 matris

159 1525 240 1566 piae
268 1525 307 1557 O.
342 1543 383 1548 —
421 1523 479 1565 60,
513 1524 535 1557 4
568 1527 640 1559 Nos
671 1538 790 1559 sumus
823 1529 868 1560 H.
901 1546 946 1550 -—
978 1529 1076 1560 Nach
1110 1532 1177 1560 Str.
1209 1526 1253 1561 60
1282 1529 1369 1571 Regi
1404 1538 1530 1571 magno
1565 1532 1630 1561 etc.
1661 1529 1732 1561 und

162 1570 268 1602 Pater
292 1572 387 1603 Deus
413 1575 476 1603 etc.
502 1572 542 1604 O.

250 1616 436 1658 Rhythm
450 1627 501 1648 us
528 1618 607 1649 XII.
640 1635 684 1639 --
720 1617 754 1656 1,
786 1616 807 1650 2
842 1623 991 1660 quantus
1024 1619 1174 1650 cendens
1200 1619 1239 1650 F.
1266 1636 1307 1640 -—
1334 1617 1369 1657 1,
1396 1617 1417 1650 3
1441 1620 1670 1661 Magistratus
1696 1624 1730 1652 et

158 1662 328 1702 primatus
353 1663 434 1697 ΕΚ,
468 1660 711 1704 Magistratum
738 1668 772 1695 et
797 1666 981 1706 primatum
1009 1664 1082 1703 ΙΙΙ,
1111 1665 1356 1706 Magistratum
1385 1665 1445 1706 qui
1471 1667 1660 1706 primatum
1684 1667 1727 1697 D.

159 1723 201 1727 —
228 1704 268 1744 2,
298 1705 313 1738 1
341 1708 446 1739 enixa
469 1709 569 1749 virga
591 1707 660 1740 fixa
685 1710 725 1741 O.
750 1726 794 1730 —
820 1708 856 1745 2,
882 1707 903 1741 2
929 1709 1123 1741 Sanctitate
1150 1711 1188 1740 B.
1213 1728 1255 1732 —
1281 1708 1320 1747 2,
1346 1707 1367 1741 3
1391 1710 1494 1741 Viam
1522 1712 1636 1748 ΒΗΚ,
1664 1712 1730 1742 iter

155 1752 242 1783 facis
267 1753 294 1784 Ι.
319 1771 363 1774 —
388 1750 427 1789 3,
454 1751 474 1783 2
500 1755 624 1786 itinere
650 1755 690 1786 O.
716 1771 758 1776 ——
784 1752 822 1789 3,
849 1753 869 1786 3
894 1755 1141 1796 Delinquenda
1166 1756 1226 1786 DI.
1252 1772 1297 1776 ·-—
1321 1753 1360 1792 3,
1384 1754 1406 1786 4
1430 1766 1545 1787 novae
1574 1756 1661 1798 legis
1687 1757 1727 1789 O.

159 1815 200 1819 —
227 1796 271 1835 4,
297 1796 318 1828 2
343 1798 390 1829 Os
416 1809 528 1830 meum
556 1800 598 1831 H.
626 1816 668 1821 -
693 1798 724 1838 4,
750 1798 773 1831 4
796 1801 913 1832 Verba
937 1810 1013 1832 mea
1038 1801 1084 1832 H.
1110 1817 1151 1821 —-
1178 1799 1209 1839 5,
1234 1797 1255 1832 3
1278 1801 1371 1831 Dum
1399 1801 1460 1832 DI.
1491 1820 1520 1824 -—
1556 1800 1587 1839 5,
1613 1801 1635 1833 4
1661 1803 1726 1833 sim

157 1842 306 1874 fallatiis
333 1844 371 1875 B.
396 1861 439 1865 —
465 1842 496 1881 7,
525 1843 540 1876 1
568 1845 756 1877 Benedicta
780 1845 885 1888 digne
910 1845 1003 1877 dicta
1021 1845 1061 1877 O.
1091 1863 1128 1866 —
1158 1843 1189 1883 7,
1216 1844 1236 1876 2
1262 1846 1394 1887 placuit
1418 1846 1474 1886 Μ,
1501 1846 1636 1878 Cuncta
1652 1847 1727 1878 Deo

155 1888 286 1930 placita
314 1889 355 1920 O.
383 1906 426 1910 —
451 1888 490 1927 7,
515 1888 537 1920 4
562 1890 752 1932 Reparavit
778 1892 988 1924 BFGHKO:
1021 1891 1163 1923 Perdita
1188 1893 1342 1923 restituit
1365 1891 1412 1922 M.
1438 1908 1482 1913 —
1507 1888 1539 1930 8,
1565 1890 1586 1923 2
1612 1893 1673 1934 qui
1697 1893 1724 1924 I.

154 1950 198 1955 —
225 1931 263 1972 8,
289 1931 310 1966 3
336 1944 386 1975 sq.
412 1934 528 1966 fehlen
551 1936 591 1966 B.
619 1953 662 1958 —
688 1934 731 1974 9,
758 1934 778 1967 2
801 1937 919 1968 nullus
945 1937 1053 1968 ΓΗΚ.
1075 1953 1120 1958 —-
1143 1934 1174 1973 9,
1200 1935 1222 1967 4
1245 1937 1298 1968 Tu
1323 1937 1462 1968 lactasti
1488 1936 1528 1968 O.
1558 1955 1596 1958 —
1628 1936 1678 1975 11,
1708 1936 1723 1969 1

156 1978 251 2021 Ergo
277 1990 397 2020 pensa,
423 1990 525 2021 quam
552 1981 590 2013 O.
616 1999 661 2002 —
687 1980 747 2021 11,
777 1981 797 2013 2
823 1984 868 2013 sit
894 1981 980 2014 fehlt
1005 1983 1046 2013 D.
1074 1999 1116 2003 --
1145 1979 1196 2018 12,
1221 1980 1243 2013 4
1267 1982 1464 2013 Imbellices
1493 1984 1528 2013 B.
1554 1999 1597 2003 -
1627 1980 1678 2022 13,
1703 1981 1724 2014 4

159 2025 336 2066 Optimum
363 2026 551 2057 remedium
570 2027 610 2058 O.
637 2044 679 2048 -—
706 2025 757 2066 14,
786 2026 801 2058 1
829 2038 880 2068 sq.
906 2027 975 2059 und
1002 2026 1023 2058 3
1048 2038 1098 2069 sq.
1125 2028 1323 2069 umgestellt
1340 2028 1379 2059 Ο.
1406 2044 1449 2048 -
1476 2026 1528 2065 14,
1557 2026 1571 2058 1
1596 2028 1724 2060 Mentis

154 2069 271 2101 lumen
295 2070 403 2102 FHK.
430 2087 473 2092 -—-
502 2069 551 2109 15,
577 2069 598 2103 3
623 2072 710 2103 Iuva
735 2083 883 2115 pressos,
908 2073 988 2104 leva
1012 2073 1121 2104 fessos
1147 2073 1193 2103 M.
1219 2090 1264 2093 ·-
1290 2071 1340 2108 15,
1370 2071 1384 2103 1
1413 2076 1447 2104 et
1470 2074 1642 2104 victorum
1668 2074 1719 2106 D:

152 2118 187 2146 et
211 2119 413 2148 cunctorum
440 2117 512 2148 ΚΟ.
539 2134 583 2138 ——-
610 2115 670 2155 15,
703 2116 725 2149 4
749 2128 852 2160 posce
878 2119 997 2159 DMO3
1026 2119 1185 2149 meritum
1212 2118 1440 2149 BDFHIMO.
1465 2135 1508 2139 ——
1537 2116 1601 2156 16,
1634 2117 1649 2150 1
1676 2120 1724 2152 Ut

154 2164 298 2192 ovantes
323 2161 363 2193 G.
390 2180 433 2183 —
462 2159 515 2200 16,
541 2159 562 2193 2
587 2163 743 2194 Redeant
768 2164 812 2195 ad
836 2164 877 2196 G.
902 2181 945 2185 ——-
975 2162 1024 2201 16,
1050 2162 1071 2195 3
1099 2163 1204 2194 tunde
1229 2167 1353 2194 ventos
1379 2163 1421 2194 N.
1446 2182 1489 2185 —
1519 2161 1569 2202 16,
1597 2162 1619 2195 4
1643 2165 1722 2196 Mea

154 2206 280 2238 sedans
305 2207 358 2246 Μ,
394 2207 488 2238 Meta
514 2208 560 2240 B:
597 2208 720 2240 sedens
746 2211 784 2241 B.
811 2226 855 2230 —
882 2207 934 2247 17,
959 2207 980 2240 2
1005 2209 1052 2240 Et
1076 2208 1263 2240 concordes
1290 2209 1340 2247 N,
1365 2208 1408 2239 ad
1433 2210 1583 2240 invicem
1613 2211 1650 2241 B.
1677 2226 1720 2231 -—-

155 2248 206 2289 18,
231 2249 252 2283 3
278 2251 327 2283 Ut
352 2256 565 2293 cognascant
589 2252 681 2285 hunc
702 2254 749 2293 G,
775 2254 832 2286 hic
857 2258 891 2285 et
917 2257 1063 2296 poscant
1081 2255 1124 2286 N.
1148 2271 1192 2275 ——
1221 2251 1271 2292 18,
1297 2252 1318 2284 4
1335 2253 1500 2294 optatum
1527 2254 1717 2286 remedium

152 2297 202 2336 N,
229 2296 338 2329 Suum
363 2298 575 2330 adiutorium
603 2300 641 2331 O.
668 2316 710 2321 —
740 2298 790 2338 19,
820 2298 966 2331 lRaum
993 2300 1048 2330 fiir
1072 2310 1160 2331 neue
1186 2299 1327 2330 Initiale
1348 2300 1385 2330 B.
1415 2316 1458 2320 ——
1483 2297 1536 2336 21,
1568 2298 1583 2330 1
1611 2304 1645 2331 et
1671 2301 1721 2331 sic

151 2341 195 2372 D.
221 2360 265 2364 —
291 2340 344 2380 21,
368 2340 391 2374 3
415 2339 463 2374 Et
487 2343 528 2375 de
554 2344 681 2376 mundo
706 2345 752 2377 M.
779 2363 823 2366 —
847 2343 900 2382 22,
926 2343 947 2376 3
972 2345 1060 2377 Dele
1085 2347 1154 2376 tuis
1172 2345 1251 2376 HK.
1278 2362 1321 2365 —
1349 2342 1402 2382 23,
1432 2342 1515 2376 lTe
1541 2345 1720 2377 credentes

150 2387 190 2418 Β.
224 2404 268 2408 —-—
298 2385 359 2426 23,
390 2385 413 2418 2
450 2389 540 2430 pelle
565 2390 669 2423 ANO.
705 2408 749 2411 —
783 2388 844 2428 23,
877 2388 898 2422 3
930 2394 969 2422 ut
997 2390 1112 2422 futura
1137 2391 1179 2421 N.
1209 2408 1247 2412 —
1274 2389 1372 2421 Nach
1397 2387 1458 2426 25,
1489 2387 1511 2420 4
1535 2390 1644 2422 Amen
1671 2392 1718 2424 O:

151 2442 266 2464 neuen
289 2433 478 2465 Abschnitt
503 2434 698 2467 markieren
725 2436 856 2468 ABFO.
882 2455 927 2459 -—
952 2434 1006 2471 26,
1032 2433 1052 2466 2
1071 2435 1118 2466 Et
1143 2435 1338 2476 redemptor
1355 2435 1395 2467 G.
1426 2452 1447 2455 -
1490 2433 1543 2471 26,
1569 2433 1591 2466 4
1611 2436 1718 2467 Alvus

151 2477 264 2509 almae
289 2479 379 2519 MO;
413 2479 523 2511 Alvus
556 2490 676 2512 sacrae
702 2481 808 2512 ΓΗΚ.
834 2499 878 2503 —
903 2479 961 2519 27,
995 2479 1016 2512 3
1041 2491 1121 2512 nam
1146 2480 1203 2512 vel
1229 2481 1310 2511 auxi
1339 2481 1374 2511 13.
1402 2497 1445 2501 -
1470 2478 1531 2518 27,
1564 2478 1586 2512 4
1611 2490 1718 2523 agens

148 2522 268 2554 debita
305 2525 353 2562 1),
385 2534 516 2567 augens
548 2525 667 2557 debita
699 2527 734 2565 Ι,
769 2528 885 2568 Agens
919 2537 1053 2568 semper
1078 2527 1150 2557 ΒΚ.
1182 2543 1224 2547 -
1256 2524 1316 2562 28,
1350 2523 1371 2556 2
1397 2526 1566 2567 Baptismi
1604 2536 1718 2558 saera-

150 2572 303 2600 mentum
334 2568 380 2607 G,
416 2571 532 2611 spater
557 2571 687 2613 korrig.
713 2573 749 2603 in
775 2571 982 2603 sacrificium
1010 2573 1047 2604 B.
1074 2589 1118 2592 —
1142 2569 1196 2609 29,
1222 2568 1242 2602 2
1267 2572 1324 2602 Me
1350 2572 1467 2612 pravis
1493 2571 1640 2604 FHKO:
1666 2582 1719 2604 me

148 2613 235 2645 fehlt
259 2614 298 2645 B.
331 2632 375 2635 —
410 2613 470 2652 29,
504 2613 525 2648 3
557 2616 705 2648 fovendo
734 2617 774 2649 O.
813 2635 857 2639 -—
889 2615 948 2654 31,
982 2614 1003 2648 3
1028 2617 1077 2648 Te
1111 2618 1233 2648 timore
1258 2617 1297 2648 B.
1323 2633 1365 2637 —·-
1390 2614 1452 2654 31,
1484 2615 1504 2647 4
1529 2616 1597 2648 Tui
1623 2618 1717 2658 reple

149 2658 284 2690 DHIK.
312 2676 351 2681 -
379 2658 439 2698 32,
475 2659 491 2692 1
520 2665 611 2699 esto,
643 2672 774 2694 memor
799 2667 872 2694 esto
898 2663 944 2694 M.
972 2680 1013 2683 —
1038 2660 1098 2699 32,
1125 2659 1145 2692 2
1171 2663 1238 2701 Qui
1263 2659 1326 2700 (ιη2
1352 2662 1440 2702 que)
1465 2661 1641 2703 proficeris
1666 2664 1714 2695 K:

151 2703 242 2742 Quid
269 2704 371 2736 nobis
398 2715 458 2747 pro
484 2706 606 2738 feceris
625 2708 674 2741 H:
701 2709 887 2749 profeceris
906 2708 946 2739 (),
971 2725 1014 2730 -
1039 2705 1093 2745 33,
1119 2706 1140 2738 4
1157 2707 1252 2739 Tuae
1279 2708 1399 2738 matris
1420 2707 1520 2739 FKO.
1547 2725 1591 2728 —
1615 2705 1668 2746 34,
1700 2707 1712 2739 1

149 2754 187 2780 et
219 2748 305 2782 haec
332 2751 370 2782 Ο.
407 2770 448 2773 -
475 2749 537 2789 34,
573 2750 594 2783 3
619 2753 716 2792 Quae
742 2755 893 2795 portavit
918 2754 962 2791 (ἰ,
997 2754 1169 2794 Linguam
1197 2753 1322 2787 frenet,
1355 2762 1413 2783 cor
1438 2756 1573 2784 serenet
1597 2753 1645 2784 M.
1671 2771 1713 2774 —

147 2791 215 2832 34,
240 2792 262 2826 4
287 2795 434 2827 Carnem
461 2798 611 2839 stringat
634 2796 793 2839 fragilem
819 2799 865 2830 M.
891 2815 934 2819 —
960 2796 1022 2836 35,
1046 2796 1068 2829 4
1091 2799 1240 2839 gratiam
1266 2799 1304 2829 B.
1330 2814 1372 2818 —
1399 2795 1458 2834 36,
1488 2796 1503 2829 1
1529 2798 1610 2829 Iesu
1634 2803 1714 2830 nate

151 2840 280 2880 pietate
307 2841 348 2872 Ο.
374 2859 418 2862 -
441 2839 504 2877 36,
529 2840 550 2874 3
576 2843 667 2882 Quid
695 2843 889 2878 dicendum,
915 2843 997 2885 quid
1022 2843 1209 2885 gerendum
1239 2844 1345 2875 FHK.
1371 2861 1414 2865 —
1442 2842 1496 2878 36,
1522 2841 1543 2874 4
1571 2846 1713 2884 Semper

151 2884 236 2916 mihi
262 2885 309 2917 M.
336 2903 379 2907 —
405 2885 467 2925 37,
500 2885 521 2918 3
546 2888 593 2920 Et
617 2890 684 2920 iam
711 2889 825 2920 AHF:
858 2889 970 2931 Atque
996 2888 1104 2920 dones
1129 2888 1168 2919 Ο.
1195 2906 1235 2911 -
1262 2887 1322 2925 38,
1360 2887 1374 2920 1
1402 2899 1470 2920 non
1496 2889 1648 2920 ocultum
1674 2890 1713 2921 13.

1430 2943 1502 2977 30*
