2031 3289
986 162 1292 202 —458—

677 278 715 314 5.
745 275 839 312 Eius
869 275 919 312 ad
949 286 1097 313 sacrum
1128 275 1282 312 veniens
1313 276 1529 322 sepulcr-im

750 332 926 378 Quisquis
956 335 1131 377 aegrotus
1161 331 1244 368 fieri
1274 332 1442 378 rogando

747 387 927 434 Corporis
959 398 1110 434 compos
1143 387 1260 425 validi
1291 392 1447 433 repente

837 443 958 481 Sanus
989 443 1130 481 abibat.

679 547 716 584 6.
748 545 851 591 Ergo
882 544 1078 581 laudemus
1108 543 1277 581 mulieris
1308 548 1392 580 acta

749 600 851 638 Mira
881 601 1094 647 praesentis
1125 600 1259 646 sapido
1291 610 1440 648 canore,

751 658 841 704 Ipsa
871 668 940 703 pro
970 656 1080 693 nobis
1111 656 1278 702 rogitans
1309 660 1351 693 ut
1381 660 1503 693 exstet

842 713 983 750 Cuncta
1016 717 1220 760 regentem.

680 815 716 853 7.
750 813 920 852 Gloriam
953 813 1054 860 patri
1083 812 1294 863 tribuamus
1324 813 1402 849 alto

748 871 799 908 Et
831 881 898 906 suo
930 869 1030 906 celso
1061 869 1187 916 genito
1217 869 1396 916 vicissim,

749 926 914 963 Flamini
946 930 1076 962 sancto
1106 924 1296 962 referente
1327 925 1403 962 ritu

838 983 1002 1028 Tempus
1033 982 1082 1019 ad
1112 992 1235 1019 omne.

455 1084 601 1116 Collect.
624 1093 688 1114 ms-
714 1083 916 1115 Hilariense
940 1092 1029 1113 saec.
1059 1079 1110 1113 15.
1160 1081 1243 1113 Cod.
1269 1081 1444 1113 Hilarien.
1471 1080 1525 1114 77.
1551 1099 1595 1103 —-
1619 1080 1661 1121 2,
1691 1081 1712 1114 2
1737 1083 1926 1114 Praestitit.

365 1147 405 1151 -—
438 1128 476 1164 3,
520 1129 535 1160 1
569 1130 640 1160 Nec
671 1129 747 1161 fuit.
779 1145 823 1149 —
857 1127 892 1166 7,
923 1125 944 1159 3
978 1128 1214 1159 reverenterit.
1249 1145 1291 1149 —
1326 1127 1432 1167 „Cum
1465 1127 1613 1159 ecclesia
1645 1127 1817 1159 catholica
1848 1129 1927 1160 lesu

367 1175 495 1206 Christi
527 1176 681 1216 exigeret
704 1174 871 1215 hymnum
897 1183 1110 1204 communem
1137 1173 1246 1203 sacris
1272 1173 1476 1204 mulieribus
1500 1183 1571 1204 non
1594 1172 1791 1214 virginibus
1816 1174 1926 1214 assig-

369 1222 458 1258 nari,
484 1224 519 1251 et
541 1219 657 1251 nullus
682 1219 884 1250 christicola
908 1220 976 1250 iam
994 1219 1126 1259 peritus
1143 1217 1343 1249 huiusmodi
1361 1219 1542 1250 caritatem
1559 1219 1646 1260 ipsis
1660 1216 1926 1260 deflecteret[url

365 1266 498 1297 efficere
530 1264 621 1296 velle
654 1265 800 1303 sanetis,
834 1275 898 1306 ego
930 1265 1085 1305 ipsarum
1119 1272 1293 1294 sacrarum
1324 1263 1507 1295 mulierum
1533 1264 1655 1295 ardore
1682 1268 1856 1304 permotus
1881 1264 1926 1296 ad

365 1311 502 1342 laudem
531 1315 635 1351 atque
661 1310 764 1341 decus
790 1309 929 1341 illarum
955 1320 1010 1340 me
1036 1308 1163 1339 obnixe
1189 1308 1314 1339 deflexi
1340 1309 1608 1350 subsequentem
1634 1309 1798 1350 hymnum
1824 1319 1928 1341 versu

367 1355 535 1398 sapphico
562 1360 595 1387 et
621 1355 768 1387 adonico
794 1355 964 1386 fabricare
990 1359 1024 1386 et
1048 1356 1162 1395 potest
1186 1354 1265 1384 cani
1285 1354 1349 1385 sub
1366 1356 1448 1385 tono
1475 1351 1771 1395 Viryz'nz's]›1·oles
1789 1353 1928 1396 opifex-

365 1409 429 1441 que
468 1399 594 1432 matris
627 1401 684 1431 vel
721 1401 784 1433 sub
819 1403 902 1431 tono
938 1397 1011 1431 Iste
1043 1397 1227 1439 confessor
1256 1395 1410 1431 Domini
1445 1400 1612 1431 saoratns
1647 1404 1710 1431 ete.
1762 1399 1857 1442 Ergo
1890 1401 1928 1431 in

366 1448 506 1478 nomine
532 1447 675 1478 Domini
707 1446 818 1477 nostri
844 1442 926 1477 Iesu
959 1444 1090 1478 Christi
1122 1444 1173 1475 sic
1202 1444 1365 1476 moder-ne
1389 1444 1545 1476 dicamus
1570 1444 1614 1476 ad
1637 1455 1801 1486 vesperas
1826 1448 1860 1477 et
1883 1445 1927 1477 ad

367 1489 587 1524 matutinos.“
615 1509 659 1512 —
684 1492 752 1523 Cfr.
777 1491 1037 1532 Grillenberger
1062 1489 1085 1520 1.
1111 1499 1139 1520 c.
1164 1487 1228 1521 321
1256 1500 1305 1531 sq.

734 1691 816 1727 443.
851 1692 910 1731 (2.)
944 1692 1119 1736 Hymnus
1145 1692 1192 1726 de
1217 1691 1355 1728 Vidm‘s
1383 1691 1551 1728 sanctis.

1017 1774 1058 1804 In
1084 1773 1274 1805 Laudibus.

679 1890 716 1928 1.
747 1889 827 1926 Ista
857 1887 1066 1935 praebebat
1097 1886 1232 1924 faciem
1265 1885 1426 1924 facetam

753 1945 947 1990 Omnibus,
980 1944 1122 1981 nullum
1154 1942 1323 1980 referens
1354 1944 1465 1981 inane

755 2001 973 2047 Verbqum,
1005 2000 1108 2037 misit
1137 2001 1288 2047 sapiens
1319 2000 1386 2037 sed
1417 2011 1526 2037 omne

842 2059 985 2095 Famen
1017 2057 1064 2094 ab
1095 2067 1173 2095 ore.

685 2162 722 2200 2.
757 2160 845 2197 Sola
876 2159 1084 2206 persistens
1116 2157 1297 2196 volitabat
1330 2168 1448 2204 usque

753 2217 817 2255 Ad
848 2216 919 2253 Dei
951 2216 1074 2252 caelos
1105 2215 1313 2261 soliumque
1342 2220 1469 2252 mente

755 2273 828 2311 Illa
860 2273 999 2310 devota
1029 2272 1164 2308 mulier
1193 2282 1398 2318 supernum

843 2329 991 2366 Numen
1023 2329 1181 2366 avendo.

684 2434 720 2470 3.
753 2431 858 2468 Haec
889 2432 1012 2469 Iesum
1044 2430 1247 2476 Cluistum,
1280 2429 1481 2466 Dominum
1511 2430 1699 2480 polorum,

753 2488 875 2534 Saepe
905 2487 1060 2524 secretis
1090 2486 1256 2523 lacrimis
1288 2486 1445 2533 rogabat

753 2544 888 2581 Pectus
920 2549 957 2580 et
987 2543 1149 2580 tundens
1181 2543 1341 2589 gemitus
1371 2542 1521 2580 levabat

844 2600 979 2638 Cordis
1010 2599 1058 2636 ab
1090 2600 1175 2637 imo.

683 2705 720 2742 4.
753 2703 803 2741 Os
834 2712 939 2738 suum
971 2705 1121 2738 sanctos
1152 2700 1338 2737 recitabat
1368 2701 1526 2748 hymnos

752 2759 874 2796 Dulce
905 2758 963 2795 vel
995 2758 1158 2804 psalmos
1190 2757 1341 2794 modulo
1372 2757 1592 2804 prophetae,

754 2815 881 2853 Rebus
914 2815 951 2851 in
983 2814 1112 2851 mundi
1143 2814 1298 2861 reliquis
1330 2813 1467 2851 silebat

843 2870 977 2909 Infima
1009 2880 1204 2917 spernens.
