1914 3223
751 196 802 200 -—-
862 174 935 213 ‚311
1006 198 1054 201 —

276 417 357 454 490.
395 419 477 460 (23³2.)
516 418 722 454 Canticum
749 419 796 453 «le
822 402 1262 454 laudibus'sanctarum
1294 420 1512 462 Virginum.

123 534 192 574 la.
234 537 332 572 Ama
363 535 485 572 Iesum
519 546 600 571 cum
632 536 794 583 Agame,
940 534 1011 572 lb.
1050 536 1238 584 Agathan]
1270 541 1438 573 sanctam
1472 547 1653 574 venerare

231 591 497 639 Magdalenam
530 592 644 629 lauda
674 592 772 628 laete
1054 591 1208 629 Luciam
1240 603 1389 638 passam
1421 593 1571 630 imitare

289 648 331 685 In
364 648 512 695 hymnis
543 653 579 684 ct
611 648 785 697 canticis,
1071 656 1073 659 ’
1109 649 1296 694 Quantum
1330 649 1442 696 digne
1470 648 1628 688 sufficis.

125 763 199 799 221.
243 759 449 798 Barbaram
482 771 549 798 ora
580 771 661 797 cum
695 760 866 804 Balbina,
941 761 1017 800 21).
1053 761 1297 799 Catharinam
1331 772 1413 799 cum
1446 762 1597 812 Sabina,

239 817 440 855 Caeciliam
473 828 540 854 ora
572 828 653 854 cum
677 817 868 855 Christina
1053 818 1309 865 Margaretam
1342 829 1423 856 cum
1457 820 1626 857 Martina

291 874 398 911 Totis
429 884 474 910 ex
506 874 766 920 praecordii53
1109 875 1242 912 Lauda
1273 876 1418 922 magnis
1449 876 1608 923 gaudiis.

123 987 195 1025 3a.
240 986 422 1023 lulianam
456 996 538 1023 cum
572 987 729 1033 Iustina,
939 990 961 1025 3
977 987 1012 1024 b.
1052 987 1282 1024 Dorotheam
1315 999 1398 1025 cum
1431 989 1613 1036 Eugenia.

236 1042 422 1080 Cuneram
455 1053 538 1079 cum
569 1042 824 1091 Euphrosyna
1052 1044 1300 1082 Petronillam
1333 1056 1416 1082 eum
1447 1045 1659 1092 Euphemia

293 1098 428 1152 Iubila,
448 1100 485 1136 in
517 1102 680 1147 organis,
1108 1101 1264 1138 Honora
1293 1101 1332 1139 in
1363 1103 1568 1149 tympanis.

121 1215 195 1252 4a.
237 1213 414 1260 Sophiam
448 1223 530 1251 cum
562 1213 724 1259 Eulalia,
938 1214 1011 1255 4b.
1051 1215 1232 1263 Priscam,
1250 1215 1407 1252 Dariam
1425 1226 1507 1252 cum
1526 1216 1686 1263 Helena,

236 1269 465 1307 Gertrudem
498 1280 581 1307 cum
612 1270 764 1317 Pelagia
1052 1272 1296 1318 Apolloniam
1328 1283 1411 1310 cum
1444 1272 1587 1310 Serena

290 1326 433 1364 Exalta
463 1327 573 1364 laetis
606 1327 772 1374 vocibus,
1109 1328 1314 1376 Magnifica
1345 1328 1565 1367 honoribus.

119 1441 191 1479 5a.
234 1423 505 1478 scholasticam
538 1451 619 1477 cum
653 1441 835 1487 Susanna,
941 1440 1013 1479 5b.
1052 1441 1232 1480 Ursulam
1263 1452 1347 1479 cum
1378 1442 1587 1491 sodalibus,

233 1497 399 1543 Teclam,
426 1497 576 1536 Claram
599 1508 682 1534 cum
699 1497 868 1535 Iohanna
1054 1498 1260 1536 Cordulam
1291 1509 1373 1536 cum
1402 1499 1622 1546 aequalibus

289 1553 473 1591 Laetifica
504 1554 599 1592 caeli
629 1554 822 1601 praemiis,
1109 1556 1267 1593 Adorna
1300 1556 1395 1593 rosis
1427 1561 1463 1592 et
1494 1556 1598 1597 liliis,

120 1668 205 1708 62...
235 1668 373 1705 Omnes
403 1672 556 1704 sanctae
589 1667 753 1714 virgines
942 1667 1017 1707 6b.
1054 1667 1111 1705 Sit
1142 1669 1224 1706 laus
1257 1669 1349 1715 Deo,

292 1734 372 1761 cum
406 1724 640 1772 coniugibus,
1109 1725 1229 1762 honor
1260 1732 1298 1762 et
1329 1726 1461 1773 gloria.

233 1781 371 1819 Omnes
401 1784 554 1817 sanctae
585 1781 723 1818 viduae
1054 1781 1112 1819 De
1143 1782 1330 1830 virginum

290 1848 372 1874 cum
404 1837 697 1885 continentibus,
1112 1850 1248 1888 magna
1278 1840 1438 1877 victoria

234 1894 349 1932 Orate
376 1894 498 1931 Deum
530 1905 600 1940 pro
1055 1896 1107 1932 Et
1138 1896 1259 1933 dulcis
1290 1897 1449 1944 hymnus

289 1951 429 1988 nostris
461 1951 691 1989 excessibus.
1110 1953 1251 1990 sanctis
1277 1949 1362 1990 'eius
1393 1954 1580 1993 omnibus.

126 2063 194 2101 7a.
241 2063 312 2110 Qui
342 2074 409 2101 nos
439 2075 507 2102 sua
537 2065 659 2111 gratia
944 2066 964 2103 7
980 2065 1016 2103 b.
1054 2067 1145 2104 Post
1176 2066 1284 2103 huius
1315 2067 1416 2104 vitae
1446 2068 1616 2116 pericula

242 2120 303 2158 Ad
335 2131 375 2157 sc
407 2120 512 2158 ducit
542 2132 624 2158 cum
656 2121 803 2159 laetitia
1056 2123 1099 2159 In
1130 2127 1286 2160 aeterna
1316 2124 1562 2161 tabernacula

296 2176 518 2214 Sanctorum
540 2189 692 2215 suorum
712 2178 870 2228 meritis,
1114 2180 1229 2217 Laxis
1259 2185 1499 2227 peccatorum
1536 2181 1686 2218 debitis.

548 2293 585 2330 8.
617 2293 753 2341 Amen,
787 2293 917 2330 dicant
947 2295 1084 2342 omnia,

618 2348 818 2393 Caelestia,
851 2350 1062 2397 terrestria,

617 2406 756 2453 Angeli
788 2416 870 2443 cum
899 2406 1115 2444 hominibus

616 2462 667 2498 Et
699 2463 883 2500 creaturis
914 2463 1087 2501 omnibus

701 2519 783 2557 Deo
816 2530 967 2566 semper
997 2521 1151 2567 gratias.

217 2627 328 2669 Opera
360 2633 394 2660 et
427 2629 508 2661 libri
532 2631 626 2662 vitae
651 2631 806 2663 Thomae
832 2632 873 2664 de
899 2633 1043 2673 Kempis
1070 2634 1149 2673 imp.
1177 2633 1427 2674 Norimbergae
1456 2631 1552 2665 1494.
1579 2634 1618 2664 A.
1648 2652 1689 2654 >—

125 2672 239 2713 Opera
274 2672 427 2706 Thomae
463 2685 483 2706 a
518 2677 658 2713 Campis
692 2677 840 2709 Parisiis
881 2676 977 2709 1549.
1012 2680 1048 2710 Β.
1084 2695 1126 2699 —
1157 2680 1271 2719 Opera
1304 2678 1458 2710 Thomae
1495 2689 1516 2710 a
1549 2680 1688 2721 Campis

129 2717 292 2759 Dilingae
336 2717 431 2751 1576.
473 2721 523 2759 ΙΙ,
567 2719 631 2752 677
673 2732 722 2762 sq.
766 2723 801 2753 C.
842 2740 885 2744 —
925 2723 1078 2755 Thomae
1115 2734 1132 2754 a
1173 2724 1315 2764 Kempis
1353 2734 1458 2765 opera
1483 2726 1599 2756 omnia
1636 2725 1687 2757 ed.

129 2761 175 2793 H.
198 2764 405 2796 Summanus
430 2767 651 2806 Antwerpiae
691 2766 787 2799 1601.
813 2769 854 2800 D.
881 2785 923 2790 -
952 2769 1123 2805 Thomae,
1154 2769 1311 2800 Malleoli
1337 2769 1378 2800 de
1404 2770 1546 2811 Kempis
1573 2772 1688 2812 Opera

128 2806 252 2839 Omnia
275 2808 326 2841 ed.
352 2810 398 2841 H.
423 2810 632 2843 Sommalius
659 2814 878 2854 Antwerpiae
907 2811 1002 2846 1607.
1034 2813 1075 2851 11,
1103 2812 1168 2845 592
1194 2825 1244 2855 sq.
1276 2814 1316 2845 E.

217 2850 277 2891 2a,
310 2852 330 2885 2
355 2865 439 2897 roga
465 2867 542 2888 cum
567 2858 606 2888 A.
635 2875 677 2878 ”-
702 2856 763 2897 421,
796 2857 816 2889 2
841 2859 1089 2892 Gheertrudem
1116 2859 1155 2890 A.
1184 2877 1225 2880 —
1250 2858 1310 2896 ὕει,
1337 2857 1357 2890 2
1383 2870 1460 2891 cum
1488 2861 1685 2902 virginibus

130 2898 170 2928 A.
204 2915 239 2920 —-
268 2897 327 2937 7b‚
353 2898 374 2930 3
395 2902 538 2934 Laxatis
565 2904 601 2934 C.
1552 2901 1554 2903 ’
