1914 3223
718 181 1027 220 —415—

609 289 690 326 374.
729 290 809 332 (13.)
845 291 965 326 Feria
989 290 1144 327 Tertia.

752 362 817 399 „td
850 363 1017 414 Horas..

110 467 146 504 1.
179 464 284 513 Veni,
318 469 468 501 creator
498 464 666 513 spiritus,
925 467 961 503 2.
994 464 1063 510 Qui
1096 464 1306 509 paraclitus
1341 463 1493 509 diceris,

175 522 244 567 Qui
275 521 548 568 prophetarum
581 520 761 558 cordibus
995 520 1054 557 Sis
1087 521 1301 557 consolator
1329 520 1477 556 miseris

174 578 339 624 illapsus
372 588 424 625 ες,
457 582 498 614 ut
530 582 710 614 canerent
995 577 1117 614 Huius
1150 581 1307 623 precatu
1338 577 1508 624 virginis,

173 635 293 672 Deum
326 634 430 671 nasci
462 634 509 671 de
541 634 698 681 virgine.
995 634 1113 679 Quam
1145 638 1286 670 castam
1318 638 1477 670 matrem
1507 632 1659 671 feceris.

182 713 382 754 Klemming
406 712 450 750 ΙΙ,
484 709 558 743 115.

609 799 692 834 3ῗ5.
731 799 812 841 (14.)
847 799 966 834 Feria
992 799 1144 836 Tertia.

668 870 734 908 Ad
766 870 1085 916 Completorhcm.

109 977 144 1014 1.
177 974 327 1011 Victum
359 973 511 1010 vitalem
543 972 680 1009 tribuit
928 974 967 1013 3.
1000 973 1103 1020 Quae
1134 973 1230 1009 sicut
1265 974 1392 1010 Aaron
1424 973 1573 1020 virgula

175 1030 278 1068 Deus
310 1030 472 1067 humano
503 1030 644 1079 generi,
998 1029 1180 1066 Fructum
1215 1030 1321 1067 daret
1353 1029 1524 1077 mirifice,

140 1097 143 1098 ’
179 1088 222 1124 In
254 1098 363 1134 quem
396 1087 500 1124 virus
533 1087 697 1123 evomuit
1000 1086 1070 1133 Qui
1102 1087 1202 1124 vitae
1234 1087 1352 1124 ferret
1384 1086 1520 1133 pocula

175 1144 306 1182 Hostis
338 1144 454 1180 verbo
486 1143 686 1180 mendacii.
998 1144 1132 1180 Laesis
1164 1143 1283 1180 hostis
1314 1154 1337 1180 a
1367 1143 1520 1181 famine.

111 1238 148 1275 2.
180 1235 306 1274 Corda
336 1240 463 1272 vatum
495 1235 704 1282 ingurgitat
930 1237 967 1272 4.
1001 1235 1031 1272 O
1063 1236 1164 1281 Iesu,
1197 1245 1342 1271 summa
1373 1235 1525 1277 veritas,

177 1292 331 1330 Sacrum
364 1291 499 1329 flamen
536 1292 749 1339 dulcedine,
999 1292 1114 1328 Mane
1145 1290 1339 1328 nobiscum
1371 1292 1522 1343 iugiter,

176 1350 275 1396 Quos
305 1349 355 1386 ad
387 1347 618 1396 profandum
651 1348 786 1385 incitat
1000 1348 1132 1385 Hostis
1162 1348 1264 1385 saevi
1295 1359 1342 1385 ne
1374 1347 1522 1386 falsitas

177 1405 234 1444 De
264 1406 370 1443 mira
389 1406 553 1452 quadam
585 1405 742 1452 virgine.
999 1405 1078 1442 Nos
1110 1405 1273 1452 perimat
1304 1404 1507 1443 fallaciter.

182 1494 212 1535 2,
238 1493 259 1528 3
284 1495 327 1528 ad
348 1495 627 1538 prophetandum
644 1496 686 1527 D.
705 1512 750 1516 —
767 1493 800 1534 3,
825 1493 847 1526 4
863 1495 975 1527 hostis
993 1495 1158 1527 affamine
1176 1495 1215 1527 A.
1234 1515 1276 1518 —
1294 1495 1496 1537 Klemming
1517 1495 1564 1533 ΙΙ,
1593 1491 1667 1526 143.

614 1628 696 1664 376.
733 1629 814 1672 (15.)
849 1628 970 1664 Feria
995 1628 1148 1664 Tertia.

733 1699 800 1738 Ad
832 1701 1030 1747 Vesperas.

116 1804 149 1842 1.
183 1803 298 1850 Virgo
329 1804 450 1841 Deum
482 1802 706 1851 laetificans,
934 1805 971 1843 3.
1006 1803 1035 1841 Ο
1068 1807 1209 1849 quanta
1239 1802 1313 1839 tuis
1345 1803 1483 1850 gaudia

185 1860 359 1898 Solamen
390 1864 589 1906 praestans
621 1860 778 1909 angelis,
1005 1860 1156 1898 Collata
1188 1863 1275 1896 sunt
1305 1859 1541 1908 parentibuS,

183 1917 289 1955 Dans
321 1917 594 1963 protoplaustis
627 1917 806 1964 gaudium
1004 1917 1064 1953 Ex
1095 1916 1167 1953 Dei
1197 1927 1332 1963 magna
1362 1917 1485 1964 gratia

184 1973 237 2011 Te
268 1973 497 2011 nascituram
528 1974 725 2023 praesciis,
1005 1974 1059 2010 Te
1090 1974 1205 2010 talem
1236 1973 1560 2020 praescientibus!

115 2065 154 2102 2.
185 2063 492 2102 Patriarcharum
524 2063 704 2101 cordibus
935 2066 973 2104 4.
1005 2063 1095 2110 Quis
1127 2067 1196 2108 est,
1229 2073 1338 2110 quem
1370 2075 1445 2100 non
1477 2063 1657 2101 laetificet

185 2121 415 2159 Praestitisti
447 2121 629 2158 solacium
1004 2120 1143 2158 Matris
1176 2120 1246 2157 Dei
1279 2121 1487 2170 conceptio,

186 2177 237 2215 Et
268 2178 539 2224 prophetarum
572 2177 761 2214 mentibus
1005 2177 1131 2224 Ipsius
1163 2177 1196 2213 ei
1228 2177 1259 2214 si
1290 2177 1417 2224 placet-

188 2234 241 2271 Te
271 2235 376 2271 nasci
406 2235 718 2282 praecinentium.
1006 2234 1179 2271 Iucunda
1211 2233 1433 2281 generatio?

523 2328 562 2364 5.
594 2326 654 2363 Da
686 2325 794 2362 nobis
827 2335 929 2373 ergo,
963 2324 1127 2372 domina,

597 2383 731 2420 Ortum
763 2387 866 2419 tuum
900 2382 956 2418 sic
988 2382 1125 2430 colere,

595 2439 647 2477 Ut
681 2443 811 2475 nostra
843 2439 968 2476 solvas
1001 2439 1160 2475 crimina

594 2496 675 2533 Tuo
708 2496 770 2544 pio
802 2495 1031 2542 precamine.

196 2570 231 2612 1,
261 2572 283 2604 4
317 2575 472 2606 nascitur
496 2575 534 2607 C.
565 2591 609 2595 —
641 2571 679 2612 2,
712 2571 733 2604 2
758 2574 926 2606 Praestiti
952 2574 989 2606 C.
1015 2591 1058 2595 —
1084 2573 1182 2605 Nach
1207 2576 1273 2605 Str.
1301 2572 1321 2604 5
1357 2574 1415 2606 liat
1449 2586 1514 2606 nur
1539 2576 1566 2606 B
1594 2575 1671 2606 eine

105 2618 243 2650 weitere
268 2619 335 2651 Str.

646 2665 700 2696 Tu
724 2664 976 2706 plasmatorum
1002 2665 1157 2696 omnium

646 2710 675 2741 O
700 2711 789 2741 mira
814 2710 1065 2751 praepolentia,

645 2757 698 2787 Tu
725 2755 825 2796 placa
850 2755 952 2787 nobis
978 2755 1097 2792 filium,

645 2801 785 2832 Referta
813 2800 918 2842 plena
950 2802 1074 2843 gratia.

196 2867 235 2898 In
269 2868 297 2899 A
334 2868 447 2902 finden
479 2870 553 2901 sich
586 2880 651 2901 nur
684 2871 768 2901 zwei
805 2869 924 2901 Zeilen
954 2870 1068 2902 dieser
1102 2869 1251 2912 §trophe
1285 2870 1337 2900 als
1365 2870 1565 2901 versiculus
1606 2868 1674 2900 und

109 2910 387 2953 Responqorium.
412 2932 456 2937 —-
480 2916 681 2957 Klemming
706 2915 751 2954 11,
781 2912 845 2948 143
870 2926 902 2947 u.
928 2915 951 2947 f.
