2031 3289
905 151 1214 192 —176—

508 266 638 304 Donec
669 269 798 303 nostra
827 264 921 302 fides
953 264 1126 301 meritum
1158 268 1373 302 succrescat
1401 265 1440 301 in
1471 265 1628 312 almum,

506 319 741 373 Plura[que],
775 332 870 368 quae
901 320 1073 366 facimus,
1106 320 1213 357 nobis
1247 321 1386 358 delicta
1416 321 1580 368 remitte,

505 380 557 417 Ut
587 379 736 416 veniam
769 378 901 415 dantes
933 378 1101 414 laxemus
1134 376 1262 414 debita
1294 375 1466 416 fratrum.

421 437 471 474 10
506 435 691 472 Naturam
721 438 890 471 nostram
921 433 1021 470 mala
1052 444 1127 470 11011
1156 433 1356 479 temptatio
1386 432 1550 480 frangat,

505 491 585 528 Nos
616 501 731 537 super
762 494 799 527 et
829 491 982 537 laqueos
1015 500 1061 526 ne
1090 489 1249 526 inducas
1281 489 1400 526 hostis
1430 489 1565 536 iniqui.

505 547 608 594 Ergo
638 547 729 583 mali
759 546 904 593 magnis
935 551 975 582 tu
1005 557 1073 583 nos
1105 543 1268 583 defende
1298 545 1465 592 periclis,

506 603 560 641 Ut
587 613 800 640 mereamur
829 603 926 639 inire
956 602 1011 639 tui
1042 602 1120 639 alta
1149 602 1199 639 ad
1229 603 1401 648 praemia
1430 601 1552 652 regni.

555 656 637 689 Ista
661 655 811 699 quidem,
841 656 954 696 lector,
982 655 1043 697 qui
1067 655 1143 696 sim,
1169 664 1338 698 cognosce
1363 654 1517 698 loquela.

375 760 459 792 Cod.
486 760 688 803 Sangallen.
713 757 779 791 869
804 769 894 790 saec.
919 756 951 790 9.
973 768 1025 789 ex.

670 938 750 974 127.
787 939 846 981 (7.)
880 938 939 973 De
970 937 1093 973 beata
1117 936 1249 972 Maria
1273 935 1454 979 Virgine.

506 1043 564 1082 Sit
594 1044 778 1081 Dominus
807 1046 943 1088 tecum,
975 1053 1126 1089 semper
1155 1045 1220 1079 tua
1250 1041 1372 1088 gratia
1402 1051 1563 1090 mecum,-

562 1100 674 1138 Pacis
706 1104 743 1137 et
772 1100 955 1137 indicium
985 1099 1138 1146 porrige
1169 1098 1293 1145 daque
1323 1108 1485 1134 manum.

506 1158 570 1195 Ad
600 1161 638 1193 te
663 1157 883 1203 clamantes,
914 1155 1083 1194 lacrimis
1114 1159 1151 1192 et
1181 1165 1273 1192 voce
1302 1159 1502 1200 precantes

566 1214 722 1252 Auxilio
753 1217 853 1250 tutos
885 1213 1050 1259 undique
1081 1212 1202 1249 redde
1231 1215 1327 1250 tuos.

506 1270 690 1308 Exhilara
717 1270 860 1317 tristes,
893 1270 1028 1316 solare,
1061 1268 1243 1317 piissima,
1276 1266 1409 1304 flentes

561 1326 777 1373 Nostraque
807 1326 960 1363 turbata
990 1325 1128 1372 tergito
1158 1334 1272 1372 prece
1302 1327 1379 1362 tua.

373 1449 456 1482 Cod.
484 1449 685 1491 Sangallen.
711 1447 789 1481 869.
816 1458 905 1480 saec.
931 1446 962 1480 9.
988 1459 1039 1480 ex.

772 1626 854 1662 128.
890 1626 948 1670 (8.)
984 1625 1133 1670 Incipit-
1157 1626 1355 1661 Psalmus.

491 1733 607 1779 Quam
640 1732 790 1777 bonum,
825 1743 924 1781 ecce,
957 1732 1080 1779 simul,
1113 1730 1264 1779 fratres,
1297 1730 1537 1767 concorditer
1567 1740 1697 1768 omnes

493 1790 565 1827 Est
596 1789 771 1826 habitare
801 1789 898 1836 pios,
931 1789 1066 1835 capitis
1094 1799 1161 1824 ceu
1191 1787 1332 1824 vertice
1362 1786 1550 1833 quondam

493 1846 674 1892 Limpida
705 1844 861 1882 fomenti
892 1844 1054 1883 fundunt
1087 1844 1273 1881 velamina
1303 1844 1418 1890 pepli,

493 1903 654 1949 Udaque
685 1901 831 1939 roriflui
863 1902 980 1939 veluti
1012 1901 1206 1938 cacumina
1237 1901 1344 1938 collis

432 1963 453 1998 5
493 1959 661 1996 Hermon
692 1963 729 1995 et
759 1958 849 1996 Sion
881 1959 1103 1995 humescunt
1135 1958 1264 1994 rorida
1292 1957 1405 1994 rura!

490 2016 576 2053 Illic
607 2020 792 2062 perpetuo
823 2015 1021 2062 pollebunt
1050 2024 1204 2051 munere
1234 2014 1370 2060 patris,

492 2072 652 2119 Vitaque
679 2071 753 2109 fine
783 2075 892 2109 tenus
925 2072 1036 2108 durat
1065 2081 1134 2118 per
1165 2070 1316 2107 saecula
1346 2079 1488 2116 sospes.

377 2195 460 2227 Cod.
480 2195 680 2237 Sangallen.
708 2192 785 2226 869.
812 2205 901 2226 saec.
927 2193 958 2226 9.
985 2204 1036 2225 ex.
1063 2210 1106 2215 --
1132 2190 1153 2225 3
1180 2193 1390 2235 perfundunt
1416 2192 1545 2234 korrig.
1572 2192 1609 2222 in
1626 2191 1785 2223 fundunt.
1803 2207 1850 2215 —

285 2239 304 2272 5
330 2241 490 2273 Aermou.
518 2258 563 2262 —
586 2238 607 2272 6
632 2240 813 2282 pollebant
837 2240 970 2282 korrig.
997 2241 1034 2271 111
1059 2239 1251 2281 pollebunt.

569 2419 648 2455 129.
685 2419 743 2460 (9.)
778 2419 824 2453 Iu
849 2417 1030 2454 Adventu
1056 2416 1265 2452 Hlotharii
1289 2415 1566 2461 Imperatoris.

732 2525 779 2563 R.
810 2524 1024 2571 Imperator
1053 2533 1199 2570 magne,
1232 2523 1337 2560 vivas

872 2590 1022 2626 semper
1053 2584 1091 2616 et
1121 2577 1296 2616 feliciter.

428 2755 530 2787 terra
561 2749 672 2787 flores
703 2748 914 2796 proferens,
1245 2758 1377 2795 agmen
1409 2747 1469 2784 hic
1498 2746 1677 2796 fidelium,

372 2808 449 2845 Ver
479 2818 615 2844 novum
647 2810 866 2853 praesentat
895 2811 1013 2851 aetas,
1189 2805 1318 2842 Omnis
1349 2808 1465 2853 aetas,
1498 2803 1617 2841 omnis
1647 2801 1755 2848 ordo,

304 2695 340 2734 1.
372 2695 578 2732 Innovatur
609 2697 738 2731 nostra
768 2693 888 2730 laetos
1121 2694 1156 2731 2.
1191 2691 1366 2729 Gaudeat
1398 2695 1516 2728 totum
1544 2694 1693 2728 tuorum
1984 2658 1989 2767 Ι

428 2863 513 2899 dum
553 2863 665 2900 datur
695 2867 731 2899 te
763 2873 928 2899 cernere.
1246 2861 1360 2898 corde
1392 2860 1520 2898 dicens
1552 2859 1703 2897 intimo:
1983 2771 1990 3019 ¹
