1914 3223
692 203 999 244 —481—

77 322 113 359 7.
146 319 176 358 O
208 319 395 357 Iohannes
427 318 634 364 carissime,
891 318 929 357 8.
963 317 1014 354 Ut
1044 320 1129 363 post
1162 327 1311 353 cursum
1342 316 1451 353 huius
1482 315 1583 352 vitae

144 375 354 422 Exemplar
385 374 603 423 pudicitiae,
961 372 1163 410 Gustemus
1197 373 1243 410 de
1276 384 1365 411 vera
1397 373 1486 419 vite,

144 432 306 471 Divinae
336 442 403 468 nos
435 430 656 468 elementiae
962 430 1076 467 Cuius
1109 429 1253 467 fruetus
1286 429 1525 467 dulcissimus

145 488 279 526 Custos
307 488 529 525 commenda
558 487 718 533 Mariae,
963 486 1113 524 Sanctis
1144 486 1301 524 offertur
1332 485 1516 523 manibus.

530 578 569 617 9.
603 576 736 614 Gloria
765 575 848 622 tibi,
882 576 1055 624 Domine,

605 634 674 680 Qui
704 636 814 670 natus
846 643 884 669 es
918 634 964 671 de
997 633 1155 680 virgine,

606 692 699 729 Cum
731 693 841 736 patre
872 693 910 726 et
939 693 1069 727 sancto
1096 689 1233 737 spiritu

610 748 650 784 In
682 746 914 793 sempiterna
945 747 1107 785 saecula.

61 836 475 915 1607'1'lffmggssMalleoli
500 836 542 868 de
560 837 704 877 Kempis
722 835 837 878 Opera
863 836 980 867 omnia
997 835 1048 866 ed.
1068 836 1113 866 H.
1135 835 1355 867 Sommalius.
1394 835 1627 877 Antwerpiae.

151 905 158 913 .
221 906 228 922 ,
346 892 396 923 sq.

162 1014 245 1051 465.
283 1015 364 1058 (10.)
402 1015 576 1059 Hymnus
601 1015 648 1049 ‹le
675 1013 869 1049 Passione
894 1013 1055 1048 Domini
1080 1013 1213 1049 nostri
1239 1014 1329 1049 Iesu
1356 1013 1524 1050 Christi.

77 1099 111 1137 1.
142 1098 240 1135 Tota
271 1098 349 1135 vita
379 1099 466 1136 Iesu
497 1097 640 1136 Christi
921 1099 959 1137 6.
992 1096 1109 1134 Serve
1140 1107 1256 1146 meus,
1290 1108 1350 1133 me
1381 1097 1543 1145 respice,

142 1154 243 1192 Crux
275 1153 345 1191 fuit
378 1159 415 1191 et
445 1155 681 1202 martyrium,
989 1155 1087 1200 Quot
1117 1154 1260 1200 sumpsi
1292 1155 1449 1191 vulnera
1478 1164 1548 1200 pro
1574 1156 1626 1204 te,

143 1211 254 1248 Hunc
282 1212 387 1258 sequi
419 1222 526 1248 suum
559 1211 750 1248 servulum
992 1210 1111 1247 Stude
1143 1211 1262 1247 vicem
1294 1211 1519 1258 rependere,

139 1267 261 1306 Decet
292 1278 361 1315 per
391 1268 465 1305 iter
495 1278 685 1314 asperum.
990 1267 1169 1312 Quamvis
1199 1267 1337 1314 impari
1369 1268 1549 1314 pondere.

73 1360 110 1397 2.
142 1358 291 1396 Memor
321 1369 398 1408 ero,
431 1358 611 1405 quamdiu
641 1369 736 1406 sum,
921 1358 956 1396 7.
989 1359 1180 1404 Prospera
1211 1358 1343 1395 mundi
1374 1357 1540 1404 despice,

144 1414 304 1453 Laboris
336 1419 449 1462 atque
482 1415 663 1464 dolorum,
988 1415 1165 1453 Adversa
1195 1414 1318 1451 libens
1346 1415 1509 1464 suscipe,

139 1472 239 1518 Quos
271 1472 388 1519 lesus,
421 1482 524 1509 meus
555 1471 751 1518 Dominus,
989 1472 1139 1509 Mecum
1172 1471 1209 1508 in
1242 1482 1354 1508 cruce
1384 1481 1544 1519 morere,

142 1528 272 1566 Gessit
301 1528 340 1565 in
372 1539 485 1566 carne
515 1529 674 1576 positus.
989 1528 1040 1567 Ut
1071 1528 1164 1564 mihi
1195 1538 1310 1575 queas
1341 1528 1483 1566 vivere.

73 1619 110 1658 3.
143 1618 274 1657 Passio
305 1622 382 1666 tua,
416 1618 590 1665 Domine,
921 1619 959 1659 8.
991 1618 1022 1657 Ο
1054 1620 1152 1665 Iesu,
1185 1617 1369 1665 splendor
1398 1619 1542 1666 gloriae

142 1675 263 1712 Facta
295 1679 352 1712 est
381 1686 511 1712 amara
541 1675 676 1725 valde3
991 1675 1042 1712 Et
1074 1686 1160 1722 spes
1191 1673 1342 1712 futurae
1372 1676 1533 1722 patriae,

143 1732 173 1770 Ο
206 1737 386 1778 quantum
419 1742 478 1768 me
510 1732 692 1780 dilexisti,
991 1732 1139 1778 Quanto
1169 1743 1240 1779 pro
1270 1743 1329 1769 me
1360 1743 1399 1769 es
1434 1732 1554 1779 vilior,

143 1789 236 1826 Cum
269 1799 338 1835 pro
369 1800 428 1825 me
458 1794 617 1826 mortem
648 1788 804 1827 subisti!
991 1789 1114 1826 Tanto
1144 1788 1235 1825 mihi
1268 1799 1306 1826 es
1339 1789 1474 1828 carior.

73 1879 112 1918 4.
144 1878 301 1926 Semper
332 1890 435 1926 crux,
470 1880 580 1925 clavi,
612 1880 758 1928 lancea,
920 1881 958 1918 9.
990 1879 1140 1916 Pudeat
1170 1890 1270 1916 nunc
1300 1879 1369 1916 sub
1401 1879 1527 1928 capite

144 1936 227 1979 Fel,
260 1936 407 1973 arundo
438 1947 520 1973 cum
553 1936 724 1984 spongia,
992 1935 1150 1982 Spinato
1181 1935 1390 1973 membrum
1421 1936 1601 1986 gaudere,

146 1994 278 2041 Sputa,
311 2003 449 2030 corona
480 1993 614 2041 spinea
992 1993 1085 2031 Cum
1118 1996 1156 2029 et
1185 2004 1315 2030 amara
1346 1992 1478 2030 bibere

142 2049 193 2086 Et
225 2049 309 2087 dira
339 2054 403 2087 tua
436 2050 592 2088 vulnera
992 2050 1121 2087 Voluit
1151 2050 1326 2087 conditor
1357 2050 1469 2088 vitae.

75 2141 112 2178 5.
143 2139 261 2178 Cordi
290 2150 373 2177 meo
405 2140 481 2177 sint
511 2140 627 2178 infixa
894 2141 959 2180 10.
993 2140 1051 2178 Sit
1079 2140 1173 2183 laus,
1207 2140 1339 2186 honor,
1373 2140 1523 2178 devotio

145 2196 194 2233 Et
224 2196 263 2233 in
294 2197 477 2234 memoria
506 2198 663 2244 scripta,
991 2198 1091 2243 Iesu,
1124 2196 1272 2234 Mariae
1303 2196 1395 2244 filio,

149 2252 243 2290 Nam
275 2258 363 2290 sunt
391 2253 530 2291 amoris
561 2254 738 2302 stigmata
991 2254 1115 2291 Tenso
1147 2254 1269 2290 crucis
1301 2254 1471 2300 patibulo

149 2309 359 2356 Sponsique
389 2321 516 2347 murra
546 2312 678 2351 electa,
996 2311 1068 2348 Pro
1100 2310 1322 2347 redimendo
1354 2311 1506 2357 popu10.

151 2398 246 2430 Orat.
272 2410 332 2431 ms.
360 2399 566 2432 Carthusiae
588 2401 768 2432 Colonien.
794 2410 884 2432 saec.
912 2398 964 2432 15.
1016 2400 1100 2432 Cod.
1119 2399 1288 2431 Colonien
1325 2397 1379 2432 28.
1397 2399 1438 2432 A.
1462 2416 1507 2420 —-
1532 2398 1627 2430 Orat.

61 2453 123 2474 ms.
149 2443 361 2485 Tegurinum
397 2446 480 2476 anni
513 2444 610 2477 1500.
668 2445 753 2477 Clm.
786 2446 968 2478 Monacen.
1001 2444 1130 2477 20015.
1158 2446 1195 2477 Β.
1224 2463 1266 2467 -—
1291 2445 1445 2476 Thomae
1470 2443 1629 2476 Malleoli

60 2487 102 2520 de
122 2488 265 2530 Kempis
291 2491 406 2531 Opera
430 2492 557 2522 Omnia
583 2491 633 2523 ed.
666 2493 710 2523 H.
729 2491 951 2524 sommalius.
995 2491 1216 2532 Antwerpiae
1244 2488 1341 2522 1607.
1360 2491 1406 2528 ΙΙ,
1431 2488 1508 2522 595.
1529 2491 1565 2522 C.
1584 2505 1629 2511 -

62 2529 92 2571 2,
118 2531 138 2564 2
161 2534 336 2566 Laborum
362 2536 411 2577 C,
431 2536 562 2568 doloris
588 2538 626 2568 B.
647 2555 688 2559 —
715 2536 746 2577 3,
777 2535 797 2568 2
827 2536 957 2569 Sancta
982 2540 1035 2568 est
1061 2537 1100 2569 A.
1125 2553 1168 2557 —
1193 2534 1225 2574 4,
1251 2534 1272 2567 4
1297 2537 1344 2568 Et
1368 2536 1455 2567 dura
1483 2536 1521 2566 Β.

83 2665 164 2703 46⁸.
200 2651 280 2711 (11.)
316 2669 489 2713 Hymnus
514 2670 561 2705 de
588 2671 676 2706 Iesu
703 2671 743 2705 et
770 2670 902 2706 Maria.
928 2670 969 2705 et
997 2670 1149 2705 sanctis
1175 2669 1363 2714 patronis
1389 2669 1600 2707 ecclesiae.

84 2749 120 2788 1.
150 2750 180 2788 Ο
211 2751 296 2788 Iesu
327 2753 379 2789 mi
410 2753 636 2801 dulcissime,
893 2756 930 2793 2,
965 2754 1103 2798 Maria,
1136 2754 1187 2789 sis
1219 2753 1396 2801 propitia,

149 2806 243 2852 Spes
273 2812 311 2844 et
340 2809 507 2846 solamen
539 2810 696 2859 animae,
964 2810 1101 2858 Maria,
1137 2811 1221 2847 dele
1252 2810 1356 2857 vitia,

150 2861 209 2900 Da
239 2863 329 2900 mihi
360 2869 396 2901 te
429 2866 586 2913 diligere
966 2866 1152 2904 Succurre
1183 2867 1291 2903 nobis
1323 2866 1482 2915 miseris,

81 2949 85 2952 .
152 2918 201 2955 Et
235 2924 341 2958 extra
371 2925 408 2958 te
440 2921 492 2960 nil
523 2933 718 2969 quaerere.
966 2922 1139 2960 Defende
1171 2934 1238 2960 nos
1270 2923 1316 2960 ab
1348 2922 1492 2961 inferis

133 2985 293 3021 Dreves,
321 2989 568 3024 Hymnographi
590 2991 708 3018 Latini.
749 2991 772 3017 1.
1378 2987 1419 3020 31
