<?xml version="1.0" encoding="UTF-8"?>
<!DOCTYPE html PUBLIC "-//W3C//DTD XHTML 1.0 Transitional//EN"
    "http://www.w3.org/TR/xhtml1/DTD/xhtml1-transitional.dtd">
<html xmlns="http://www.w3.org/1999/xhtml" xml:lang="en" lang="en">
 <head>
  <title>
</title>
<meta http-equiv="Content-Type" content="text/html;charset=utf-8" />
  <meta name='ocr-system' content='tesseract 3.04.00' />
  <meta name='ocr-capabilities' content='ocr_page ocr_carea ocr_par ocr_line ocrx_word'/>
</head>
<body>
  <div class='ocr_page' id='page_1' title='image "./hymnographilatin01drevuoft_0497.png"; bbox 0 0 1914 3223; ppageno 0'>
   <div class='ocr_carea' id='block_1_1' title="bbox 746 167 1050 208">
    <p class='ocr_par' dir='ltr' id='par_1_1' title="bbox 746 167 1050 208">
     <span class='ocr_line' id='line_1_1' title="bbox 746 167 1050 208; baseline 0 0"><span class='ocrx_word' id='word_1_1' title='bbox 746 190 798 195; x_wconf 82' lang='lat'>—</span> <span class='ocrx_word' id='word_1_2' title='bbox 855 167 933 208; x_wconf 77' lang='lat'><strong>491</strong></span> <span class='ocrx_word' id='word_1_3' title='bbox 996 190 1050 196; x_wconf 89' lang='lat'>—</span> 
     </span>
    </p>
   </div>
   <div class='ocr_carea' id='block_1_2' title="bbox 212 333 1587 380">
    <p class='ocr_par' dir='ltr' id='par_1_2' title="bbox 212 333 1587 380">
     <span class='ocr_line' id='line_1_2' title="bbox 212 333 1587 380; baseline 0.002 -10"><span class='ocrx_word' id='word_1_4' title='bbox 212 334 295 373; x_wconf 83' lang='lat'><strong>475.</strong></span> <span class='ocrx_word' id='word_1_5' title='bbox 331 333 411 377; x_wconf 86' lang='lat'>(18.)</span> <span class='ocrx_word' id='word_1_6' title='bbox 446 334 491 369; x_wconf 88' lang='lat' dir='ltr'><strong>In</strong></span> <span class='ocrx_word' id='word_1_7' title='bbox 515 334 701 370; x_wconf 81' lang='lat' dir='ltr'><strong>absentia</strong></span> <span class='ocrx_word' id='word_1_8' title='bbox 726 334 863 379; x_wconf 84' lang='lat' dir='ltr'><strong>sponsi</strong></span> <span class='ocrx_word' id='word_1_9' title='bbox 890 335 1072 380; x_wconf 83' lang='lat' dir='ltr'><strong>tempore</strong></span> <span class='ocrx_word' id='word_1_10' title='bbox 1097 335 1379 372; x_wconf 85' lang='lat' dir='ltr'><strong>tribulationis</strong></span> <span class='ocrx_word' id='word_1_11' title='bbox 1405 337 1587 380; x_wconf 71' lang='lat' dir='ltr'><strong>hymnus.</strong></span> 
     </span>
    </p>
   </div>
   <div class='ocr_carea' id='block_1_3' title="bbox 404 450 1303 667">
    <p class='ocr_par' dir='ltr' id='par_1_3' title="bbox 404 450 1303 667">
     <span class='ocr_line' id='line_1_3' title="bbox 404 450 1214 500; baseline 0 -12"><span class='ocrx_word' id='word_1_12' title='bbox 404 452 439 490; x_wconf 81' lang='lat'><strong>1,</strong></span> <span class='ocrx_word' id='word_1_13' title='bbox 471 451 502 489; x_wconf 93' lang='grc' dir='ltr'>Ο</span> <span class='ocrx_word' id='word_1_14' title='bbox 533 461 643 498; x_wconf 83' lang='lat' dir='ltr'><strong>quam</strong></span> <span class='ocrx_word' id='word_1_15' title='bbox 676 450 886 498; x_wconf 84' lang='lat' dir='ltr'><strong>glorificum</strong></span> <span class='ocrx_word' id='word_1_16' title='bbox 918 451 1037 488; x_wconf 88' lang='lat' dir='ltr'><strong>solum</strong></span> <span class='ocrx_word' id='word_1_17' title='bbox 1069 452 1214 500; x_wconf 78' lang='lat' dir='ltr'><strong>sedere,</strong></span> 
     </span>
     <span class='ocr_line' id='line_1_4' title="bbox 473 506 1190 558; baseline -0.001 -13"><span class='ocrx_word' id='word_1_18' title='bbox 473 506 619 554; x_wconf 88' lang='lat' dir='ltr'>Corque</span> <span class='ocrx_word' id='word_1_19' title='bbox 650 507 848 554; x_wconf 84' lang='lat' dir='ltr'><strong>pacificum</strong></span> <span class='ocrx_word' id='word_1_20' title='bbox 880 518 1006 544; x_wconf 88' lang='lat' dir='ltr'><strong>secum</strong></span> <span class='ocrx_word' id='word_1_21' title='bbox 1040 507 1190 558; x_wconf 82' lang='lat' dir='ltr'><strong>habere,</strong></span> 
     </span>
     <span class='ocr_line' id='line_1_5' title="bbox 471 563 1303 611; baseline 0 -9"><span class='ocrx_word' id='word_1_22' title='bbox 471 563 658 610; x_wconf 85' lang='lat' dir='ltr'><strong>Sponsum</strong></span> <span class='ocrx_word' id='word_1_23' title='bbox 690 574 761 611; x_wconf 83' lang='lat' dir='ltr'><strong>per</strong></span> <span class='ocrx_word' id='word_1_24' title='bbox 790 565 985 611; x_wconf 87' lang='lat' dir='ltr'><strong>speculum</strong></span> <span class='ocrx_word' id='word_1_25' title='bbox 1016 569 1141 601; x_wconf 90' lang='lat' dir='ltr'><strong>mente</strong></span> <span class='ocrx_word' id='word_1_26' title='bbox 1173 565 1303 602; x_wconf 89' lang='lat' dir='ltr'><strong>videre</strong></span> 
     </span>
     <span class='ocr_line' id='line_1_6' title="bbox 474 620 1291 667; baseline 0 -10"><span class='ocrx_word' id='word_1_27' title='bbox 474 620 607 667; x_wconf 88' lang='lat' dir='ltr'>Neque</span> <span class='ocrx_word' id='word_1_28' title='bbox 638 621 869 658; x_wconf 90' lang='lat' dir='ltr'><strong>contrarium</strong></span> <span class='ocrx_word' id='word_1_29' title='bbox 901 621 1106 667; x_wconf 72' lang='lat' dir='ltr'><strong>quidquam</strong></span> <span class='ocrx_word' id='word_1_30' title='bbox 1138 622 1291 658; x_wconf 82' lang='lat' dir='ltr'><strong>timere!</strong></span> 
     </span>
    </p>
   </div>
   <div class='ocr_carea' id='block_1_4' title="bbox 401 732 1275 950">
    <p class='ocr_par' dir='ltr' id='par_1_4' title="bbox 401 732 1275 950">
     <span class='ocr_line' id='line_1_7' title="bbox 401 732 1166 783; baseline 0 -12"><span class='ocrx_word' id='word_1_31' title='bbox 401 735 437 773; x_wconf 85' lang='lat'><strong>2.</strong></span> <span class='ocrx_word' id='word_1_32' title='bbox 469 732 721 779; x_wconf 85' lang='lat' dir='ltr'><strong>Experientia</strong></span> <span class='ocrx_word' id='word_1_33' title='bbox 751 733 845 770; x_wconf 81' lang='lat' dir='ltr'><strong>haec</strong></span> <span class='ocrx_word' id='word_1_34' title='bbox 875 733 1032 770; x_wconf 89' lang='lat' dir='ltr'><strong>multum</strong></span> <span class='ocrx_word' id='word_1_35' title='bbox 1065 744 1166 783; x_wconf 87' lang='lat' dir='ltr'><strong>cara,</strong></span> 
     </span>
     <span class='ocr_line' id='line_1_8' title="bbox 469 789 1275 838; baseline 0 -11"><span class='ocrx_word' id='word_1_36' title='bbox 469 789 567 838; x_wconf 86' lang='lat' dir='ltr'><strong>Heu,</strong></span> <span class='ocrx_word' id='word_1_37' title='bbox 600 789 739 836; x_wconf 88' lang='lat' dir='ltr'><strong>brevis,</strong></span> <span class='ocrx_word' id='word_1_38' title='bbox 772 790 921 827; x_wconf 86' lang='lat' dir='ltr'><strong>modica</strong></span> <span class='ocrx_word' id='word_1_39' title='bbox 951 791 1136 837; x_wconf 83' lang='lat' dir='ltr'><strong>nimisque</strong></span> <span class='ocrx_word' id='word_1_40' title='bbox 1168 793 1275 828; x_wconf 79' lang='lat' dir='ltr'><strong>rara!</strong></span> 
     </span>
     <span class='ocr_line' id='line_1_9' title="bbox 468 845 1206 891; baseline 0.001 -8"><span class='ocrx_word' id='word_1_41' title='bbox 468 845 636 883; x_wconf 91' lang='lat' dir='ltr'><strong>Grandis</strong></span> <span class='ocrx_word' id='word_1_42' title='bbox 668 846 803 884; x_wconf 85' lang='lat' dir='ltr'><strong>militia</strong></span> <span class='ocrx_word' id='word_1_43' title='bbox 835 847 913 883; x_wconf 82' lang='lat' dir='ltr'><strong>vita</strong></span> <span class='ocrx_word' id='word_1_44' title='bbox 943 857 1030 883; x_wconf 89' lang='lat' dir='ltr'><strong>nam</strong></span> <span class='ocrx_word' id='word_1_45' title='bbox 1063 851 1206 891; x_wconf 86' lang='lat' dir='ltr'><strong>nostra,</strong></span> 
     </span>
     <span class='ocr_line' id='line_1_10' title="bbox 468 902 1243 950; baseline 0.003 -11"><span class='ocrx_word' id='word_1_46' title='bbox 468 903 548 949; x_wconf 86' lang='lat' dir='ltr'><strong>Qua</strong></span> <span class='ocrx_word' id='word_1_47' title='bbox 579 903 679 940; x_wconf 82' lang='lat' dir='ltr'><strong>mala</strong></span> <span class='ocrx_word' id='word_1_48' title='bbox 710 903 874 949; x_wconf 86' lang='lat' dir='ltr'><strong>plurima</strong></span> <span class='ocrx_word' id='word_1_49' title='bbox 905 902 1076 950; x_wconf 90' lang='lat' dir='ltr'><strong>bonaque</strong></span> <span class='ocrx_word' id='word_1_50' title='bbox 1108 909 1243 950; x_wconf 82' lang='lat' dir='ltr'><strong>pauca.</strong></span> 
     </span>
    </p>
   </div>
   <div class='ocr_carea' id='block_1_5' title="bbox 400 1016 1315 1234">
    <p class='ocr_par' dir='ltr' id='par_1_5' title="bbox 400 1016 1315 1234">
     <span class='ocr_line' id='line_1_11' title="bbox 400 1016 1196 1064; baseline -0.001 -10"><span class='ocrx_word' id='word_1_51' title='bbox 400 1018 436 1054; x_wconf 85' lang='lat'><strong>3.</strong></span> <span class='ocrx_word' id='word_1_52' title='bbox 469 1017 564 1064; x_wconf 82' lang='lat' dir='ltr'><strong>Quia</strong></span> <span class='ocrx_word' id='word_1_53' title='bbox 594 1016 775 1063; x_wconf 82' lang='lat' dir='ltr'><strong>iniquitas</strong></span> <span class='ocrx_word' id='word_1_54' title='bbox 808 1017 966 1053; x_wconf 86' lang='lat' dir='ltr'><strong>multum</strong></span> <span class='ocrx_word' id='word_1_55' title='bbox 994 1018 1196 1063; x_wconf 72' lang='lat' dir='ltr'><strong>excrescit,</strong></span> 
     </span>
     <span class='ocr_line' id='line_1_12' title="bbox 469 1072 1207 1120; baseline 0 -10"><span class='ocrx_word' id='word_1_56' title='bbox 469 1072 637 1111; x_wconf 83' lang='lat' dir='ltr'><strong>Fervida</strong></span> <span class='ocrx_word' id='word_1_57' title='bbox 670 1074 822 1118; x_wconf 81' lang='lat' dir='ltr'><strong>caritas,</strong></span> <span class='ocrx_word' id='word_1_58' title='bbox 854 1073 940 1120; x_wconf 89' lang='lat' dir='ltr'><strong>heu,</strong></span> <span class='ocrx_word' id='word_1_59' title='bbox 973 1072 1207 1120; x_wconf 83' lang='lat' dir='ltr'><strong>refrigescit3</strong></span> 
     </span>
     <span class='ocr_line' id='line_1_13' title="bbox 468 1129 1315 1178; baseline 0.001 -11"><span class='ocrx_word' id='word_1_60' title='bbox 468 1129 569 1167; x_wconf 87' lang='lat' dir='ltr'><strong>Hinc</strong></span> <span class='ocrx_word' id='word_1_61' title='bbox 600 1130 850 1167; x_wconf 78' lang='lat' dir='ltr'><strong>contrarietas</strong></span> <span class='ocrx_word' id='word_1_62' title='bbox 882 1141 981 1167; x_wconf 86' lang='lat' dir='ltr'><strong>nunc</strong></span> <span class='ocrx_word' id='word_1_63' title='bbox 1012 1131 1315 1178; x_wconf 82' lang='lat' dir='ltr'><strong>circumquaque,</strong></span> 
     </span>
     <span class='ocr_line' id='line_1_14' title="bbox 469 1185 1180 1234; baseline 0.003 -11"><span class='ocrx_word' id='word_1_64' title='bbox 469 1187 576 1224; x_wconf 86' lang='lat' dir='ltr'><strong>Intus</strong></span> <span class='ocrx_word' id='word_1_65' title='bbox 608 1186 808 1232; x_wconf 85' lang='lat' dir='ltr'><strong>timiditas,</strong></span> <span class='ocrx_word' id='word_1_66' title='bbox 843 1185 988 1224; x_wconf 87' lang='lat' dir='ltr'><strong>deforis</strong></span> <span class='ocrx_word' id='word_1_67' title='bbox 1020 1197 1180 1234; x_wconf 87' lang='lat' dir='ltr'><strong>pugnae.</strong></span> 
     </span>
    </p>
   </div>
   <div class='ocr_carea' id='block_1_6' title="bbox 398 1300 1371 1517">
    <p class='ocr_par' dir='ltr' id='par_1_6' title="bbox 398 1300 1371 1517">
     <span class='ocr_line' id='line_1_15' title="bbox 398 1300 1208 1347; baseline 0 -10"><span class='ocrx_word' id='word_1_68' title='bbox 398 1303 434 1338; x_wconf 75' lang='lat'><strong>4.</strong></span> <span class='ocrx_word' id='word_1_69' title='bbox 467 1300 545 1338; x_wconf 89' lang='lat' dir='ltr'><strong>Cur</strong></span> <span class='ocrx_word' id='word_1_70' title='bbox 575 1300 666 1336; x_wconf 86' lang='lat' dir='ltr'><strong>mihi</strong></span> <span class='ocrx_word' id='word_1_71' title='bbox 699 1300 838 1337; x_wconf 89' lang='lat' dir='ltr'><strong>misero</strong></span> <span class='ocrx_word' id='word_1_72' title='bbox 869 1300 933 1337; x_wconf 82' lang='lat' dir='ltr'><strong>lux</strong></span> <span class='ocrx_word' id='word_1_73' title='bbox 966 1304 1023 1337; x_wconf 86' lang='lat' dir='ltr'><strong>est</strong></span> <span class='ocrx_word' id='word_1_74' title='bbox 1054 1301 1208 1347; x_wconf 85' lang='lat' dir='ltr'><strong>collata,</strong></span> 
     </span>
     <span class='ocr_line' id='line_1_16' title="bbox 469 1355 1143 1404; baseline 0 -10"><span class='ocrx_word' id='word_1_75' title='bbox 469 1356 536 1394; x_wconf 91' lang='lat' dir='ltr'><strong>Cui</strong></span> <span class='ocrx_word' id='word_1_76' title='bbox 568 1355 738 1404; x_wconf 85' lang='lat' dir='ltr'><strong>afflictio,</strong></span> <span class='ocrx_word' id='word_1_77' title='bbox 771 1357 855 1401; x_wconf 84' lang='lat' dir='ltr'><strong>heu,</strong></span> <span class='ocrx_word' id='word_1_78' title='bbox 892 1357 1143 1401; x_wconf 77' lang='lat' dir='ltr'><strong>cummulata3</strong></span> 
     </span>
     <span class='ocr_line' id='line_1_17' title="bbox 467 1412 1371 1462; baseline 0.002 -13"><span class='ocrx_word' id='word_1_79' title='bbox 467 1412 655 1459; x_wconf 81' lang='lat' dir='ltr'><strong>Quidnam</strong></span> <span class='ocrx_word' id='word_1_80' title='bbox 685 1413 724 1450; x_wconf 94' lang='lat' dir='ltr'><strong>in</strong></span> <span class='ocrx_word' id='word_1_81' title='bbox 753 1414 918 1461; x_wconf 87' lang='lat' dir='ltr'><strong>saeculo,</strong></span> <span class='ocrx_word' id='word_1_82' title='bbox 951 1425 1060 1461; x_wconf 87' lang='lat' dir='ltr'><strong>quam</strong></span> <span class='ocrx_word' id='word_1_83' title='bbox 1093 1414 1219 1461; x_wconf 84' lang='lat' dir='ltr'><strong>gravis</strong></span> <span class='ocrx_word' id='word_1_84' title='bbox 1249 1413 1371 1462; x_wconf 86' lang='lat' dir='ltr'><strong>labor,</strong></span> 
     </span>
     <span class='ocr_line' id='line_1_18' title="bbox 467 1468 1266 1517; baseline 0.001 -11"><span class='ocrx_word' id='word_1_85' title='bbox 467 1471 586 1517; x_wconf 85' lang='lat' dir='ltr'><strong>Quam</strong></span> <span class='ocrx_word' id='word_1_86' title='bbox 616 1469 813 1507; x_wconf 87' lang='lat' dir='ltr'><strong>tribulatio</strong></span> <span class='ocrx_word' id='word_1_87' title='bbox 845 1468 1097 1517; x_wconf 85' lang='lat' dir='ltr'><strong>frequensque</strong></span> <span class='ocrx_word' id='word_1_88' title='bbox 1128 1470 1266 1508; x_wconf 75' lang='lat' dir='ltr'><strong>dolor?</strong></span> 
     </span>
    </p>
   </div>
   <div class='ocr_carea' id='block_1_7' title="bbox 403 1584 1365 1802">
    <p class='ocr_par' dir='ltr' id='par_1_7' title="bbox 403 1584 1365 1802">
     <span class='ocr_line' id='line_1_19' title="bbox 403 1584 1160 1631; baseline 0 -10"><span class='ocrx_word' id='word_1_89' title='bbox 403 1587 439 1621; x_wconf 85' lang='lat'><strong>5.</strong></span> <span class='ocrx_word' id='word_1_90' title='bbox 472 1584 570 1621; x_wconf 86' lang='lat' dir='ltr'><strong>Vilis</strong></span> <span class='ocrx_word' id='word_1_91' title='bbox 601 1584 806 1631; x_wconf 87' lang='lat' dir='ltr'><strong>pulvicule‚</strong></span> <span class='ocrx_word' id='word_1_92' title='bbox 840 1595 906 1621; x_wconf 87' lang='lat' dir='ltr'><strong>cur</strong></span> <span class='ocrx_word' id='word_1_93' title='bbox 936 1585 1160 1631; x_wconf 84' lang='lat' dir='ltr'><strong>querularis,</strong></span> 
     </span>
     <span class='ocr_line' id='line_1_20' title="bbox 470 1639 1157 1678; baseline 0.001 -1"><span class='ocrx_word' id='word_1_94' title='bbox 470 1641 545 1678; x_wconf 88' lang='lat' dir='ltr'><strong>Hic</strong></span> <span class='ocrx_word' id='word_1_95' title='bbox 574 1639 785 1678; x_wconf 88' lang='lat' dir='ltr'><strong>multifarie</strong></span> <span class='ocrx_word' id='word_1_96' title='bbox 817 1652 900 1678; x_wconf 90' lang='lat' dir='ltr'><strong>cum</strong></span> <span class='ocrx_word' id='word_1_97' title='bbox 930 1640 1157 1678; x_wconf 75' lang='lat' dir='ltr'><strong>tribularis?</strong></span> 
     </span>
     <span class='ocr_line' id='line_1_21' title="bbox 469 1696 1365 1746; baseline -0.001 -11"><span class='ocrx_word' id='word_1_98' title='bbox 469 1697 618 1744; x_wconf 85' lang='lat' dir='ltr'><strong>Nescis,</strong></span> <span class='ocrx_word' id='word_1_99' title='bbox 651 1698 752 1744; x_wconf 89' lang='lat' dir='ltr'><strong>quod</strong></span> <span class='ocrx_word' id='word_1_100' title='bbox 783 1696 859 1735; x_wconf 91' lang='lat' dir='ltr'><strong>otio</strong></span> <span class='ocrx_word' id='word_1_101' title='bbox 890 1709 964 1735; x_wconf 91' lang='lat' dir='ltr'><strong>non</strong></span> <span class='ocrx_word' id='word_1_102' title='bbox 994 1708 1094 1735; x_wconf 88' lang='lat' dir='ltr'><strong>nunc</strong></span> <span class='ocrx_word' id='word_1_103' title='bbox 1124 1698 1365 1746; x_wconf 87' lang='lat' dir='ltr'><strong>torpendum,</strong></span> 
     </span>
     <span class='ocr_line' id='line_1_22' title="bbox 471 1753 1183 1802; baseline 0 -11"><span class='ocrx_word' id='word_1_104' title='bbox 471 1753 545 1792; x_wconf 89' lang='lat' dir='ltr'><strong>Sed</strong></span> <span class='ocrx_word' id='word_1_105' title='bbox 578 1755 654 1802; x_wconf 92' lang='lat' dir='ltr'><strong>iugi</strong></span> <span class='ocrx_word' id='word_1_106' title='bbox 685 1754 813 1802; x_wconf 80' lang='lat' dir='ltr'><strong>gladio</strong></span> <span class='ocrx_word' id='word_1_107' title='bbox 844 1755 962 1802; x_wconf 90' lang='lat' dir='ltr'><strong>magis</strong></span> <span class='ocrx_word' id='word_1_108' title='bbox 989 1755 1183 1792; x_wconf 87' lang='lat' dir='ltr'><strong>utendum.</strong></span> 
     </span>
    </p>
   </div>
   <div class='ocr_carea' id='block_1_8' title="bbox 400 1867 1248 2077">
    <p class='ocr_par' dir='ltr' id='par_1_8' title="bbox 400 1867 1248 2077">
     <span class='ocr_line' id='line_1_23' title="bbox 400 1867 1193 1915; baseline 0 -10"><span class='ocrx_word' id='word_1_109' title='bbox 400 1868 437 1905; x_wconf 90' lang='lat'><strong>6.</strong></span> <span class='ocrx_word' id='word_1_110' title='bbox 470 1867 521 1906; x_wconf 91' lang='lat' dir='ltr'><strong>Ut</strong></span> <span class='ocrx_word' id='word_1_111' title='bbox 553 1878 684 1904; x_wconf 88' lang='lat' dir='ltr'><strong>aurum</strong></span> <span class='ocrx_word' id='word_1_112' title='bbox 715 1868 847 1914; x_wconf 89' lang='lat' dir='ltr'><strong>purius</strong></span> <span class='ocrx_word' id='word_1_113' title='bbox 878 1868 965 1915; x_wconf 87' lang='lat' dir='ltr'><strong>igne</strong></span> <span class='ocrx_word' id='word_1_114' title='bbox 995 1873 1193 1915; x_wconf 82' lang='lat' dir='ltr'><strong>purgatur,</strong></span> 
     </span>
     <span class='ocr_line' id='line_1_24' title="bbox 466 1923 1185 1974; baseline 0 -13"><span class='ocrx_word' id='word_1_115' title='bbox 466 1924 576 1961; x_wconf 90' lang='lat' dir='ltr'><strong>Meus</strong></span> <span class='ocrx_word' id='word_1_116' title='bbox 606 1925 662 1961; x_wconf 83' lang='lat' dir='ltr'><strong>sic</strong></span> <span class='ocrx_word' id='word_1_117' title='bbox 692 1923 792 1961; x_wconf 89' lang='lat' dir='ltr'><strong>filius</strong></span> <span class='ocrx_word' id='word_1_118' title='bbox 823 1935 945 1971; x_wconf 86' lang='lat' dir='ltr'><strong>poena</strong></span> <span class='ocrx_word' id='word_1_119' title='bbox 975 1924 1185 1974; x_wconf 79' lang='lat' dir='ltr'><strong>probatur3</strong></span> 
     </span>
     <span class='ocr_line' id='line_1_25' title="bbox 467 1981 1218 2030; baseline 0 -11"><span class='ocrx_word' id='word_1_120' title='bbox 467 1981 561 2029; x_wconf 89' lang='lat' dir='ltr'><strong>Ego,</strong></span> <span class='ocrx_word' id='word_1_121' title='bbox 594 1992 686 2028; x_wconf 90' lang='lat' dir='ltr'><strong>quos</strong></span> <span class='ocrx_word' id='word_1_122' title='bbox 718 1981 847 2030; x_wconf 86' lang='lat' dir='ltr'><strong>diligo,</strong></span> <span class='ocrx_word' id='word_1_123' title='bbox 879 1992 1031 2028; x_wconf 90' lang='lat' dir='ltr'><strong>semper</strong></span> <span class='ocrx_word' id='word_1_124' title='bbox 1062 1982 1218 2029; x_wconf 82' lang='lat' dir='ltr'><strong>castigo,</strong></span> 
     </span>
     <span class='ocr_line' id='line_1_26' title="bbox 467 2037 1248 2077; baseline 0.004 -3"><span class='ocrx_word' id='word_1_125' title='bbox 467 2037 550 2075; x_wconf 90' lang='lat' dir='ltr'><strong>Nec</strong></span> <span class='ocrx_word' id='word_1_126' title='bbox 579 2048 712 2075; x_wconf 89' lang='lat' dir='ltr'><strong>servus</strong></span> <span class='ocrx_word' id='word_1_127' title='bbox 745 2038 897 2076; x_wconf 90' lang='lat' dir='ltr'><strong>domino</strong></span> <span class='ocrx_word' id='word_1_128' title='bbox 928 2038 1050 2076; x_wconf 90' lang='lat' dir='ltr'><strong>maior</strong></span> <span class='ocrx_word' id='word_1_129' title='bbox 1081 2043 1137 2075; x_wconf 88' lang='lat' dir='ltr'><strong>est</strong></span> <span class='ocrx_word' id='word_1_130' title='bbox 1168 2049 1248 2077; x_wconf 89' lang='lat' dir='ltr'><strong>suo.</strong></span> 
     </span>
    </p>
   </div>
   <div class='ocr_carea' id='block_1_9' title="bbox 399 2151 418 2188">
    <p class='ocr_par' dir='ltr' id='par_1_9' title="bbox 399 2151 418 2188">
     <span class='ocr_line' id='line_1_27' title="bbox 399 2151 418 2188; textangle 90"><span class='ocrx_word' id='word_1_131' title='bbox 399 2151 418 2188; x_wconf 47' lang='lat' dir='ltr'><strong>x]</strong></span> 
     </span>
    </p>
   </div>
   <div class='ocr_carea' id='block_1_10' title="bbox 425 2150 1391 2359">
    <p class='ocr_par' dir='ltr' id='par_1_10' title="bbox 425 2150 1391 2359">
     <span class='ocr_line' id='line_1_28' title="bbox 425 2150 1166 2200; baseline -0.003 -10"><span class='ocrx_word' id='word_1_132' title='bbox 425 2180 434 2190; x_wconf 94' lang='lat'><strong><em>.</em></strong></span> <span class='ocrx_word' id='word_1_133' title='bbox 467 2151 528 2188; x_wconf 91' lang='lat' dir='ltr'><strong>An</strong></span> <span class='ocrx_word' id='word_1_134' title='bbox 559 2150 630 2187; x_wconf 87' lang='lat' dir='ltr'><strong>tibi</strong></span> <span class='ocrx_word' id='word_1_135' title='bbox 661 2151 816 2200; x_wconf 80' lang='lat' dir='ltr'><strong>excidit,</strong></span> <span class='ocrx_word' id='word_1_136' title='bbox 849 2151 952 2198; x_wconf 90' lang='lat' dir='ltr'><strong>quod</strong></span> <span class='ocrx_word' id='word_1_137' title='bbox 984 2151 1166 2198; x_wconf 89' lang='lat' dir='ltr'><strong>relegisti,</strong></span> 
     </span>
     <span class='ocr_line' id='line_1_29' title="bbox 465 2207 1391 2257; baseline 0.002 -14"><span class='ocrx_word' id='word_1_138' title='bbox 465 2207 538 2244; x_wconf 87' lang='lat' dir='ltr'><strong>Hic</strong></span> <span class='ocrx_word' id='word_1_139' title='bbox 569 2218 662 2244; x_wconf 83' lang='lat' dir='ltr'><strong>crux</strong></span> <span class='ocrx_word' id='word_1_140' title='bbox 691 2207 793 2254; x_wconf 89' lang='lat' dir='ltr'><strong>quod</strong></span> <span class='ocrx_word' id='word_1_141' title='bbox 824 2208 972 2246; x_wconf 81' lang='lat' dir='ltr'><strong>exstitit</strong></span> <span class='ocrx_word' id='word_1_142' title='bbox 1001 2212 1133 2257; x_wconf 88' lang='lat' dir='ltr'><strong>totum,</strong></span> <span class='ocrx_word' id='word_1_143' title='bbox 1167 2208 1267 2254; x_wconf 88' lang='lat' dir='ltr'><strong>quod</strong></span> <span class='ocrx_word' id='word_1_144' title='bbox 1297 2208 1391 2256; x_wconf 84' lang='lat' dir='ltr'><strong>vixi,</strong></span> 
     </span>
     <span class='ocr_line' id='line_1_30' title="bbox 467 2263 1224 2313; baseline -0.001 -12"><span class='ocrx_word' id='word_1_145' title='bbox 467 2263 592 2311; x_wconf 86' lang='lat' dir='ltr'><strong>Caput</strong></span> <span class='ocrx_word' id='word_1_146' title='bbox 620 2274 691 2301; x_wconf 88' lang='lat' dir='ltr'><strong>nec</strong></span> <span class='ocrx_word' id='word_1_147' title='bbox 720 2264 848 2313; x_wconf 85' lang='lat' dir='ltr'><strong>habui,</strong></span> <span class='ocrx_word' id='word_1_148' title='bbox 882 2275 955 2311; x_wconf 92' lang='lat' dir='ltr'><strong>quo</strong></span> <span class='ocrx_word' id='word_1_149' title='bbox 986 2265 1224 2306; x_wconf 78' lang='lat' dir='ltr'><strong>reclinarem,</strong></span> 
     </span>
     <span class='ocr_line' id='line_1_31' title="bbox 465 2320 1262 2359; baseline 0 -2"><span class='ocrx_word' id='word_1_150' title='bbox 465 2320 540 2357; x_wconf 86' lang='lat' dir='ltr'><strong>Hic</strong></span> <span class='ocrx_word' id='word_1_151' title='bbox 569 2325 702 2358; x_wconf 87' lang='lat' dir='ltr'><strong>auctor</strong></span> <span class='ocrx_word' id='word_1_152' title='bbox 731 2321 872 2358; x_wconf 84' lang='lat' dir='ltr'><strong>saeculi</strong></span> <span class='ocrx_word' id='word_1_153' title='bbox 905 2331 987 2358; x_wconf 89' lang='lat' dir='ltr'><strong>cum</strong></span> <span class='ocrx_word' id='word_1_154' title='bbox 1019 2320 1262 2359; x_wconf 75' lang='lat' dir='ltr'><strong>exsularem?</strong></span> 
     </span>
    </p>
   </div>
   <div class='ocr_carea' id='block_1_11' title="bbox 399 2434 1346 2651">
    <p class='ocr_par' dir='ltr' id='par_1_11' title="bbox 399 2434 1346 2651">
     <span class='ocr_line' id='line_1_32' title="bbox 399 2434 1153 2484; baseline -0.001 -12"><span class='ocrx_word' id='word_1_155' title='bbox 399 2435 436 2472; x_wconf 89' lang='lat'><strong>8.</strong></span> <span class='ocrx_word' id='word_1_156' title='bbox 468 2434 615 2479; x_wconf 79' lang='lat' dir='ltr'><strong>Quanto</strong></span> <span class='ocrx_word' id='word_1_157' title='bbox 644 2434 706 2471; x_wconf 92' lang='lat' dir='ltr'><strong>hic</strong></span> <span class='ocrx_word' id='word_1_158' title='bbox 737 2434 898 2481; x_wconf 87' lang='lat' dir='ltr'><strong>amplius</strong></span> <span class='ocrx_word' id='word_1_159' title='bbox 930 2434 1153 2484; x_wconf 84' lang='lat' dir='ltr'><strong>humiliaris,</strong></span> 
     </span>
     <span class='ocr_line' id='line_1_33' title="bbox 467 2489 1170 2538; baseline 0.001 -11"><span class='ocrx_word' id='word_1_160' title='bbox 467 2490 589 2528; x_wconf 88' lang='lat' dir='ltr'><strong>Tanto</strong></span> <span class='ocrx_word' id='word_1_161' title='bbox 619 2489 827 2538; x_wconf 86' lang='lat' dir='ltr'><strong>perfectius</strong></span> <span class='ocrx_word' id='word_1_162' title='bbox 857 2491 949 2528; x_wconf 91' lang='lat' dir='ltr'><strong>mihi</strong></span> <span class='ocrx_word' id='word_1_163' title='bbox 981 2491 1170 2538; x_wconf 83' lang='lat' dir='ltr'><strong>aequaris,</strong></span> 
     </span>
     <span class='ocr_line' id='line_1_34' title="bbox 467 2547 1230 2596; baseline 0 -12"><span class='ocrx_word' id='word_1_164' title='bbox 467 2547 539 2593; x_wconf 82' lang='lat' dir='ltr'><strong>Qui</strong></span> <span class='ocrx_word' id='word_1_165' title='bbox 570 2558 653 2584; x_wconf 89' lang='lat' dir='ltr'><strong>snm</strong></span> <span class='ocrx_word' id='word_1_166' title='bbox 683 2548 890 2585; x_wconf 84' lang='lat' dir='ltr'><strong>altissimus</strong></span> <span class='ocrx_word' id='word_1_167' title='bbox 922 2548 1024 2585; x_wconf 87' lang='lat' dir='ltr'><strong>Deus</strong></span> <span class='ocrx_word' id='word_1_168' title='bbox 1058 2548 1104 2585; x_wconf 91' lang='lat' dir='ltr'><strong>de</strong></span> <span class='ocrx_word' id='word_1_169' title='bbox 1135 2547 1230 2596; x_wconf 85' lang='lat' dir='ltr'><strong>Deo,</strong></span> 
     </span>
     <span class='ocr_line' id='line_1_35' title="bbox 468 2603 1346 2651; baseline 0.002 -10"><span class='ocrx_word' id='word_1_170' title='bbox 468 2603 544 2641; x_wconf 86' lang='lat' dir='ltr'><strong>Sed</strong></span> <span class='ocrx_word' id='word_1_171' title='bbox 575 2607 702 2642; x_wconf 83' lang='lat' dir='ltr'><strong>tamen</strong></span> <span class='ocrx_word' id='word_1_172' title='bbox 732 2604 907 2642; x_wconf 88' lang='lat' dir='ltr'><strong>minimus</strong></span> <span class='ocrx_word' id='word_1_173' title='bbox 935 2615 1095 2651; x_wconf 88' lang='lat' dir='ltr'><strong>nequam</strong></span> <span class='ocrx_word' id='word_1_174' title='bbox 1125 2604 1164 2641; x_wconf 89' lang='lat' dir='ltr'><strong>in</strong></span> <span class='ocrx_word' id='word_1_175' title='bbox 1195 2604 1346 2643; x_wconf 91' lang='lat' dir='ltr'><strong>mundo.</strong></span> 
     </span>
    </p>
   </div>
   <div class='ocr_carea' id='block_1_12' title="bbox 397 2717 1224 2935">
    <p class='ocr_par' dir='ltr' id='par_1_12' title="bbox 397 2717 1224 2935">
     <span class='ocr_line' id='line_1_36' title="bbox 397 2717 1113 2767; baseline 0.001 -13"><span class='ocrx_word' id='word_1_176' title='bbox 397 2717 435 2755; x_wconf 89' lang='lat'><strong>9.</strong></span> <span class='ocrx_word' id='word_1_177' title='bbox 466 2717 555 2755; x_wconf 87' lang='lat' dir='ltr'><strong>Mea</strong></span> <span class='ocrx_word' id='word_1_178' title='bbox 585 2717 796 2755; x_wconf 88' lang='lat' dir='ltr'><strong>humillima</strong></span> <span class='ocrx_word' id='word_1_179' title='bbox 826 2722 948 2755; x_wconf 90' lang='lat' dir='ltr'><strong>mater</strong></span> <span class='ocrx_word' id='word_1_180' title='bbox 977 2718 1113 2767; x_wconf 85' lang='lat' dir='ltr'><strong>Maria,</strong></span> 
     </span>
     <span class='ocr_line' id='line_1_37' title="bbox 466 2773 1115 2822; baseline 0.002 -12"><span class='ocrx_word' id='word_1_181' title='bbox 466 2773 639 2811; x_wconf 88' lang='lat' dir='ltr'><strong>Omnium</strong></span> <span class='ocrx_word' id='word_1_182' title='bbox 671 2774 804 2813; x_wconf 85' lang='lat' dir='ltr'><strong>ultima</strong></span> <span class='ocrx_word' id='word_1_183' title='bbox 834 2774 895 2811; x_wconf 90' lang='lat' dir='ltr'><strong>hic</strong></span> <span class='ocrx_word' id='word_1_184' title='bbox 925 2779 1115 2822; x_wconf 84' lang='lat' dir='ltr'><strong>reputata,</strong></span> 
     </span>
     <span class='ocr_line' id='line_1_38' title="bbox 464 2830 1224 2881; baseline 0 -14"><span class='ocrx_word' id='word_1_185' title='bbox 464 2830 613 2877; x_wconf 80' lang='lat' dir='ltr'><strong>Quanta</strong></span> <span class='ocrx_word' id='word_1_186' title='bbox 642 2841 741 2868; x_wconf 89' lang='lat' dir='ltr'><strong>nunc</strong></span> <span class='ocrx_word' id='word_1_187' title='bbox 769 2831 890 2878; x_wconf 87' lang='lat' dir='ltr'><strong>gloria</strong></span> <span class='ocrx_word' id='word_1_188' title='bbox 921 2836 979 2868; x_wconf 88' lang='lat' dir='ltr'><strong>est</strong></span> <span class='ocrx_word' id='word_1_189' title='bbox 1009 2830 1224 2881; x_wconf 86' lang='lat' dir='ltr'><strong>sublimata,</strong></span> 
     </span>
     <span class='ocr_line' id='line_1_39' title="bbox 463 2886 1190 2935; baseline -0.001 -11"><span class='ocrx_word' id='word_1_190' title='bbox 463 2886 538 2924; x_wconf 87' lang='lat' dir='ltr'><strong>Hic</strong></span> <span class='ocrx_word' id='word_1_191' title='bbox 568 2897 638 2934; x_wconf 89' lang='lat' dir='ltr'><strong>per</strong></span> <span class='ocrx_word' id='word_1_192' title='bbox 666 2888 842 2935; x_wconf 88' lang='lat' dir='ltr'><strong>poenalia.</strong></span> <span class='ocrx_word' id='word_1_193' title='bbox 870 2892 975 2925; x_wconf 89' lang='lat' dir='ltr'><strong>tanta</strong></span> <span class='ocrx_word' id='word_1_194' title='bbox 1007 2887 1190 2935; x_wconf 81' lang='lat' dir='ltr'><strong>probata!</strong></span> 
     </span>
    </p>
   </div>
  </div>
 </body>
</html>
