2031 3289
418 311 484 349 15.

415 520 481 557 16.

417 726 482 765 17.

416 935 481 973 18.

420 1144 485 1183 19.

412 1354 483 1391 20.

409 1561 477 1601 21.

413 1772 479 1810 22.

409 1981 476 2018 23.

410 2184 476 2221 24.

410 2388 476 2426 25.

411 2590 475 2627 26.

408 2793 473 2829 27.

901 193 1206 234 -372-

530 310 602 356 Qui
633 319 749 357 genus
781 319 889 345 omne
921 307 1044 346 Chore
1075 312 1214 354 puncto
1245 305 1339 343 facis
1369 307 1478 343 unius
1509 306 1636 354 horae,

528 366 613 403 Hoc
643 365 748 402 obitu
781 365 927 411 dignos,
960 367 1100 401 terram
1133 363 1287 400 sorbere
1317 363 1512 411 malignos,

528 423 659 460 Disice
690 421 861 467 placatus
893 420 1014 457 nostri
1045 430 1160 466 genus
1191 430 1300 456 omne
1330 424 1470 457 reatus,

529 518 598 563 Qui
633 517 792 553 Phinees
823 516 881 553 ira
911 515 1068 562 propria
1099 515 1302 562 requiescis
1333 515 1380 552 ab
1412 516 1470 552 ira

528 574 580 610 Et
610 583 779 610 removes
809 572 971 619 plagam,
1006 571 1112 608 dedit
1141 577 1182 608 ut
1211 582 1342 608 manus
1373 571 1521 608 aemula
1550 570 1713 621 plagam,

531 629 701 667 Vulnera
731 634 945 665 nostrarum
977 639 1069 665 sana
1099 628 1282 666 miserans
1313 627 1535 665 animarum.

529 726 583 764 Ut
613 725 711 761 male
741 728 961 771 pergentem
992 734 1062 770 per
1091 723 1245 760 asellam
1277 722 1394 760 verba
1424 724 1648 773 loquentem,

530 781 638 827 Quod
669 781 848 827 populum
882 781 1025 828 vendit,
1057 780 1212 816 Balaam
1244 784 1308 816 tua
1339 790 1410 816 vox
1443 779 1699 826 reprehendit,

530 838 593 875 Sic
623 838 723 874 mala
753 837 876 873 vitare
908 837 1045 873 doceas
1076 847 1143 873 nos
1174 841 1209 872 et
1241 846 1434 882 superare.

528 933 599 980 Qui
628 944 755 970 muros
785 932 933 969 Iericho
963 932 1032 969 sub
1066 933 1174 968 Iosue
1206 930 1351 978 frangis
1383 932 1503 968 amico

528 989 682 1029 Civibus
713 994 750 1026 et
780 989 902 1025 turbis
934 989 1070 1025 deletis
1100 988 1202 1024 illius
1233 988 1350 1037 urbis„

527 1046 717 1084 Duritiam
749 1045 875 1082 cordis
905 1045 1017 1082 tollas
1049 1050 1084 1081 et
1118 1045 1276 1081 crimina
1307 1044 1442 1083 sordis.

531 1143 601 1188 Qui
632 1141 727 1179 facis
758 1145 909 1178 exertos
940 1141 1115 1178 Deborae
1146 1151 1214 1187 per
1244 1140 1345 1178 bella
1374 1141 1549 1189 lacertos,

527 1200 718 1245 Tempora
747 1208 816 1244 per
846 1198 996 1235 Sisarae
1027 1208 1122 1244 quae
1153 1197 1298 1234 clavum
1330 1196 1411 1234 fixit
1445 1208 1585 1245 amare,

523 1255 720 1302 Expedias
751 1259 869 1301 actus,
901 1259 1031 1291 noster
1061 1254 1174 1290 cadat
1203 1253 1322 1290 hostis
1354 1253 1524 1292 abactus.

528 1351 599 1398 Qui
632 1351 705 1388 duo
735 1350 842 1396 signa
872 1349 960 1387 boni
993 1360 1177 1396 praesaga
1208 1354 1316 1387 notas
1347 1349 1531 1395 Gedeoni,

527 1408 630 1453 Quae
660 1407 771 1444 simul
801 1417 846 1444 ac
873 1406 982 1454 vidit,
1014 1406 1168 1443 hostilia
1199 1411 1324 1442 castra
1354 1406 1503 1453 cecidit,

526 1464 640 1511 Signa
669 1462 932 1509 triumphandi
961 1462 1135 1499 zabulum
1170 1462 1278 1499 dabis
1310 1466 1346 1498 et
1375 1462 1595 1509 superandi.

522 1560 593 1607 Qui
623 1570 715 1597 nece
745 1560 954 1598 Susannam
985 1559 1122 1606 salvas,
1154 1558 1387 1595 maeroribus
1419 1560 1581 1606 Annam,

519 1617 660 1654 Natum
694 1616 786 1653 dans
816 1618 961 1654 Annae.
994 1616 1144 1662 cynicos
1176 1615 1372 1661 perdendo
1404 1615 1606 1665 Susannae,

522 1673 582 1711 Da
613 1673 782 1710 subolem
814 1673 926 1717 vitae,
959 1673 1060 1710 vitae
1092 1672 1141 1709 da
1172 1682 1288 1718 regna
1319 1672 1478 1718 cupitae.

526 1767 601 1817 Qui
633 1769 821 1806 subvertis
851 1768 953 1814 Heli,
984 1778 1030 1805 ne
1060 1768 1216 1814 iudicet,
1249 1772 1286 1804 et
1318 1767 1484 1806 Samueli

523 1826 603 1864 Das
633 1836 752 1872 puero
781 1824 859 1862 vati
891 1825 1109 1861 cathedram
1141 1824 1237 1861 vatis
1268 1824 1477 1871 reprobati,

525 1883 604 1920 Nos
634 1880 844 1919 transferre
876 1882 969 1919 velis
1000 1881 1049 1918 ad
1081 1891 1197 1928 regna
1227 1881 1282 1917 tui
1313 1880 1512 1918 Samuelis.

523 1979 591 2025 Qui
622 1978 746 2015 Saulis
778 1977 883 2014 rabie
913 1976 1039 2014 David
1070 1976 1316 2023 manibusque
1349 1976 1483 2014 Goliae

522 2034 652 2081 Eripis
684 2038 722 2070 et
750 2034 848 2071 vasti
879 2033 983 2080 regni
1015 2032 1087 2069 sibi
1117 2036 1270 2078 sceptra
1300 2033 1448 2079 locasti,

522 2092 643 2138 Eripe
672 2101 740 2127 nos
769 2090 894 2136 morti,
925 2090 1115 2127 caelorum
1144 2089 1256 2136 iunge
1288 2089 1447 2128 cohorti.

523 2181 593 2227 Qui
625 2181 699 2217 vim
731 2180 901 2218 Samsoni
934 2179 1109 2226 dederas,
1140 2189 1290 2215 sensum
1321 2178 1512 2216 Salomoni
1542 2201 1598 2205 —

522 2236 675 2276 Pacifer
705 2241 763 2273 est
792 2237 902 2281 alter,
933 2236 1065 2272 invicti
1096 2235 1244 2272 roboris
1272 2236 1371 2272 alter
1403 2258 1453 2263 —

522 2295 583 2332 Da
615 2294 756 2331 dociles
787 2303 910 2330 mores
942 2297 979 2329 et
1010 2293 1110 2329 vires
1140 2292 1354 2332 interiores.

522 2385 592 2432 Qui
623 2384 693 2421 tibi
724 2383 942 2421 Thesbitem
972 2383 1124 2429 iustum,
1156 2393 1270 2429 super
1301 2383 1426 2420 omnia
1456 2384 1596 2431 mitem,

524 2441 709 2479 Subvehis
740 2441 826 2487 igne
857 2444 939 2477 rota
970 2440 1122 2486 regione
1153 2440 1313 2476 locando
1346 2444 1500 2484 remota,

522 2498 666 2544 Culpae
695 2507 897 2543 suspensos
928 2507 995 2533 nos
1027 2506 1109 2532 esse
1139 2494 1200 2532 fac
1231 2496 1528 2542 irreprehensos,

522 2588 591 2634 Qui
625 2587 803 2633 praedam
837 2586 938 2634 ditis,
972 2596 1129 2633 puerum
1161 2597 1316 2623 revocas
1348 2586 1552 2623 Sunamitis
1579 2607 1634 2612 --

522 2644 704 2682 Reddunt
734 2643 889 2680 tartarei
921 2643 1092 2679 iuvenem
1124 2643 1268 2679 meritis
1300 2643 1466 2680 Helisaei
1500 2664 1553 2668 —

521 2702 600 2738 Nos
632 2711 653 2737 a
683 2705 840 2747 peccato
872 2699 1062 2736 redivivos
1095 2698 1307 2746 purificato.

517 2791 662 2837 Quique
691 2801 839 2826 manum
875 2789 998 2827 Iudith
1031 2789 1143 2836 regis,
1173 2794 1214 2825 ut
1244 2795 1356 2836 caput
1388 2794 1548 2835 extaque
1581 2786 1677 2825 fudit

520 2848 634 2894 Regis
665 2844 896 2889 Holofernis‚
930 2851 966 2882 et
997 2856 1079 2882 eum
1112 2845 1213 2892 turpi
1245 2855 1335 2882 nece
1365 2845 1515 2891 sternis,

523 2903 585 2940 Sic
616 2907 747 2950 vegeta
777 2908 937 2939 mentem
970 2913 1053 2938 cum
1087 2902 1268 2939 daemone
1299 2901 1398 2939 bella
1426 2905 1630 2949 gerentem.
