1914 3223
178 237 242 274 12.

171 1006 236 1045 13.

170 1781 235 1820 14.

172 2555 237 2594 15.

790 146 837 150 --
897 123 974 163 :341
1038 146 1092 150 —

275 231 474 275 Ecclesiae
505 236 758 284 principatum

274 293 409 342 Tenes,
433 294 494 340 qui
515 293 704 340 quondam
727 294 904 330 ducatum

330 350 550 398 Synagogae
581 350 748 396 tenuisti,

273 406 551 444 Antichristum
582 407 874 453 propinquatum

273 463 329 499 Tu
360 463 510 499 occides
541 462 770 499 obstinatum

328 519 476 557 Oliveto
507 519 589 556 vice
620 519 775 567 Christi,

271 576 381 613 More
412 586 562 622 semper
593 576 804 613 contrivisti

270 632 321 669 Et
354 637 529 678 potenter
560 632 731 669 deiecisti

328 688 537 735 Superbum
570 694 606 725 et
639 689 854 726 induratum

270 745 517 792 Supplicique
548 751 611 782 tuo
642 746 741 782 tristi

270 802 490 848 Benigniter
521 801 678 839 adfuisti

328 858 432 895 Dans
464 859 623 905 gratiam
646 859 694 896 ad
718 863 901 905 optatum.

270 1003 342 1044 Die
372 1006 496 1052 magni
528 1006 659 1042 iudicii

268 1061 382 1109 Signa
413 1062 468 1099 tui
499 1063 691 1109 praeconii

323 1119 446 1156 Erunt
475 1120 585 1165 clavi,
619 1130 723 1167 crux,
756 1120 900 1166 lancea,

269 1175 371 1220 Quae
402 1176 579 1213 ostendes
610 1181 648 1212 ut
680 1176 789 1223 impii

267 1231 348 1269 Sibi
381 1232 474 1279 ipsis
505 1233 578 1269 sint
613 1233 754 1270 conscii

323 1289 433 1326 Nunc
464 1289 754 1336 parvipendisse
785 1300 839 1340 ea,

265 1345 308 1382 In
340 1345 432 1383 tuba
463 1353 527 1383 tua
558 1356 673 1382 aurea

265 1401 309 1438 In
340 1413 505 1449 voceque
535 1407 733 1449 praeterea

323 1459 436 1505 Quasi
468 1460 515 1496 ad
548 1470 677 1496 vocem
708 1460 829 1496 nuntii

266 1515 392 1562 Surgit
425 1516 523 1552 mole
554 1527 738 1562 corporea

265 1572 430 1619 Quisque
464 1573 510 1609 de
541 1584 609 1610 sua
640 1571 751 1610 fovea

322 1629 411 1666 Sine
441 1629 619 1676 scrupulo
652 1630 770 1668 dubii.

267 1777 368 1829 Ergo
399 1783 540 1819 virtute
569 1787 729 1829 pensata

267 1838 347 1875 Tua
378 1843 414 1875 et
445 1840 706 1887 praecogitata

322 1896 495 1942 Aequum
526 1902 582 1933 est
612 1896 683 1932 tibi
713 1896 869 1946 servire,

267 1951 418 1999 Ubique
450 1958 507 1989 est
536 1957 600 1990 tua
631 1958 740 2000 grata

266 2009 453 2046 Memoria
485 2009 691 2057 divulgata,

322 2066 439 2112 Quam
449 2077 522 2103 non
531 2071 650 2104 tutum
661 2067 872 2104 estnescire
888 2081 898 2114 3

267 2122 486 2169 Quicunque
516 2123 597 2159 vult
627 2134 700 2160 non
731 2123 870 2171 perire,

270 2179 418 2217 Salvari
450 2179 508 2216 vel
539 2184 643 2217 recte
672 2180 729 2216 ire

323 2236 384 2273 Ad
416 2246 531 2284 regna
560 2237 657 2274 caeli
688 2240 833 2286 parata,

267 2291 342 2329 Per
372 2296 409 2328 te
439 2298 591 2339 oportet
623 2293 797 2343 transire,

267 2348 321 2385 Te
352 2348 550 2397 benignum
580 2350 762 2399 invenire,

323 2405 381 2442 Ne
419 2406 618 2443 damnetur
647 2406 695 2443 ob
726 2411 897 2454 peccata.

271 2553 453 2604 Gregorio
483 2558 662 2596 letaniam

268 2613 478 2652 Ordinante
508 2616 725 2664 propitiam,

322 2670 898 2722 Quaenuncmaim-inscribitur,

269 2726 326 2764 Ob
357 2732 503 2773 pestem
533 2728 785 2775 inguinariam

268 2783 410 2820 Romae
441 2789 650 2821 vastantem
682 2786 858 2834 patriam,

322 2839 377 2876 Te
406 2840 523 2877 visum
557 2851 639 2878 esse
670 2842 809 2889 legitur

990 667 1054 706 16.

986 1443 1051 1481 17.

985 2221 1049 2260 18.

1089 237 1211 284 Super
1243 243 1421 285 castrum,
1453 238 1552 284 quod
1583 238 1722 275 dicitur

1088 295 1223 341 Angeli
1258 306 1430 341 nuncque
1462 295 1599 331 colitur

1144 351 1221 388 Ad>
1239 351 1293 387 tui
1327 351 1590 395 reverentiam,

1088 407 1265 453 Tegentis
1300 418 1438 456 ensem,
1471 419 1543 454 quo
1572 408 1702 454 scitur,

1087 465 1194 508 Quod
1227 465 1326 510 pesti
1359 465 1442 501 finis
1473 464 1627 510 ponitur

1146 520 1224 557 Deo
1257 526 1476 566 praestante
1507 521 1681 567 gratiam.

1088 662 1240 705 Utinam
1275 667 1370 713 pesti
1405 669 1580 706 currenti.

1087 724 1188 771 Quae
1220 734 1317 759 nunc
1341 724 1433 759 nulli
1459 726 1579 770 parcit
1603 725 1717 774 genti,

1143 781 1276 818 Finem
1309 785 1349 817 tu
1377 781 1470 816 velis
1501 792 1652 830 ponere,

1087 837 1167 874 Iam
1199 847 1358 882 parcere
1391 837 1565 874 morienti

1086 893 1231 940 Populo
1263 900 1300 931 et
1332 893 1482 930 ferienti

1143 950 1236 987 Ensi
1269 950 1441 997 vaginam
1473 951 1648 991 tradere;

1086 1007 1362 1044 Paenitentiam
1394 1018 1506 1054 agere

1085 1064 1136 1101 Et
1167 1063 1327 1101 letanias
1361 1064 1488 1100 dicere

1143 1120 1223 1157 Deo
1255 1125 1292 1157 et
1322 1120 1392 1157 tibi
1425 1121 1597 1157 caedenti

1084 1178 1299 1224 Possumus,
1332 1177 1399 1214 sed
1431 1182 1632 1224 protegere

1085 1234 1164 1271 Nos
1195 1239 1298 1270 tuum
1330 1239 1387 1270 est
1418 1239 1454 1270 et
1486 1233 1612 1270 facere

1140 1290 1310 1328 Gratiam
1344 1290 1607 1338 omnipotenti.

1083 1440 1130 1482 In
1160 1453 1339 1480 aerumna
1370 1454 1452 1481 mea
1484 1446 1589 1490 gravi

1081 1500 1144 1537 Ad
1174 1504 1212 1536 te
1241 1501 1369 1537 oculos
1400 1500 1536 1538 levavi,

1138 1557 1209 1602 Qui
1251 1557 1398 1594 habitas
1429 1558 1467 1593 in
1501 1556 1715 1604 montibus;

1081 1614 1125 1651 In
1156 1618 1282 1650 monte
1312 1614 1458 1650 Tumba
1489 1613 1616 1650 notavi

1080 1672 1206 1717 Atque
1232 1672 1271 1707 in
1303 1670 1490 1718 Gargano,
1527 1681 1601 1716 qua
1630 1670 1667 1706 vi

1138 1727 1230 1764 Tuis
1260 1728 1351 1764 ades
1383 1727 1641 1773 supplicibus3

1082 1783 1173 1820 Alta
1204 1789 1321 1827 tenes,
1354 1791 1393 1821 ut
1426 1783 1599 1820 omnibus

1082 1841 1164 1878 Ima
1194 1841 1276 1877 loca
1307 1841 1522 1892 tenentibus

1141 1896 1232 1934 Cum
1246 1897 1379 1944 quibus
1392 1898 1570 1934 lectulum
1581 1896 1711 1942 stravi,

1084 1953 1168 1991 Suis
1199 1954 1290 1990 visis
1323 1954 1516 1991 doloribus

1083 2010 1235 2048 Cunctis
1268 2009 1408 2058 fugatis
1438 2010 1610 2047 hostibus

1138 2068 1246 2104 Assis
1278 2065 1408 2105 favore
1439 2067 1556 2104 suavi.

1082 2217 1190 2259 Licet
1221 2220 1395 2266 angelum
1427 2220 1599 2268 habeam,

1080 2277 1149 2324 Qui
1181 2277 1348 2313 custodit
1378 2277 1492 2313 vitam
1525 2287 1658 2325 meam,

1137 2334 1241 2371 Sicut
1274 2338 1310 2370 et
1340 2333 1482 2370 habent
1512 2333 1663 2382 singuli,

1080 2390 1144 2437 Et,
1177 2391 1257 2427 sive
1287 2395 1383 2428 stem
1415 2391 1474 2426 vel
1505 2392 1661 2436 iaceam,

1080 2447 1281 2484 Honorare
1311 2447 1409 2483 hunc
1443 2446 1599 2484 debeam

1140 2504 1267 2540 Palam
1299 2508 1335 2539 et
1366 2503 1449 2540 loco
1480 2503 1620 2550 anguli,

1081 2560 1135 2597 Te
1166 2566 1291 2596 tamen
1321 2560 1375 2596 ita
1406 2560 1570 2606 praetuli

1080 2617 1179 2654 Huic
1212 2621 1249 2653 et
1279 2617 1422 2663 angelis
1454 2617 1599 2667 populi,

1138 2676 1230 2712 Cum
1262 2678 1299 2709 te
1330 2673 1539 2720 principem
1564 2673 1711 2710 videam

1080 2730 1311 2777 Eorundem,
1345 2730 1443 2775 quod
1475 2730 1598 2768 seduli

1080 2787 1142 2824 Ad
1175 2791 1210 2822 te
1242 2786 1314 2824 mei
1346 2791 1432 2822 sunt
1462 2787 1573 2833 oculi,

1140 2844 1191 2882 Ut
1233 2853 1302 2888 per
1332 2848 1369 2878 te
1401 2842 1482 2880 Deo
1513 2844 1708 2889 gaudeam.
