2031 3289
947 159 1255 199 —116—

329 270 368 304 11
394 273 528 304 lumina
556 272 676 314 templi
702 272 739 304 C.
764 289 807 293 —
834 269 875 302 12
899 271 1081 312 Ingredior
1105 271 1182 311 CD3
1209 271 1312 303 aulae
1336 272 1380 303 D.
1404 288 1449 292 —
1476 270 1515 303 15
1540 272 1750 312 gemibunda
1775 273 1821 305 D.
1840 291 1880 295 —

330 316 370 349 17
405 318 491 350 Cum
516 318 627 359 magis
659 327 679 348 a
710 317 780 348 AC.
814 333 857 337 -
891 314 931 347 21
960 326 1146 348 memorem
1170 316 1225 348 fae
1249 317 1321 348 CD.
1347 334 1388 338 —
1414 314 1458 347 22
1483 318 1684 358 patriaeque
1709 317 1748 349 B.
1772 335 1816 339 ——
1839 316 1883 350 23

329 364 485 396 Cinctam
512 363 570 394 det
594 362 741 393 mediam
765 361 813 400 A3
839 362 996 393 Cinetam
1021 361 1079 392 det
1103 360 1216 393 medio
1234 362 1284 400 D3
1307 361 1408 393 undis
1427 362 1469 393 D.
1497 379 1537 383 —
1563 359 1606 393 25
1623 362 1764 393 tumidis
1783 363 1822 393 B.
1840 380 1883 385 -

331 406 375 440 26
400 409 505 449 inque
530 409 637 438 virem
663 406 778 437 fervor
802 407 953 438 cucurrit
976 407 1027 445 D3
1052 407 1166 437 fervor
1191 408 1366 438 concussit
1382 408 1422 438 A.
1448 424 1492 427 —
1517 403 1560 438 28
1585 408 1767 448 piatasque
1783 408 1822 440 B.
1839 426 1882 430 —

327 451 370 485 31
407 463 467 494 spe
501 453 543 484 D.
569 470 613 473 -—
645 449 688 482 32
725 461 887 483 sueveras
918 452 956 482 Β.
985 467 1022 472 —-
1049 448 1093 483 33
1125 452 1197 483 Nee
1229 461 1336 493 quare
1370 452 1411 483 D.
1437 469 1481 473 —
1505 449 1550 483 34
1582 456 1720 484 avertas
1745 452 1817 485 CD.
1841 471 1884 475 —-

329 496 372 530 35
397 499 452 530 bis
480 497 618 530 schluss
643 496 758 528 fehlen
782 498 821 528 Β.
846 514 889 518 -
914 494 958 528 36
981 497 1147 528 verberae
1173 496 1210 535 C,
1235 497 1381 528 verbera
1397 497 1471 529 AD.
1492 514 1535 517 —
1560 493 1603 528 38
1628 497 1665 528 in
1689 506 1768 529 oras
1786 499 1823 530 C.
1841 517 1883 522 —

327 541 371 575 39
405 543 542 584 Religio
575 542 667 583 quod
700 545 798 573 casta
828 540 888 572 fiet
917 541 1061 583 (korrig.
1095 542 1131 572 in
1162 540 1234 581 fiat)
1267 544 1310 581 Ως
1342 542 1479 584 Religio
1514 552 1579 583 que
1610 551 1717 573 causa
1746 543 1813 574 fuit
1836 545 1883 584 A3

330 589 541 665 Iltleligioque
573 597 680 618 causa
711 586 773 618 fiat
796 587 840 617 D.
866 604 908 607 —
934 584 978 617 42
1010 591 1174 628 quaestus
1199 587 1274 618 AD.
1303 604 1343 608 —
1368 585 1414 618 44
1438 587 1563 618 rubore
1589 587 1628 618 Α.
1653 605 1698 608 -
1721 586 1764 619 45
1789 588 1884 620 Deus

327 635 337 665 i
371 635 436 665 ius(
451 643 493 664 ue
543 642 579 663 er
605 634 641 664 C.

423 643 540 720 „ineuf‘
563 687 701 723 carmen
727 676 927 708 eiusdem
953 674 1028 715 (sel.
1054 670 1183 711 Bedael
1214 677 1424 718 soliloquum
1449 677 1491 708 de
1516 677 1650 718 psalmo
1675 678 1768 710 XLI.
1793 688 1884 710 com—

330 720 503 766 positum“
533 723 578 763 A3
613 724 649 753 in
675 724 701 754 C
731 732 800 753 von
833 723 988 762 spfiterer
1011 722 1117 753 Hand
1142 732 1197 753 am
1222 722 1361 754 Raude:
1396 722 1648 764 „Soliloquium
1672 723 1884 755 venerabilis
1933 734 1936 736 ’

330 769 476 801 Bedae
509 765 742 809 presbyterfl:
775 769 811 798 in
835 767 864 797 B
893 777 948 798 arn
974 767 1093 799 Raude
1127 767 1187 798 des
1212 767 1398 799 Gedichtes
1429 767 1539 803 (nieht
1563 767 1624 799 der
1649 767 1887 810 Handschrift)

326 825 396 846 von
421 818 530 845 erster
555 812 658 844 Hand
686 813 733 853 „B
745 811 854 843 eda‘⁸.

420 859 515 890 Beda
541 858 626 890 liebt
651 868 687 889 es
713 857 802 888 auch
826 859 863 888 in
887 857 954 889 den
979 857 1150 889 Miracula
1175 868 1202 889 s.
1228 858 1410 889 Cuthberti
1435 858 1653 890 Psalmverse
1679 869 1720 890 zu
1746 858 1886 891 metrifi-

329 906 456 936 zieren.
506 904 575 935 Fur
609 903 665 934 die
698 900 858 934 Echtheit
889 902 1004 934 dieser
1038 903 1257 944 Paraphrase
1290 903 1422 944 spricht
1455 903 1543 934 auch
1576 904 1611 934 in
1635 904 1722 935 Vers
1748 901 1791 936 32
1823 904 1884 936 das

330 961 398 1027 ἴδη
410 949 711 1026 ῗέῗνᾶεὲεὲηᾶεῑθ
736 949 780 979 ab
805 946 937 986 hoste“,
962 949 1083 979 womit
1107 959 1150 979 zu
1172 948 1394 989 vergleiehen
1419 948 1591 980 Miracula
1615 949 1696 988 XII,
1722 947 1760 986 7;
1787 950 1884 989 XIII,
1922 972 1924 974 v

380 1021 486 1118 ’‘Piltle
525 1018 702 1071 &ollation
742 1049 812 1071 von
853 1038 880 1069 A
917 1037 1095 1069 verdanke
1129 1037 1185 1069 ioh
1223 1037 1484 1069 Stiftsarehivar
1515 1039 1648 1081 Joseph
1686 1039 1814 1071 Miiller
1850 1041 1885 1072 in

328 1087 376 1119 St.
426 1087 458 1117 *a
488 1096 540 1116 en.

575 1184 634 1220 94.
670 1184 752 1227 (16.)
787 1184 956 1220 Carmen
980 1183 1225 1236 venerabilis
1250 1183 1383 1218 Bedae
1409 1184 1637 1228 presbyteri

918 1254 965 1286 de
989 1254 1166 1285 Psalmo
1199 1253 1306 1285 CXII.

535 1347 707 1385 Laudate
737 1347 997 1393 altithronum,
1028 1345 1150 1393 pueri,
1181 1345 1335 1383 laudate
1361 1349 1568 1391 tonantem,

535 1404 593 1442 Sit
625 1414 800 1450 magnum
831 1403 982 1440 Domini
1013 1402 1252 1439 benedictum
1283 1402 1323 1439 in
1353 1403 1505 1439 saecula
1535 1413 1683 1440 nomen.

536 1460 634 1499 Solis
665 1460 712 1497 ab
744 1464 878 1498 exortu
906 1459 1108 1498 Dominum
1139 1459 1293 1496 laudate
1323 1462 1527 1507 potentem,

538 1517 635 1555 Solis
665 1517 715 1554 ad
746 1527 919 1553 occasum
949 1516 988 1552 in
1019 1515 1168 1563 hymnis
1198 1515 1393 1561 persistite
1422 1515 1588 1554 laudum.

478 1578 499 1613 5
538 1574 725 1612 Excelsus
756 1576 885 1620 gentes
916 1572 1099 1610 Dominus
1128 1572 1382 1618 supereminet
1411 1582 1552 1619 omnes,

535 1631 629 1668 Eius
662 1635 698 1666 et
729 1628 927 1667 astriferos
958 1628 1215 1666 transscendit
1245 1629 1365 1676 gloria
1396 1629 1533 1667 caelos

535 1687 625 1734 Quis
656 1686 817 1724 Domino
849 1690 906 1722 est
935 1685 1082 1732 similis,
1115 1685 1225 1722 sedes
1257 1685 1317 1722 cui
1347 1695 1484 1732 perpes
1514 1685 1552 1721 in
1584 1682 1698 1721 altis?

534 1744 706 1790 Respicit
736 1747 795 1780 ast
825 1743 984 1780 humiles
1015 1742 1119 1778 caelo
1150 1746 1327 1788 terraque
1358 1741 1552 1788 benignus,

533 1801 751 1838 Maerentes
780 1800 987 1846 inopesque
1016 1810 1039 1836 a
1069 1798 1208 1835 rudere
1237 1798 1338 1835 tollit
1369 1808 1505 1845 eosque

449 1859 497 1895 10
536 1857 722 1894 Primates
752 1857 852 1892 inter
884 1855 1014 1902 populi
1045 1854 1225 1892 sublimat
1254 1855 1411 1901 opimos.

536 1915 580 1951 In
612 1913 780 1950 sterilem
808 1912 982 1950 habitare
1015 1912 1125 1948 domo
1155 1912 1357 1948 miseratur
1388 1917 1422 1948 et
1454 1911 1581 1958 amplo

537 1970 691 2007 Laetari
722 1969 856 2007 tribuit
884 1973 1057 2006 natorum
1088 1968 1256 2015 germine
1285 1971 1458 2006 matrem.

425 2072 537 2103 Carni.
569 2081 631 2102 ms.
666 2069 853 2101 &Valafridi
887 2079 976 2101 saec.
1003 2066 1033 2100 9.
1083 2068 1164 2099 cod.
1191 2067 1390 2110 Sangallen.
1414 2065 1492 2099 869.
1516 2067 1557 2098 A.
1581 2084 1626 2088 —
1651 2066 1792 2098 Colleet.
1825 2076 1886 2097 ms.

331 2117 559 2159 sangallense
593 2126 683 2147 saec.
712 2113 762 2147 10.
811 2114 894 2147 eod.
921 2113 1121 2155 Sangallen.
1147 2111 1221 2145 265.
1243 2114 1282 2144 Β.
1308 2131 1351 2135 -
1377 2113 1522 2146 Collect.
1555 2123 1617 2145 ms.
1643 2112 1677 2144 S.
1703 2110 1886 2143 Michaelis

331 2162 559 2203 Bambergen.
587 2171 675 2192 saec..
703 2158 789 2192 ¹⁰l11.
841 2159 922 2191 Cod.
950 2160 1174 2201 Bambergen.
1200 2160 1228 2190 B
1254 2159 1288 2190 11
1317 2156 1367 2190 10.
1394 2159 1430 2190 C.
1458 2175 1498 2181 -·
1527 2157 1657 2190 Homil.
1685 2168 1746 2188 ms.
1779 2157 1886 2188 Bene⁴

330 2208 597 2239 dictoburanum
624 2216 713 2238 saec.
739 2203 792 2238 819.
837 2205 923 2237 Clm.
948 2205 1130 2236 Monacen.
1153 2202 1253 2235 4547.
1278 2204 1354 2235 add.
1381 2213 1470 2235 saec.
1498 2202 1548 2235 ll.
1576 2204 1617 2235 D.

422 2250 444 2283 3
467 2252 607 2284 laudate
634 2263 675 2293 p«)
702 2276 709 2283 .
737 2276 744 2283 .
771 2274 778 2281 .
805 2252 846 2282 D.
874 2268 917 2271 —
940 2249 960 2282 9
986 2261 1006 2282 a
1031 2250 1152 2281 rudere
1176 2249 1262 2281 fehlt
1285 2248 1431 2287 (Liiclze)
1455 2250 1499 2281 C:
1526 2248 1625 2281 tollet
1649 2249 1686 2281 C.
1711 2264 1756 2269 —
1782 2245 1820 2279 11
1846 2247 1887 2278 In

330 2299 443 2330 sterili
470 2298 548 2337 Ass3
573 2297 684 2338 Inque
709 2297 861 2329 sterilem
886 2295 1046 2328 habitare
1071 2295 1191 2326 domos
1217 2296 1261 2333 C3
1287 2296 1472 2327 miseratus
1498 2295 1576 2327 BD:
1603 2295 1736 2335 opimos
1763 2294 1804 2325 D.
1836 2317 1841 2320 .

425 2344 594 2384 „Carmen
617 2342 831 2374 venerabilis
856 2341 1001 2373 Bedae
1027 2341 1219 2382 presbyteri
1244 2340 1286 2372 de
1312 2340 1445 2382 psalmo
1471 2338 1635 2372 CXXII&
1662 2339 1745 2379 AD;
1781 2338 1887 2379 „Item

330 2399 467 2421 carmen
500 2387 700 2419 eiusdem
737 2388 778 2419 (le
816 2387 949 2428 psalmo
986 2383 1124 2418 XXII“.
1162 2387 1199 2417 Β.
1253 2387 1293 2417 In
1327 2386 1352 2417 C
1385 2395 1439 2417 am
1465 2385 1585 2417 Raude
1617 2384 1676 2416 des
1702 2382 1886 2416 Gedichtes

327 2434 438 2473 (nicht
461 2434 521 2465 der
546 2432 802 2473 Handsohriftj:
830 2433 936 2470 „Item
963 2430 1137 2463 Bedae“.

421 2481 461 2511 In
489 2480 515 2509 B
547 2478 618 2510 und
643 2479 675 2510 D
706 2478 822 2519 folgen
847 2478 910 2508 auf
929 2477 1050 2508 diesen
1073 2476 1189 2508 Psalm
1216 2476 1305 2508 noch
1331 2476 1403 2508 drei
1430 2477 1568 2508 weitere
1593 2475 1709 2509 Vei-se,
1734 2473 1789 2506 die
1813 2471 1886 2505 sich

331 2526 414 2557 aber
445 2525 507 2556 auf
530 2522 584 2555 I‘s.
609 2521 640 2561 3,
665 2522 685 2555 6
719 2523 885 2555 beziehen
918 2522 988 2553 und
1021 2522 1095 2553 also
1128 2521 1418 2553 wahrscheinlieh
1454 2523 1511 2553 ein
1543 2519 1758 2553 Bruchstiiek
1791 2519 1886 2551 einer

332 2572 493 2603 weiteren
518 2568 894 2610 Psalmenparaphrase
923 2567 1032 2599 Bodas
1059 2567 1200 2599 bilden:

610 2638 688 2669 Non
713 2636 960 2668 circumdantis
985 2636 1089 2667 timeo
1116 2645 1168 2666 me
1195 2635 1291 2666 milia
1317 2635 1438 2676 plebis.

610 2683 720 2721 Quem
745 2685 901 2714 metuant
925 2680 1010 2712 fines
1035 2684 1205 2712 terrarum
1230 2680 1385 2711 funditus
1411 2689 1539 2718 omnes,

612 2727 823 2761 Gaudebunt
848 2736 933 2764 mea,
959 2736 1035 2757 cum
1060 2726 1124 2757 tibi
1150 2725 1392 2763 decantavere,
1418 2725 1526 2756 labra.

423 2798 494 2828 Dor
520 2797 623 2828 letzte
648 2796 734 2827 Vers
761 2796 796 2826 in
822 2796 853 2827 D
880 2792 1095 2825 irrtiimlieh:
1125 2793 1335 2825 Gaudebunt
1360 2794 1394 2824 in
1420 2802 1471 2830 ea,
1498 2793 1561 2824 tibi
1587 2801 1664 2823 cum
1688 2793 1884 2829 cantavero,

331 2843 439 2874 labra.
464 2860 508 2865 -—
534 2843 600 2873 Die
626 2841 805 2872 Kollation
831 2850 900 2871 von
917 2840 944 2871 A
972 2839 1041 2870 und
1059 2840 1086 2870 B
1111 2838 1217 2870 durch
1243 2838 1299 2870 die
1315 2839 1404 2870 Giite
1418 2838 1477 2869 des
1497 2839 1609 2869 Herrn
1627 2833 1887 2868 Stiftsarchivar

331 2887 463 2928 Joseph
490 2887 617 2918 Miiller
642 2887 678 2917 in
704 2886 752 2917 st.
777 2885 913 2918 Gallen.
