1914 3223
869 154 935 192 101
1003 176 1036 180 -

145 272 211 308 323.
242 270 272 306 Ο
307 269 400 313 lesu,
435 278 497 303 rex
527 266 720 305 altissime.
954 270 1019 306 2³9.
1055 267 1251 310 lohannes,
1285 271 1408 303 vatum
1444 266 1615 313 maxime,

245 326 274 362 O
306 323 387 361 sons
418 323 710 370 misericordiae,
1055 325 1149 361 Prae
1181 323 1322 375 cunctis
1356 322 1470 360 verba
1500 323 1631 369 excipe

241 382 379 419 Horam
413 381 541 416 mortis
570 379 776 416 terribilem
1051 380 1097 417 Et
1133 380 1398 426 prophetarum
1432 391 1623 416 numerum

244 439 316 475 l'ro
346 447 412 484 spe
444 436 541 473 bona
573 435 632 473 sac
661 435 822 475 facilem.
1052 437 1112 473 Ad
1148 437 1217 473 hoc
1247 436 1365 474 ascito
1396 435 1548 476 socium.

149 543 212 580 34.
245 540 383 578 Secura
414 539 642 576 conscientia
953 540 1018 577 40.
1056 541 1177 588 Petro,
1211 539 1378 586 piscator
1408 539 1608 583 homiuum,

243 596 325 634 Non
357 595 409 632 ibi
439 596 594 634 multum
627 595 810 642 trepidat,
1051 596 1098 633 Et
1135 596 1261 641 Paule,
1296 596 1427 633 doctor
1457 596 1635 645 gentium,

241 653 335 691 Nam
367 662 434 699 spe
465 651 566 689 facta
597 652 786 689 robustior
1051 652 1140 689 Cum
1174 653 1310 689 ceteris
1341 652 1522 699 apostolis

238 710 398 748 Multum
430 709 563 746 transit
596 709 838 749 constantior.
1050 710 1130 756 Ope
1161 709 1286 746 iuvate
1313 710 1439 748 celeri.

141 814 208 850 35.
238 811 323 848 Non
354 810 457 847 aliud
488 811 534 847 sit
568 811 742 854 gaudium
947 813 1013 849 41.
1046 810 1236 857 Stephane
1269 821 1350 847 cum
1382 811 1598 853 Laurentio.

236 867 303 904 Vel
335 878 454 904 meum
487 867 727 915 desiderium,
1046 867 1186 914 Magno
1217 868 1379 914 praelati
1409 868 1555 915 merito,

236 927 352 970 Quam
384 927 424 960 ut
455 927 586 961 exutus
619 934 776 970 corpore
1045 926 1137 963 Cum
1177 925 1295 962 multa
1326 924 1435 963 turba
1466 929 1672 972 martyrum

236 980 320 1018 Tibi
353 980 490 1027 possim
522 981 710 1018 assistere.
1046 981 1224 1028 Magnum
1258 980 1355 1020 ferte
1387 981 1607 1019 subsidium.

141 1085 205 1122 36.
238 1084 268 1120 Ο
299 1094 377 1130 vos,
410 1083 597 1120 caelorum
628 1084 786 1130 incolae,
946 1085 1012 1124 42.
1048 1084 1125 1120 Vos
1157 1081 1392 1120 confessores
1422 1082 1586 1132 inclitos,

235 1139 344 1178 Cives
374 1149 558 1186 supernae
587 1141 744 1186 patriae,
1046 1141 1191 1178 Invicta
1225 1138 1300 1177 fide
1330 1139 1540 1189 praeditos,

236 1196 305 1241 Qui
334 1197 407 1232 iam
439 1195 519 1233 Deo
551 1195 730 1243 fruimini,
1046 1197 1292 1244 Nequaquam
1324 1196 1597 1244 obliviscimur,

236 1251 355 1290 Nobis
387 1253 678 1299 compatiamini.
1045 1253 1120 1291 Sed
1151 1253 1287 1291 obnixe
1319 1253 1569 1299 deposcimus,

134 1353 199 1393 ³7.
230 1353 420 1398 Michael,·
441 1353 479 1390 in
512 1354 736 1391 caelestibus
944 1358 1008 1393 43.
1042 1355 1107 1402 Ut,
1140 1354 1202 1401 qui
1233 1364 1302 1401 per
1332 1355 1555 1401 temporalia

232 1410 300 1454 Qui
332 1408 547 1456 praefulges
579 1411 787 1454 agminibus
1042 1411 1250 1448 Transistis
1281 1414 1317 1447 et
1348 1409 1510 1458 fragilia,

232 1466 303 1502 Pro
337 1466 494 1513 speciali
524 1467 655 1515 gloria,
1042 1467 1181 1505 Adhuc
1212 1478 1281 1514 pro
1314 1467 1594 1505 decertantibus

232 1521 350 1559 Nobis
381 1521 511 1560 confer
541 1523 692 1562 solacia.
1045 1525 1167 1562 Tanto
1197 1524 1347 1561 instetis
1379 1526 1604 1572 promptius

135 1625 197 1663 38.
229 1624 379 1672 Angeli,
411 1635 501 1672 quos
533 1625 754 1672 gravissima
945 1629 1011 1665 44.
1044 1627 1184 1674 Agnes,
1217 1627 1372 1676 Thecla,
1407 1627 1582 1671 Caecilia,

232 1681 364 1719 Carnis
394 1692 467 1719 non
498 1682 635 1728 premit
666 1683 826 1722 sarcina.
1041 1683 1160 1720 Lucia
1191 1694 1235 1720 ac
1267 1683 1500 1722 Scholastica

229 1738 344 1776 Orate
373 1749 442 1785 pro
473 1738 686 1776 hominibus
1040 1740 1252 1787 Omnesque
1283 1745 1436 1778 sauctae
1467 1742 1645 1788 virgines,

226 1794 302 1832 Sub
333 1805 377 1832 ea
406 1794 678 1835 laborantibus.
1042 1797 1113 1834 Pro
1145 1797 1252 1834 nobis
1286 1802 1383 1835 state
1414 1799 1618 1846 supplices.

204 1895 337 1928 Collect
371 1906 432 1927 ms.
459 1897 656 1929 Parisiense
682 1908 770 1929 saec.
802 1895 850 1929 12.
890 1897 973 1930 Cod.
998 1898 1148 1930 Parisin.
1176 1896 1304 1930 18111.
1330 1899 1370 1930 A.
1388 1916 1431 1920 —
1450 1900 1591 1932 Collect.
1611 1912 1672 1932 ms.

113 1941 318 1973 Zwettlense
350 1951 438 1973 saec.
476 1939 525 1974 12.
559 1939 608 1984 [et
645 1940 710 1984 13].
761 1944 843 1976 Cod.
869 1943 1046 1975 Zwettlen.
1081 1941 1158 1975 260.
1185 1945 1224 1975 B.
1250 1962 1294 1966 —
1326 1943 1364 1977 5.
1397 1943 1419 1976 4
1444 1945 1572 1977 Delicti
1606 1948 1672 1978 mei

112 1987 250 2018 conscia
277 1988 313 2018 B.
340 2004 384 2008 —
408 1984 445 2025 6,
479 1986 500 2018 4
525 1989 612 2019 Nam
641 1988 749 2020 multa
777 1993 856 2020 sunt
882 1993 916 2021 et
939 1990 1062 2030 gravia
1086 1990 1125 2020 B.
1151 2008 1196 2012 —
1220 1988 1258 2026 8,
1289 1988 1309 2021 2
1334 1991 1391 2021 Nil
1417 1995 1538 2032 reputo
1563 1993 1604 2023 Β.
1629 2010 1670 2013 -

111 2028 142 2067 8,
167 2030 189 2062 4
213 2032 364 2073 praefers
389 2032 429 2064 A.
454 2051 498 2055 —
527 2032 577 2071 11,
602 2032 623 2065 3
648 2033 735 2065 Mihi
763 2035 962 2076 religiosius
986 2035 1026 2065 B.
1046 2053 1087 2056 —
1115 2033 1166 2067 11.
1192 2034 1214 2066 4
1238 2033 1328 2067 Mihi
1354 2039 1436 2077 puto
1462 2037 1561 2067 13.—
1582 2036 1632 2075 12,
1653 2036 1673 2068 2

112 2076 381 2118 prudentissima
408 2079 444 2110 B.
465 2097 504 2101 ψ
531 2077 580 2116 15,
608 2077 623 2110 1
652 2080 730 2111 Non
756 2083 962 2121 putruerunt
986 2081 1026 2112 A.
1049 2098 1086 2102 —
1108 2079 1159 2119 18,
1185 2078 1206 2111 4
1232 2082 1300 2112 Ore
1325 2083 1435 2122 ipsius
1460 2082 1500 2113 A.
1522 2099 1561 2104 ——
1583 2082 1633 2121 19,
1652 2081 1672 2114 2

113 2121 183 2153 und
216 2120 237 2154 3
270 2123 468 2164 umgestellt
492 2124 530 2155 B.
562 2144 602 2147 --
630 2121 688 2163 23,
726 2123 741 2156 1
775 2125 1081 2167 comprehenderet
1104 2127 1142 2157 B.
1167 2144 1209 2147 -—
1236 2124 1294 2164 ⁴23,
1329 2125 1350 2158 2
1374 2127 1540 2169 dirigeret
1565 2129 1604 2159 A.
1630 2147 1672 2150 —

110 2164 164 2205 30,
189 2166 210 2199 3
233 2168 385 2211 diligunt
408 2169 446 2200 B.
465 2187 508 2190 —
524 2168 578 2208 30,
604 2168 625 2200 4
649 2170 814 2202 desinunt
838 2173 876 2203 B.
891 2191 933 2194 —
950 2169 1005 2209 32,
1033 2170 1048 2202 1
1077 2172 1240 2203 intuitum
1265 2173 1303 2204 B.
1322 2191 1366 2194 —
1383 2170 1437 2211 33,
1466 2172 1481 2204 1
1509 2175 1671 2205 Omnium

115 2223 174 2244 rex
201 2214 237 2245 B.
262 2231 306 2236 —
330 2211 383 2254 38,
416 2213 438 2245 4
463 2215 534 2247 Sub
560 2226 601 2247 ea
627 2216 665 2246 Β.
691 2233 732 2236 —
758 2214 812 2250 41,
841 2215 863 2248 4
887 2213 1028 2258 Velo[x]
1052 2217 1136 2249 ferte
1163 2219 1200 2248 B.
1226 2236 1270 2240 —
1294 2215 1346 2256 42,
1374 2216 1394 2249 2
1418 2219 1500 2250 Vita
1526 2223 1671 2250 aeterna

112 2259 287 2299 praeditos
313 2260 352 2292 A.
370 2277 412 2281 —
430 2260 527 2292 Nach
552 2259 607 2299 44,
635 2258 650 2292 1
680 2262 936 2304 eingeschoben
960 2262 1160 2304 Margareta
1186 2273 1263 2294 cum
1288 2263 1424 2305 Agatha
1450 2265 1488 2295 Β.
1507 2282 1551 2286 -—
1566 2263 1625 2298 44,
1651 2264 1671 2295 :5

109 2304 220 2336 Lucia
258 2315 334 2337 cum
375 2306 413 2337 Β.
454 2323 496 2327 -
536 2307 621 2339 Dies
657 2307 805 2340 Gedicht
841 2307 928 2339 auch
965 2308 1002 2338 in
1038 2309 1163 2347 Arras,
1204 2309 1288 2341 Cod.
1329 2307 1411 2341 1021
1437 2310 1670 2351 (Proslogium

113 2348 281 2390 Anselmi)
306 2361 395 2383 saec.
425 2348 486 2389 11.‚
512 2362 568 2383 am
594 2352 758 2385 Sehlusse
784 2353 971 2395 beigefiigt.

482 2505 549 2543 101.
585 2509 642 2553 (3.)
678 2508 727 2545 De
751 2508 868 2545 Beata
892 2507 1011 2545 Maria
1039 2509 1081 2545 V.
1108 2509 1154 2546 ad
1180 2510 1306 2546 Horas.

663 2604 734 2641 Ad
777 2604 1101 2645 Nocturnum.

159 2703 194 2743 1.
227 2703 322 2754 Lux,
355 2715 449 2751 quae
479 2705 581 2742 luces
612 2706 850 2753 intenebris,
968 2709 1004 2746 2.
1036 2708 1171 2754 Maria,
1205 2709 1276 2745 Dei
1307 2709 1506 2756 thalamus,

224 2761 283 2798 Ex
313 2761 400 2798 alvo
431 2767 519 2798 nata
551 2761 720 2809 virginis,
1038 2766 1157 2802 Posce
1189 2772 1225 2802 te
1257 2765 1535 2807 venerantibus.

225 2816 403 2855 Nostram
435 2823 580 2854 noctem
612 2830 680 2855 nos
712 2829 807 2856 exue
1040 2821 1252 2858 Virtutibus
1284 2828 1325 2859 ut
1357 2823 1596 2870 splendeant,

227 2873 410 2922 Diemque
442 2879 543 2912 tuum
575 2875 701 2915 indue.
1039 2878 1138 2924 Quos
1170 2883 1295 2916 reatus
1326 2879 1586 2919 obtenebrant.
