1914 3223
734 172 1013 211 -ῃ-

297 283 454 336 Aspice,
488 290 616 323 sancte
647 291 768 333 pater,
801 296 897 333 quae
927 296 994 322 nos
1025 285 1198 331 adversa·
1218 283 1391 331 fatigant,

382 342 484 389 Quae
515 342 615 379 mala
645 353 712 380 nos
742 343 923 390 lacerant,
955 342 1095 388 aspice,
1127 347 1257 378 sancte
1288 346 1406 388 pater.

295 395 401 438 Mitis
431 399 565 436 adesto
600 398 685 448 tuis,
719 399 894 447 clemens,
928 399 1012 447 pius
1044 403 1155 446 atque
1186 398 1381 447 benignus,

181 457 248 498 50.

381 455 623 502 Compatiens
656 454 806 493 famulis
836 456 937 492 mitis
968 456 1102 493 adesto
1133 455 1220 495 tuis.

295 508 410 560 Erue,
443 516 587 560 pastor,
619 522 720 559 oves,
753 512 878 549 animo
909 523 1002 559 quas
1031 522 1180 558 semper
1211 511 1358 560 amasti,

380 569 431 606 Et
461 568 531 605 tibi
561 569 777 606 commissas
809 579 909 613 eruc,
944 573 1083 617 pastor,
1117 578 1219 606 oves,

295 622 371 665 Nos
402 636 517 673 super
547 625 681 662 aethra
712 625 788 672 poli
822 625 950 662 cuncis
981 625 1144 672 adiunge
1175 625 1350 671 supernis

381 682 431 719 Et
463 682 534 719 duc
565 687 651 728 post
682 686 838 718 mortem
870 693 936 718 nos
968 692 1083 728 super
1112 682 1245 719 aethra
1272 681 1363 728 poli.

181 770 222 804 17
247 771 303 804 Ea
335 773 372 803 in
396 771 539 813 Eadgar
569 773 633 802 wic
660 772 673 803 1
708 782 749 802 zu
778 771 884 802 lesen.
911 788 953 792 ——
978 769 1019 802 -ll
1056 772 1100 802 sit
1127 772 1250 802 fautor.
1276 787 1320 792 —-
1344 767 1387 801 42
1413 770 1467 802 Sit
1492 770 1581 811 pius.
1606 786 1652 792 —

90 818 239 861 „Incipit
275 817 424 859 hymnus
461 819 497 848 in
533 817 663 849 honore
701 818 812 848 sancti
847 817 955 858 patris
989 821 1022 848 et
1057 817 1199 857 gloriosi
1236 815 1408 857 pontificis
1443 814 1649 855 Adelwoldi,

88 863 242 906 elegiaco
286 866 320 895 et
358 863 572 905 paracterico
609 864 761 893 camnine
799 872 858 904 per
896 861 1127 904 Alphabctum
1165 859 1409 903 compositus.“
1450 877 1494 882 —-
1532 861 1649 903 „Finit

87 909 237 951 hymnus
263 909 299 940 in
323 907 454 939 honore
477 909 588 940 sancti
608 909 716 949 patris
735 909 844 939 nostri
866 907 1058 939 Adelwoldi
1077 908 1231 949 episcopi
1250 907 1473 949 qualiamque
1491 908 1650 948 poemate

87 951 232 987 editus.“
258 971 304 977 —
327 953 377 986 Es
411 953 498 995 folgt
529 953 585 985 die
614 953 851 995 Bearbeitung
878 953 939 985 (les
969 954 1127 994 Hymnus
1154 952 1261 984 durch
1287 951 1476 985 ordericus
1501 951 1647 984 vitalis:

255 1440 306 1476 10.

247 1668 300 1704 15.

243 1895 298 1932 20.

244 2124 298 2158 25.

246 2348 302 2384 30.

240 2801 297 2837 40.

334 1030 435 1066 Alma
460 1034 603 1066 lucerna
628 1035 733 1065 micat
756 1033 872 1066 lumen
899 1034 1096 1076 populoque
1122 1035 1306 1072 ministrat,

405 1079 548 1111 Praesul
578 1079 797 1111 Adolwoldns
823 1079 916 1111 alma
941 1080 1082 1111 lucerua
1108 1081 1223 1111 micat.

337 1121 489 1166 Belliger
514 1126 579 1156 iste
605 1126 670 1156 Dei
696 1126 855 1156 victricia
879 1125 973 1157 bella
1000 1126 1144 1167 peregit,

405 1171 493 1202 Acer
514 1171 550 1201 in
576 1180 672 1202 arma
701 1171 770 1202 ruit
795 1170 940 1212 belliger
964 1172 1028 1202 iste
1058 1171 1134 1209 Dei,

336 1212 438 1249 cuius
464 1216 508 1248 ab
540 1226 598 1247 ore
624 1226 722 1247 sacro
752 1216 928 1248 fluxerunt
951 1217 1114 1256 dogmata
1139 1218 1244 1253 vitae,

407 1262 599 1293 nausimus
625 1271 724 1293 omne
752 1262 878 1293 bonurn
903 1263 1003 1293 cuius
1029 1262 1072 1293 ab
1098 1272 1156 1293 ore
1182 1271 1291 1294 sacro.

337 1303 461 1339 D'ulcia
485 1306 586 1338 corde
612 1308 669 1348 pio
695 1317 894 1338 resonemus
919 1309 1056 1338 cantica
1081 1308 1183 1348 patri,

405 1353 569 1384 Carmina
593 1356 771 1384 cantemus
796 1352 911 1384 dulcia
936 1353 1038 1384 corde
1064 1354 1132 1394 pio.

336 1393 436 1434 Ecce,
461 1402 621 1429 coruscat
646 1407 734 1439 apex
759 1398 822 1429 tibi
850 1397 1059 1437 pontificalis
1085 1397 1232 1435 abunde,

411 1443 505 1474 Hinc
530 1442 697 1484 illincque
725 1448 818 1481 tuus,
843 1454 932 1480 ecce,
958 1448 1117 1475 coruscat
1141 1453 1240 1484 apex.

336 1484 428 1521 Fons
453 1491 487 1520 et
512 1489 609 1529 origo
635 1488 716 1520 boni
743 1493 777 1519 te
802 1489 909 1521 verba
935 1493 1068 1521 serente
1094 1490 1255 1526 cucurrit,

404 1534 445 1565 In
469 1538 502 1565 te
529 1535 685 1565 manavit
709 1534 784 1565 fons
811 1538 844 1566 et
868 1535 965 1576 origo
992 1535 1085 1566 boni.

337 1575 455 1613 Gloria
480 1589 601 1621 perpes
628 1580 694 1611 erit
716 1579 780 1610 tibi
807 1590 898 1611 nunc
923 1580 1071 1621 ideoque
1097 1589 1158 1621 per
1182 1590 1317 1619 aevum,

402 1625 514 1665 Quam
541 1626 663 1656 merito
689 1626 827 1657 retines.
853 1625 966 1667 gloria
991 1636 1115 1668 perpes
1140 1626 1216 1657 erit.

336 1667 446 1703 Huius
472 1680 589 1702 amore
612 1671 730 1713 gregis
755 1672 916 1713 sprevisti
944 1671 1082 1712 spicula
1106 1672 1237 1709 mortis,

402 1715 541 1747 Pellens
566 1715 646 1747 hinc
670 1716 776 1748 fortes
801 1716 905 1748 huius
930 1726 1047 1748 amore
1071 1717 1196 1759 gregis.

333 1757 480 1795 Inclitus
506 1765 610 1803 atque
636 1765 757 1803 potens
783 1767 817 1793 te
842 1772 900 1794 rex
925 1762 1103 1794 adamavit
1127 1762 1280 1805 Eadgar,

404 1807 454 1838 Te
479 1808 650 1838 monitore
675 1808 796 1849 vigens
824 1807 965 1839 inclitus
991 1811 1094 1850 atque
1121 1811 1254 1850 potens.

336 1849 466 1886 Kastra
490 1853 556 1884 Dei
582 1853 728 1885 reboant
751 1857 785 1885 te
810 1854 1042 1885 constituente
1067 1853 1233 1890 celeuma,

404 1897 684 1939 Davidicumque
709 1898 817 1930 melos
843 1904 959 1930 castra
983 1899 1051 1930 Dei
1076 1899 1232 1931 reboant.

337 1939 515 1976 Laudibus
541 1944 733 1975 innumeris
757 1945 823 1976 tibi
849 1944 952 1976 turba
976 1946 1170 1976 monastica
1195 1944 1331 1986 plaudit

403 1988 675 2030 Conjubilatque
701 1989 766 2021 tibi
792 1989 957 2021 laudibus
984 1990 1186 2021 innumeris.

334 2031 472 2067 Moenia
496 2034 590 2066 celsa
613 2034 736 2066 domus
762 2038 822 2067 tua
849 2044 933 2067 cura
956 2035 1138 2067 levaverat
1161 2035 1265 2068 huius

401 2081 568 2121 Haecque
592 2080 726 2112 dicavit
750 2091 860 2112 ovans
885 2082 1023 2113 moenia
1047 2080 1141 2112 celsa
1165 2081 1298 2113 domus.

334 2122 440 2158 Nocte
464 2124 589 2166 dieque
615 2135 749 2157 sacrum
774 2126 960 2159 celebrasti
986 2127 1136 2168 pectoris
1161 2126 1326 2168 hymnum

403 2170 551 2202 Solvens
577 2170 729 2203 officium
753 2175 855 2204 nocte
879 2171 1003 2213 dieque
1028 2182 1176 2209 sacrum,

335 2211 502 2249 Omnibus
527 2217 634 2257 inque
658 2216 746 2248 locis
771 2218 931 2259 sparsisti
957 2218 1090 2249 semina
1114 2217 1203 2249 lucis

402 2261 598 2303 Expuleras
624 2263 786 2294 tenebras
813 2262 974 2295 omnibus
999 2264 1104 2305 inque
1128 2263 1226 2294 locis.

334 2303 488 2348 Pervigil
514 2311 587 2339 esto
613 2309 694 2344 tuis,
720 2309 881 2349 petimus,
906 2307 1066 2340 defensor
1091 2307 1252 2345 alumnis,

407 2352 588 2384 Protector
613 2352 753 2384 famulis
781 2353 930 2395 pervigil
955 2357 1029 2385 esto
1057 2354 1137 2385 tuis.

334 2394 495 2440 Quaeque
520 2402 655 2436 nocent,
681 2409 808 2438 reseca,
835 2409 923 2440 quae
950 2403 1030 2430 sunt
1054 2402 1088 2430 et
1112 2399 1303 2437 commoda,
1331 2402 1480 2440 praesta,

401 2443 499 2483 Quae
524 2443 616 2475 bona
641 2447 733 2481 sunt,
757 2454 892 2482 revoca,
918 2454 1076 2486 quaeque
1100 2448 1235 2483 nocent,
1262 2454 1388 2476 reseca.

331 2484 457 2522 Rector
481 2489 672 2530 apostolice
698 2490 782 2521 felix
807 2494 841 2521 et
866 2491 995 2521 ianitor
1021 2490 1133 2525 aulae,

401 2533 518 2566 Huius
546 2538 580 2565 et
605 2535 771 2567 ecclesiae
797 2538 909 2567 rector
933 2535 1135 2577 apastolice,

333 2575 436 2612 Solve
461 2583 538 2611 tuos
564 2580 723 2618 famulos,
751 2581 842 2612 Petri
869 2581 945 2612 vice
970 2581 1068 2612 solve
1094 2580 1231 2623 ligatos,

403 2625 475 2656 Nos
501 2635 521 2656 a
546 2627 698 2666 peccatis
724 2626 820 2657 solve
846 2629 923 2657 tuos
950 2626 1109 2662 famulos,

333 2665 378 2701 Te
402 2669 488 2701 duce
514 2670 672 2702 stelliferi
698 2670 905 2703 scandamus
932 2675 969 2702 ut
995 2673 1084 2703 ati-Ia
1108 2671 1208 2709 caeli,

404 2715 598 2757 Participes
626 2717 722 2757 regni
749 2720 782 2747 te
807 2716 892 2748 duce
918 2717 1086 2748 stelliferi.

334 2755 503 2792 Versibus
527 2760 736 2802 hymnidicis
762 2761 847 2793 hacc
872 2763 1028 2793 carmina
1054 2763 1236 2804 pangimus
1261 2766 1295 2794 et
1320 2766 1353 2795 te

403 2805 591 2837 Patronum
619 2806 765 2838 colimus
790 2808 949 2839 versibus
976 2807 1196 2848 hymnidicis,

334 2846 542 2883 Xristicolas
567 2853 702 2883 animas
727 2854 809 2894 quia
839 2852 1070 2894 multiplicare
1096 2853 1234 2885 solebas

404 2895 456 2928 Ad
481 2896 596 2929 caelos
623 2907 790 2929 revocans
815 2897 1034 2930 christicolas
1062 2900 1206 2929 animas.
