1914 3223
782 156 1091 196 —455—

408 270 442 307 2.
479 269 583 308 Caeli
615 270 758 317 regina,
791 280 861 317 per
891 265 1001 317 quam
1033 269 1246 307 medicina

478 325 600 363 Datur
630 326 811 373 aegrotis,
844 326 965 373 gratia
997 325 1156 374 devotis,

482 381 670 419 Gaudium
704 382 870 427 maestis,
905 383 1044 419 mundo
1075 383 1138 419 lux
1173 383 1348 420 caelestis

645 439 816 486 Spesque
848 439 993 476 salutis.

407 540 443 578 3.
474 540 574 578 Aula
604 540 757 588 regalis,
788 540 894 586 virgo
926 541 1117 587 specialis,

477 596 595 634 Posce
625 597 811 634 medelam
844 596 952 633 nobis
984 601 1019 633 et
1051 597 1224 641 tutelam,

481 652 638 700 Suscipe
671 657 759 690 vota
790 653 1042 700 precibusque
1074 657 1209 691 cuncta

649 709 752 746 Pelle
783 710 955 748 molesta.

409 815 450 849 4.
483 811 673 848 Virtutum
703 811 819 861 chori,
856 821 1000 848 summo
1031 811 1093 858 qui
1124 812 1261 848 rectori

481 866 639 914 Semper
669 868 802 905 astatis
833 872 947 914 atque
976 867 1158 916 iubilatis‚

482 924 571 962 Ovis
603 928 770 962 remotae
801 934 986 962 memores
1018 927 1138 961 estote

646 981 800 1027 Nosque
832 981 970 1018 iuvate.

405 1086 445 1122 5.
481 1082 622 1119 Felicis
657 1083 747 1120 estis
779 1082 928 1129 patriae
960 1082 1134 1120 caelestis

480 1138 603 1190 Cives,
637 1143 856 1177 cunctorum
889 1139 1005 1176 nescii
1036 1139 1233 1186 malorum,

479 1197 583 1242 Quae
620 1206 688 1233 nos
718 1194 905 1233 infestant
934 1196 1184 1242 miseramque
1215 1199 1409 1242 praestant

647 1252 828 1299 Undique
860 1252 989 1290 vitam.

413 1356 449 1393 6.
482 1354 594 1392 Unde
626 1365 799 1401 rogamus
831 1358 943 1401 atque
973 1354 1246 1403 supplicamus,

483 1412 533 1450 Ut
567 1409 726 1448 foveatis
758 1415 871 1458 atque
901 1411 1079 1448 muniatis

481 1469 638 1505 Vestros
671 1477 885 1513 conservos,
918 1477 1075 1514 quorum
1106 1477 1174 1504 rex
1208 1478 1321 1515 super
1352 1478 1414 1504 vos

650 1524 743 1562 Cum
773 1529 882 1570 patre
914 1527 1058 1571 regnat.

411 1626 445 1663 7.
478 1625 787 1663 Patriarcharum
820 1630 933 1672 atque
964 1626 1239 1676 prophetarum

481 1682 634 1719 Pollens
670 1686 823 1720 senatus
857 1682 976 1720 diluat
1008 1687 1150 1730 reatus,

478 1738 622 1776 Sedens
654 1738 693 1776 in
726 1739 885 1785 thronis,
918 1739 1085 1775 renitens
1117 1739 1278 1786 coronis,

647 1795 826 1833 Vestibus
858 1795 970 1834 albis,

411 1899 447 1936 8.
480 1897 584 1935 Ordo
619 1899 834 1934 sanctorum
866 1906 933 1933 nos
964 1896 1219 1943 apostolorum

476 1954 597 2001 Regat
630 1953 814 1999 docendo,
848 1951 976 1990 foveat
1006 1953 1184 2000 regendo,

476 2010 580 2048 Votis
611 2009 824 2058 intendant,
855 2009 1047 2056 supplices
1080 2008 1301 2058 defendant,

642 2066 804 2104 Vincula
835 2066 996 2104 solvant.

406 2170 443 2207 9.
477 2167 588 2205 Pacis
619 2171 860 2214 augmentum
892 2170 1024 2214 poscat
1055 2167 1295 2204 innocentum

476 2223 580 2262 Grex
611 2223 851 2273 candidatus,
887 2235 979 2271 quos
1016 2234 1082 2261 rex
1115 2223 1360 2270 perturbatus

476 2280 592 2318 Iussit
622 2281 764 2326 necari,
797 2285 966 2318 metuens
998 2280 1143 2328 privari

645 2337 816 2375 Culmine
847 2337 966 2384 regni.

386 2435 449 2473 10.
482 2433 809 2484 Triumphatores,
842 2433 972 2472 mundi
1003 2433 1066 2481 qui
1098 2437 1263 2470 rectores

481 2490 577 2529 Fide
610 2490 795 2539 vicerunt,
827 2490 986 2537 gloriam
1017 2493 1256 2537 spreverunt,

479 2546 600 2585 Nobis
631 2558 783 2585 suorum
815 2550 1011 2594 praestent
1042 2545 1318 2593 triumphorum

646 2603 795 2641 Gaudia
827 2613 966 2642 secum.

380 2701 443 2738 11.
477 2701 663 2746 impetret
694 2703 821 2736 votum
854 2699 990 2736 chorus
1022 2698 1260 2736 sacerdotum

484 2755 640 2793 Necnon
672 2759 893 2793 cunctorum
926 2760 1053 2793 coetus
1085 2753 1355 2791 confessorum.

482 2812 621 2850 Omnes
653 2813 716 2859 qui
747 2816 895 2859 gratum
925 2811 1007 2849 Deo
1039 2810 1256 2849 famulatum

644 2869 924 2907 Exhibuerunt.
