<?xml version="1.0" encoding="UTF-8"?>
<!DOCTYPE html PUBLIC "-//W3C//DTD XHTML 1.0 Transitional//EN"
    "http://www.w3.org/TR/xhtml1/DTD/xhtml1-transitional.dtd">
<html xmlns="http://www.w3.org/1999/xhtml" xml:lang="en" lang="en">
 <head>
  <title>
</title>
<meta http-equiv="Content-Type" content="text/html;charset=utf-8" />
  <meta name='ocr-system' content='tesseract 3.04.00' />
  <meta name='ocr-capabilities' content='ocr_page ocr_carea ocr_par ocr_line ocrx_word'/>
</head>
<body>
  <div class='ocr_page' id='page_1' title='image "./hymnographilatin01drevuoft_1072.png"; bbox 0 0 2031 3289; ppageno 0'>
   <div class='ocr_carea' id='block_1_1' title="bbox 277 327 890 825">
    <p class='ocr_par' dir='ltr' id='par_1_1' title="bbox 277 327 753 369">
     <span class='ocr_line' id='line_1_1' title="bbox 277 327 753 369; baseline -0.006 -2"><span class='ocrx_word' id='word_1_1' title='bbox 277 330 314 369; x_wconf 84' lang='lat'>3.</span> <span class='ocrx_word' id='word_1_2' title='bbox 361 328 430 366; x_wconf 87' lang='lat' dir='ltr'>Est</span> <span class='ocrx_word' id='word_1_3' title='bbox 461 332 497 365; x_wconf 90' lang='lat' dir='ltr'>et</span> <span class='ocrx_word' id='word_1_4' title='bbox 525 327 753 365; x_wconf 78' lang='lat' dir='ltr'>venerabilis</span> 
     </span>
    </p>

    <p class='ocr_par' dir='ltr' id='par_1_2' title="bbox 416 384 658 422">
     <span class='ocr_line' id='line_1_2' title="bbox 416 384 658 422; baseline -0.008 0"><span class='ocrx_word' id='word_1_5' title='bbox 416 384 658 422; x_wconf 80' lang='lat' dir='ltr'>sollemnitas</span> 
     </span>
    </p>

    <p class='ocr_par' dir='ltr' id='par_1_3' title="bbox 359 440 742 545">
     <span class='ocr_line' id='line_1_3' title="bbox 359 440 742 478; baseline -0.003 0"><span class='ocrx_word' id='word_1_6' title='bbox 359 440 479 478; x_wconf 90' lang='lat' dir='ltr'>Nobis</span> <span class='ocrx_word' id='word_1_7' title='bbox 510 444 575 477; x_wconf 89' lang='lat' dir='ltr'>tua</span> <span class='ocrx_word' id='word_1_8' title='bbox 603 440 742 477; x_wconf 89' lang='lat' dir='ltr'>nobilis</span> 
     </span>
     <span class='ocr_line' id='line_1_4' title="bbox 415 496 616 545; baseline -0.01 -11"><span class='ocrx_word' id='word_1_9' title='bbox 415 496 616 545; x_wconf 83' lang='lat' dir='ltr'>Nativitas‚</span> 
     </span>
    </p>

    <p class='ocr_par' dir='ltr' id='par_1_4' title="bbox 363 551 790 652">
     <span class='ocr_line' id='line_1_5' title="bbox 363 551 790 599; baseline -0.005 -9"><span class='ocrx_word' id='word_1_10' title='bbox 363 553 543 599; x_wconf 82' lang='lat' dir='ltr'>Surgeret</span> <span class='ocrx_word' id='word_1_11' title='bbox 572 558 611 590; x_wconf 84' lang='lat' dir='ltr'>ut</span> <span class='ocrx_word' id='word_1_12' title='bbox 643 551 790 599; x_wconf 85' lang='lat' dir='ltr'>fragilis</span> 
     </span>
     <span class='ocr_line' id='line_1_6' title="bbox 417 609 633 652; baseline -0.009 -5"><span class='ocrx_word' id='word_1_13' title='bbox 417 609 633 652; x_wconf 85' lang='lat' dir='ltr'>Humilitas,</span> 
     </span>
    </p>

    <p class='ocr_par' dir='ltr' id='par_1_5' title="bbox 361 665 890 759">
     <span class='ocr_line' id='line_1_7' title="bbox 361 665 890 712; baseline -0.004 -9"><span class='ocrx_word' id='word_1_14' title='bbox 361 666 435 703; x_wconf 87' lang='lat' dir='ltr'>Per</span> <span class='ocrx_word' id='word_1_15' title='bbox 465 676 576 712; x_wconf 86' lang='lat' dir='ltr'>quam</span> <span class='ocrx_word' id='word_1_16' title='bbox 607 665 709 703; x_wconf 87' lang='lat' dir='ltr'>venit</span> <span class='ocrx_word' id='word_1_17' title='bbox 740 665 890 702; x_wconf 84' lang='lat' dir='ltr'>humilis</span> 
     </span>
     <span class='ocr_line' id='line_1_8' title="bbox 416 721 636 759; baseline -0.005 0"><span class='ocrx_word' id='word_1_18' title='bbox 416 721 636 759; x_wconf 84' lang='lat' dir='ltr'>Sublimitas</span> 
     </span>
    </p>

    <p class='ocr_par' dir='ltr' id='par_1_6' title="bbox 362 776 776 825">
     <span class='ocr_line' id='line_1_9' title="bbox 362 776 776 825; baseline -0.005 -9"><span class='ocrx_word' id='word_1_19' title='bbox 362 776 776 825; x_wconf 88' lang='lat' dir='ltr'>Incomprehensibilis.</span> 
     </span>
    </p>
   </div>
   <div class='ocr_carea' id='block_1_2' title="bbox 277 861 871 1351">
    <p class='ocr_par' dir='ltr' id='par_1_7' title="bbox 277 861 843 909">
     <span class='ocr_line' id='line_1_10' title="bbox 277 861 843 909; baseline -0.005 -8"><span class='ocrx_word' id='word_1_20' title='bbox 277 864 316 901; x_wconf 89' lang='lat'>4.</span> <span class='ocrx_word' id='word_1_21' title='bbox 362 863 478 909; x_wconf 85' lang='lat' dir='ltr'>Quam</span> <span class='ocrx_word' id='word_1_22' title='bbox 511 861 582 899; x_wconf 89' lang='lat' dir='ltr'>tibi</span> <span class='ocrx_word' id='word_1_23' title='bbox 611 873 685 899; x_wconf 86' lang='lat' dir='ltr'>vox</span> <span class='ocrx_word' id='word_1_24' title='bbox 715 862 843 899; x_wconf 86' lang='lat' dir='ltr'>attulit</span> 
     </span>
    </p>

    <p class='ocr_par' dir='ltr' id='par_1_8' title="bbox 416 918 612 967">
     <span class='ocr_line' id='line_1_11' title="bbox 416 918 612 967; baseline -0.01 -11"><span class='ocrx_word' id='word_1_25' title='bbox 416 918 612 967; x_wconf 85' lang='lat' dir='ltr'>Angelica‚</span> 
     </span>
    </p>

    <p class='ocr_par' dir='ltr' id='par_1_9' title="bbox 359 975 843 1076">
     <span class='ocr_line' id='line_1_12' title="bbox 359 975 843 1013; baseline -0.004 0"><span class='ocrx_word' id='word_1_26' title='bbox 359 975 544 1013; x_wconf 86' lang='lat' dir='ltr'>Mundum</span> <span class='ocrx_word' id='word_1_27' title='bbox 577 975 678 1011; x_wconf 88' lang='lat' dir='ltr'>salus</span> <span class='ocrx_word' id='word_1_28' title='bbox 710 975 843 1012; x_wconf 87' lang='lat' dir='ltr'>extulit</span> 
     </span>
     <span class='ocr_line' id='line_1_13' title="bbox 417 1031 664 1076; baseline -0.008 -7"><span class='ocrx_word' id='word_1_29' title='bbox 417 1032 480 1069; x_wconf 91' lang='lat' dir='ltr'>Ad</span> <span class='ocrx_word' id='word_1_30' title='bbox 513 1031 664 1076; x_wconf 84' lang='lat' dir='ltr'>caelica,</span> 
     </span>
    </p>

    <p class='ocr_par' dir='ltr' id='par_1_10' title="bbox 362 1087 792 1191">
     <span class='ocr_line' id='line_1_14' title="bbox 362 1087 792 1125; baseline -0.002 0"><span class='ocrx_word' id='word_1_31' title='bbox 362 1088 469 1125; x_wconf 88' lang='lat' dir='ltr'>Bona</span> <span class='ocrx_word' id='word_1_32' title='bbox 499 1098 624 1124; x_wconf 86' lang='lat' dir='ltr'>secum</span> <span class='ocrx_word' id='word_1_33' title='bbox 658 1087 792 1124; x_wconf 84' lang='lat' dir='ltr'>detulit</span> 
     </span>
     <span class='ocr_line' id='line_1_15' title="bbox 415 1143 589 1191; baseline -0.011 -9"><span class='ocrx_word' id='word_1_34' title='bbox 415 1143 589 1191; x_wconf 85' lang='lat' dir='ltr'>Vivifica‚</span> 
     </span>
    </p>

    <p class='ocr_par' dir='ltr' id='par_1_11' title="bbox 356 1199 786 1294">
     <span class='ocr_line' id='line_1_16' title="bbox 356 1199 786 1238; baseline -0.002 0"><span class='ocrx_word' id='word_1_35' title='bbox 356 1201 460 1238; x_wconf 85' lang='lat' dir='ltr'>Mala</span> <span class='ocrx_word' id='word_1_36' title='bbox 491 1200 600 1238; x_wconf 87' lang='lat' dir='ltr'>nobis</span> <span class='ocrx_word' id='word_1_37' title='bbox 629 1199 786 1237; x_wconf 88' lang='lat' dir='ltr'>abstulit</span> 
     </span>
     <span class='ocr_line' id='line_1_17' title="bbox 415 1256 608 1294; baseline 0 0"><span class='ocrx_word' id='word_1_38' title='bbox 415 1256 608 1294; x_wconf 84' lang='lat' dir='ltr'>Mortifiea</span> 
     </span>
    </p>

    <p class='ocr_par' dir='ltr' id='par_1_12' title="bbox 361 1312 871 1351">
     <span class='ocr_line' id='line_1_18' title="bbox 361 1312 871 1351; baseline 0 0"><span class='ocrx_word' id='word_1_39' title='bbox 361 1314 409 1351; x_wconf 83' lang='lat' dir='ltr'>Et</span> <span class='ocrx_word' id='word_1_40' title='bbox 441 1314 480 1350; x_wconf 93' lang='lat' dir='ltr'>in</span> <span class='ocrx_word' id='word_1_41' title='bbox 511 1314 670 1350; x_wconf 88' lang='lat' dir='ltr'>salutem</span> <span class='ocrx_word' id='word_1_42' title='bbox 701 1312 871 1351; x_wconf 80' lang='lat' dir='ltr'>contulit.</span> 
     </span>
    </p>
   </div>
   <div class='ocr_carea' id='block_1_3' title="bbox 740 1397 1317 1887">
    <p class='ocr_par' dir='ltr' id='par_1_13' title="bbox 740 1397 1232 1444">
     <span class='ocr_line' id='line_1_19' title="bbox 740 1397 1232 1444; baseline -0.004 -8"><span class='ocrx_word' id='word_1_43' title='bbox 740 1399 776 1436; x_wconf 84' lang='lat'>7.</span> <span class='ocrx_word' id='word_1_44' title='bbox 823 1397 928 1435; x_wconf 90' lang='lat' dir='ltr'>Ades</span> <span class='ocrx_word' id='word_1_45' title='bbox 965 1408 1053 1444; x_wconf 80' lang='lat' dir='ltr'>ergo</span> <span class='ocrx_word' id='word_1_46' title='bbox 1085 1397 1232 1434; x_wconf 87' lang='lat' dir='ltr'>miseris</span> 
     </span>
    </p>

    <p class='ocr_par' dir='ltr' id='par_1_14' title="bbox 886 1454 1142 1503">
     <span class='ocr_line' id='line_1_20' title="bbox 886 1454 1142 1503; baseline -0.008 -11"><span class='ocrx_word' id='word_1_47' title='bbox 886 1454 1142 1503; x_wconf 85' lang='lat' dir='ltr'>Supplicibus‚</span> 
     </span>
    </p>

    <p class='ocr_par' dir='ltr' id='par_1_15' title="bbox 825 1511 1274 1613">
     <span class='ocr_line' id='line_1_21' title="bbox 825 1511 1274 1548; baseline -0.002 0"><span class='ocrx_word' id='word_1_48' title='bbox 825 1511 876 1548; x_wconf 87' lang='lat' dir='ltr'>Et</span> <span class='ocrx_word' id='word_1_49' title='bbox 907 1511 1027 1548; x_wconf 82' lang='lat' dir='ltr'>nostri</span> <span class='ocrx_word' id='word_1_50' title='bbox 1059 1511 1274 1547; x_wconf 84' lang='lat' dir='ltr'>memineris</span> 
     </span>
     <span class='ocr_line' id='line_1_22' title="bbox 882 1568 1155 1613; baseline -0.011 -6"><span class='ocrx_word' id='word_1_51' title='bbox 882 1569 935 1607; x_wconf 87' lang='lat' dir='ltr'>Ut</span> <span class='ocrx_word' id='word_1_52' title='bbox 965 1568 1155 1613; x_wconf 86' lang='lat' dir='ltr'>precibus,</span> 
     </span>
    </p>

    <p class='ocr_par' dir='ltr' id='par_1_16' title="bbox 825 1623 1317 1727">
     <span class='ocr_line' id='line_1_23' title="bbox 825 1623 1317 1670; baseline -0.002 -10"><span class='ocrx_word' id='word_1_53' title='bbox 825 1624 904 1661; x_wconf 92' lang='lat' dir='ltr'>Nos</span> <span class='ocrx_word' id='word_1_54' title='bbox 935 1624 1138 1670; x_wconf 80' lang='lat' dir='ltr'>coniungas</span> <span class='ocrx_word' id='word_1_55' title='bbox 1170 1623 1317 1670; x_wconf 85' lang='lat' dir='ltr'>superis</span> 
     </span>
     <span class='ocr_line' id='line_1_24' title="bbox 883 1680 1102 1727; baseline -0.009 -9"><span class='ocrx_word' id='word_1_56' title='bbox 883 1680 1102 1727; x_wconf 81' lang='lat' dir='ltr'>Spiritibus‚</span> 
     </span>
    </p>

    <p class='ocr_par' dir='ltr' id='par_1_17' title="bbox 827 1736 1276 1830">
     <span class='ocr_line' id='line_1_25' title="bbox 827 1736 1276 1782; baseline -0.004 -8"><span class='ocrx_word' id='word_1_57' title='bbox 827 1736 906 1782; x_wconf 87' lang='lat' dir='ltr'>Quo</span> <span class='ocrx_word' id='word_1_58' title='bbox 937 1737 1109 1782; x_wconf 79' lang='lat' dir='ltr'>praelata</span> <span class='ocrx_word' id='word_1_59' title='bbox 1140 1736 1276 1772; x_wconf 82' lang='lat' dir='ltr'>ceteris</span> 
     </span>
     <span class='ocr_line' id='line_1_26' title="bbox 883 1793 1118 1830; baseline -0.004 0"><span class='ocrx_word' id='word_1_60' title='bbox 883 1793 1118 1830; x_wconf 81' lang='lat' dir='ltr'>Caelestibus</span> 
     </span>
    </p>

    <p class='ocr_par' dir='ltr' id='par_1_18' title="bbox 831 1848 1249 1887">
     <span class='ocr_line' id='line_1_27' title="bbox 831 1848 1249 1887; baseline 0 0"><span class='ocrx_word' id='word_1_61' title='bbox 831 1850 975 1887; x_wconf 88' lang='lat' dir='ltr'>Fructu</span> <span class='ocrx_word' id='word_1_62' title='bbox 1006 1854 1070 1886; x_wconf 91' lang='lat' dir='ltr'>tuo</span> <span class='ocrx_word' id='word_1_63' title='bbox 1099 1848 1249 1887; x_wconf 88' lang='lat' dir='ltr'>frueris.</span> 
     </span>
    </p>
   </div>
   <div class='ocr_carea' id='block_1_4' title="bbox 278 1931 1844 2336">
    <p class='ocr_par' dir='ltr' id='par_1_19' title="bbox 278 1931 1844 2246">
     <span class='ocr_line' id='line_1_28' title="bbox 368 1931 1841 1974; baseline -0.001 -10"><span class='ocrx_word' id='word_1_64' title='bbox 368 1933 434 1974; x_wconf 82' lang='lat' dir='ltr'>Ep,</span> <span class='ocrx_word' id='word_1_65' title='bbox 460 1933 537 1964; x_wconf 89' lang='lat' dir='ltr'>VII.</span> <span class='ocrx_word' id='word_1_66' title='bbox 564 1949 609 1955; x_wconf 94' lang='lat'>—</span> <span class='ocrx_word' id='word_1_67' title='bbox 635 1933 807 1964; x_wconf 81' lang='lat' dir='ltr'>Dominae</span> <span class='ocrx_word' id='word_1_68' title='bbox 840 1932 882 1964; x_wconf 91' lang='lat' dir='ltr'>de</span> <span class='ocrx_word' id='word_1_69' title='bbox 912 1933 1096 1964; x_wconf 86' lang='lat' dir='ltr'>Basochiis</span> <span class='ocrx_word' id='word_1_70' title='bbox 1122 1932 1348 1964; x_wconf 80' lang='lat' dir='ltr'>honorandae</span> <span class='ocrx_word' id='word_1_71' title='bbox 1372 1933 1560 1974; x_wconf 87' lang='lat' dir='ltr'>plurimum</span> <span class='ocrx_word' id='word_1_72' title='bbox 1585 1935 1619 1963; x_wconf 86' lang='lat' dir='ltr'>et</span> <span class='ocrx_word' id='word_1_73' title='bbox 1643 1931 1841 1973; x_wconf 84' lang='lat' dir='ltr'>diligendae</span> 
     </span>
     <span class='ocr_line' id='line_1_29' title="bbox 279 1975 1844 2019; baseline -0.001 -10"><span class='ocrx_word' id='word_1_74' title='bbox 279 1979 347 2009; x_wconf 90' lang='lat' dir='ltr'>sibi</span> <span class='ocrx_word' id='word_1_75' title='bbox 373 1978 542 2019; x_wconf 83' lang='lat' dir='ltr'>genetrici</span> <span class='ocrx_word' id='word_1_76' title='bbox 568 1986 651 2009; x_wconf 87' lang='lat' dir='ltr'>suae</span> <span class='ocrx_word' id='word_1_77' title='bbox 676 1978 730 2016; x_wconf 87' lang='lat' dir='ltr'>G.‚</span> <span class='ocrx_word' id='word_1_78' title='bbox 755 1978 865 2019; x_wconf 89' lang='lat' dir='ltr'>primo</span> <span class='ocrx_word' id='word_1_79' title='bbox 891 1979 1030 2019; x_wconf 78' lang='lat' dir='ltr'>genitus</span> <span class='ocrx_word' id='word_1_80' title='bbox 1056 1979 1142 2010; x_wconf 87' lang='lat' dir='ltr'>eius.</span> <span class='ocrx_word' id='word_1_81' title='bbox 1178 1994 1213 1998; x_wconf 36' lang='grc' dir='ltr'><em>ἐ</em></span> <span class='ocrx_word' id='word_1_82' title='bbox 1239 1978 1305 2009; x_wconf 87' lang='lat' dir='ltr'>Am</span> <span class='ocrx_word' id='word_1_83' title='bbox 1330 1977 1488 2010; x_wconf 85' lang='lat' dir='ltr'>Schluss:</span> <span class='ocrx_word' id='word_1_84' title='bbox 1517 1978 1650 2018; x_wconf 79' lang='lat' dir='ltr'>„Quam</span> <span class='ocrx_word' id='word_1_85' title='bbox 1669 1975 1844 2017; x_wconf 83' lang='lat' dir='ltr'>(Mariam)</span> 
     </span>
     <span class='ocr_line' id='line_1_30' title="bbox 284 2022 1843 2065; baseline 0 -11"><span class='ocrx_word' id='word_1_86' title='bbox 284 2025 366 2064; x_wconf 82' lang='lat' dir='ltr'>quia</span> <span class='ocrx_word' id='word_1_87' title='bbox 403 2023 522 2065; x_wconf 80' lang='lat' dir='ltr'>diligis</span> <span class='ocrx_word' id='word_1_88' title='bbox 559 2026 593 2054; x_wconf 83' lang='lat' dir='ltr'>et</span> <span class='ocrx_word' id='word_1_89' title='bbox 629 2023 799 2065; x_wconf 90' lang='lat' dir='ltr'>quidquid</span> <span class='ocrx_word' id='word_1_90' title='bbox 831 2023 1006 2065; x_wconf 82' lang='lat' dir='ltr'>intellegis</span> <span class='ocrx_word' id='word_1_91' title='bbox 1040 2025 1223 2055; x_wconf 84' lang='lat' dir='ltr'>concinere</span> <span class='ocrx_word' id='word_1_92' title='bbox 1253 2022 1375 2055; x_wconf 84' lang='lat' dir='ltr'>laudes</span> <span class='ocrx_word' id='word_1_93' title='bbox 1410 2025 1521 2065; x_wconf 83' lang='lat' dir='ltr'>ipsius</span> <span class='ocrx_word' id='word_1_94' title='bbox 1554 2025 1588 2054; x_wconf 85' lang='lat' dir='ltr'>et</span> <span class='ocrx_word' id='word_1_95' title='bbox 1620 2022 1664 2053; x_wconf 85' lang='lat' dir='ltr'>ad</span> <span class='ocrx_word' id='word_1_96' title='bbox 1695 2023 1843 2065; x_wconf 85' lang='lat' dir='ltr'>gloriam</span> 
     </span>
     <span class='ocr_line' id='line_1_31' title="bbox 281 2067 1843 2111; baseline 0 -12"><span class='ocrx_word' id='word_1_97' title='bbox 281 2070 466 2110; x_wconf 85' lang='lat' dir='ltr'>pertinere,</span> <span class='ocrx_word' id='word_1_98' title='bbox 493 2069 592 2099; x_wconf 85' lang='lat' dir='ltr'>mitto</span> <span class='ocrx_word' id='word_1_99' title='bbox 618 2069 682 2099; x_wconf 88' lang='lat' dir='ltr'>tibi</span> <span class='ocrx_word' id='word_1_100' title='bbox 708 2068 864 2110; x_wconf 83' lang='lat' dir='ltr'>singulas</span> <span class='ocrx_word' id='word_1_101' title='bbox 888 2068 939 2100; x_wconf 91' lang='lat' dir='ltr'>de</span> <span class='ocrx_word' id='word_1_102' title='bbox 968 2069 1162 2111; x_wconf 85' lang='lat' dir='ltr'>singulis</span> <span class='ocrx_word' id='word_1_103' title='bbox 1189 2070 1285 2100; x_wconf 86' lang='lat' dir='ltr'>eius</span> <span class='ocrx_word' id='word_1_104' title='bbox 1308 2067 1707 2100; x_wconf 84' lang='lat' dir='ltr'>sollemnitatibus</span> <span class='ocrx_word' id='word_1_105' title='bbox 1724 2067 1843 2100; x_wconf 80' lang='lat' dir='ltr'>lauda-</span> 
     </span>
     <span class='ocr_line' id='line_1_32' title="bbox 280 2110 1843 2155; baseline 0.001 -11"><span class='ocrx_word' id='word_1_106' title='bbox 280 2115 386 2144; x_wconf 73' lang='lat' dir='ltr'>tionis</span> <span class='ocrx_word' id='word_1_107' title='bbox 425 2110 671 2155; x_wconf 79' lang='lat' dir='ltr'>rhytli[micae]</span> <span class='ocrx_word' id='word_1_108' title='bbox 704 2113 898 2152; x_wconf 81' lang='lat' dir='ltr'>clausulas,</span> <span class='ocrx_word' id='word_1_109' title='bbox 929 2124 1016 2154; x_wconf 86' lang='lat' dir='ltr'>quas</span> <span class='ocrx_word' id='word_1_110' title='bbox 1047 2113 1197 2146; x_wconf 83' lang='lat' dir='ltr'>edidisse</span> <span class='ocrx_word' id='word_1_111' title='bbox 1231 2115 1305 2145; x_wconf 74' lang='lat' dir='ltr'>sive</span> <span class='ocrx_word' id='word_1_112' title='bbox 1339 2114 1469 2145; x_wconf 83' lang='lat' dir='ltr'>dixisse</span> <span class='ocrx_word' id='word_1_113' title='bbox 1501 2113 1662 2146; x_wconf 85' lang='lat' dir='ltr'>decenter</span> <span class='ocrx_word' id='word_1_114' title='bbox 1692 2113 1736 2145; x_wconf 87' lang='lat' dir='ltr'>ad</span> <span class='ocrx_word' id='word_1_115' title='bbox 1768 2114 1843 2145; x_wconf 84' lang='lat' dir='ltr'>eius</span> 
     </span>
     <span class='ocr_line' id='line_1_33' title="bbox 278 2158 1842 2201; baseline 0.001 -12"><span class='ocrx_word' id='word_1_116' title='bbox 278 2158 445 2190; x_wconf 87' lang='lat' dir='ltr'>honorem</span> <span class='ocrx_word' id='word_1_117' title='bbox 487 2169 557 2190; x_wconf 91' lang='lat' dir='ltr'>non</span> <span class='ocrx_word' id='word_1_118' title='bbox 602 2160 691 2190; x_wconf 84' lang='lat' dir='ltr'>sinet</span> <span class='ocrx_word' id='word_1_119' title='bbox 731 2160 1026 2191; x_wconf 81' lang='lat' dir='ltr'>inremuneratum</span> <span class='ocrx_word' id='word_1_120' title='bbox 1068 2170 1159 2198; x_wconf 88' lang='lat' dir='ltr'>esse⁷</span> <span class='ocrx_word' id='word_1_121' title='bbox 1199 2169 1288 2201; x_wconf 84' lang='lat' dir='ltr'>quae</span> <span class='ocrx_word' id='word_1_122' title='bbox 1327 2160 1449 2201; x_wconf 86' lang='lat' dir='ltr'>genuit</span> <span class='ocrx_word' id='word_1_123' title='bbox 1484 2159 1652 2191; x_wconf 88' lang='lat' dir='ltr'>bonorum</span> <span class='ocrx_word' id='word_1_124' title='bbox 1688 2159 1842 2190; x_wconf 88' lang='lat' dir='ltr'>omnium</span> 
     </span>
     <span class='ocr_line' id='line_1_34' title="bbox 278 2202 933 2246; baseline 0.002 -11"><span class='ocrx_word' id='word_1_125' title='bbox 278 2202 511 2246; x_wconf 79' lang='lat' dir='ltr'>largitorem“.</span> <span class='ocrx_word' id='word_1_126' title='bbox 538 2221 580 2225; x_wconf 97' lang='lat'><strong>—</strong></span> <span class='ocrx_word' id='word_1_127' title='bbox 606 2204 711 2236; x_wconf 85' lang='lat' dir='ltr'>Mone</span> <span class='ocrx_word' id='word_1_128' title='bbox 736 2205 780 2243; x_wconf 88' lang='grc' dir='ltr'>ΙΙ,</span> <span class='ocrx_word' id='word_1_129' title='bbox 807 2202 827 2236; x_wconf 90' lang='grc'>6</span> <span class='ocrx_word' id='word_1_130' title='bbox 852 2215 886 2236; x_wconf 89' lang='lat' dir='ltr'>u.</span> <span class='ocrx_word' id='word_1_131' title='bbox 911 2204 933 2236; x_wconf 86' lang='lat' dir='ltr'>f.</span> 
     </span>
    </p>

    <p class='ocr_par' dir='ltr' id='par_1_20' title="bbox 278 2247 1841 2336">
     <span class='ocr_line' id='line_1_35' title="bbox 369 2247 1841 2289; baseline 0 -9"><span class='ocrx_word' id='word_1_132' title='bbox 369 2250 408 2289; x_wconf 82' lang='lat' dir='ltr'>R,</span> <span class='ocrx_word' id='word_1_133' title='bbox 434 2247 455 2280; x_wconf 87' lang='grc'>2</span> <span class='ocrx_word' id='word_1_134' title='bbox 481 2253 513 2280; x_wconf 91' lang='lat' dir='ltr'>te</span> <span class='ocrx_word' id='word_1_135' title='bbox 539 2259 594 2281; x_wconf 85' lang='lat' dir='ltr'>am</span> <span class='ocrx_word' id='word_1_136' title='bbox 620 2249 752 2281; x_wconf 86' lang='lat' dir='ltr'>Raude.</span> <span class='ocrx_word' id='word_1_137' title='bbox 779 2267 820 2271; x_wconf 93' lang='lat'>—-</span> <span class='ocrx_word' id='word_1_138' title='bbox 846 2247 878 2288; x_wconf 89' lang='lat'>4,</span> <span class='ocrx_word' id='word_1_139' title='bbox 904 2248 925 2281; x_wconf 80' lang='lat'>3</span> <span class='ocrx_word' id='word_1_140' title='bbox 945 2249 1246 2281; x_wconf 79' lang='lat' dir='ltr'>Bemerkenswert</span> <span class='ocrx_word' id='word_1_141' title='bbox 1270 2250 1316 2281; x_wconf 85' lang='lat' dir='ltr'>ist</span> <span class='ocrx_word' id='word_1_142' title='bbox 1341 2249 1403 2281; x_wconf 85' lang='lat' dir='ltr'>das</span> <span class='ocrx_word' id='word_1_143' title='bbox 1420 2250 1523 2281; x_wconf 55' lang='lat' dir='ltr'>lvort</span> <span class='ocrx_word' id='word_1_144' title='bbox 1548 2249 1644 2280; x_wconf 88' lang='lat' dir='ltr'>salus</span> <span class='ocrx_word' id='word_1_145' title='bbox 1669 2249 1717 2280; x_wconf 87' lang='lat' dir='ltr'>im</span> <span class='ocrx_word' id='word_1_146' title='bbox 1734 2249 1841 2282; x_wconf 85' lang='lat' dir='ltr'>Sinne</span> 
     </span>
     <span class='ocr_line' id='line_1_36' title="bbox 278 2293 1020 2336; baseline 0 -10"><span class='ocrx_word' id='word_1_147' title='bbox 278 2305 346 2326; x_wconf 90' lang='lat' dir='ltr'>von</span> <span class='ocrx_word' id='word_1_148' title='bbox 373 2295 557 2326; x_wconf 80' lang='lat' dir='ltr'>Salutatio.</span> <span class='ocrx_word' id='word_1_149' title='bbox 605 2295 684 2336; x_wconf 83' lang='lat' dir='ltr'>Vgl.</span> <span class='ocrx_word' id='word_1_150' title='bbox 710 2294 811 2327; x_wconf 87' lang='lat' dir='ltr'>Anal.</span> <span class='ocrx_word' id='word_1_151' title='bbox 837 2296 963 2333; x_wconf 82' lang='lat' dir='ltr'>XLVI,</span> <span class='ocrx_word' id='word_1_152' title='bbox 989 2293 1020 2326; x_wconf 88' lang='grc'>6.</span> 
     </span>
    </p>
   </div>
   <div class='ocr_carea' id='block_1_5' title="bbox 1004 213 1197 253">
    <p class='ocr_par' dir='ltr' id='par_1_21' title="bbox 1004 213 1197 253">
     <span class='ocr_line' id='line_1_37' title="bbox 1004 213 1197 253; baseline -0.01 0"><span class='ocrx_word' id='word_1_153' title='bbox 1004 213 1086 253; x_wconf 77' lang='lat'>514</span> <span class='ocrx_word' id='word_1_154' title='bbox 1149 237 1197 241; x_wconf 92' lang='lat'><strong>—</strong></span> 
     </span>
    </p>
   </div>
   <div class='ocr_carea' id='block_1_6' title="bbox 1091 327 1600 824">
    <p class='ocr_par' dir='ltr' id='par_1_22' title="bbox 1091 327 1600 824">
     <span class='ocr_line' id='line_1_38' title="bbox 1091 327 1577 374; baseline 0 -9"><span class='ocrx_word' id='word_1_155' title='bbox 1091 330 1126 365; x_wconf 85' lang='lat'>5.</span> <span class='ocrx_word' id='word_1_156' title='bbox 1175 327 1335 365; x_wconf 90' lang='lat' dir='ltr'>Pudoris</span> <span class='ocrx_word' id='word_1_157' title='bbox 1365 327 1577 374; x_wconf 86' lang='lat' dir='ltr'>incognitus</span> 
     </span>
     <span class='ocr_line' id='line_1_39' title="bbox 1231 383 1486 432; baseline 0 -12"><span class='ocrx_word' id='word_1_158' title='bbox 1231 384 1274 420; x_wconf 90' lang='lat' dir='ltr'>In</span> <span class='ocrx_word' id='word_1_159' title='bbox 1306 387 1344 420; x_wconf 87' lang='lat' dir='ltr'>te</span> <span class='ocrx_word' id='word_1_160' title='bbox 1373 383 1486 432; x_wconf 88' lang='lat' dir='ltr'>nitor,</span> 
     </span>
     <span class='ocr_line' id='line_1_40' title="bbox 1176 440 1595 477; baseline 0 -1"><span class='ocrx_word' id='word_1_161' title='bbox 1176 440 1289 477; x_wconf 89' lang='lat' dir='ltr'>Cuius</span> <span class='ocrx_word' id='word_1_162' title='bbox 1320 440 1445 476; x_wconf 91' lang='lat' dir='ltr'>nullus</span> <span class='ocrx_word' id='word_1_163' title='bbox 1476 440 1595 476; x_wconf 86' lang='lat' dir='ltr'>coitus</span> 
     </span>
     <span class='ocr_line' id='line_1_41' title="bbox 1233 496 1516 544; baseline -0.004 -11"><span class='ocrx_word' id='word_1_164' title='bbox 1233 496 1303 533; x_wconf 87' lang='lat' dir='ltr'>Est</span> <span class='ocrx_word' id='word_1_165' title='bbox 1334 496 1516 544; x_wconf 83' lang='lat' dir='ltr'>cognitor,</span> 
     </span>
     <span class='ocr_line' id='line_1_42' title="bbox 1178 552 1600 590; baseline -0.005 0"><span class='ocrx_word' id='word_1_166' title='bbox 1178 553 1237 590; x_wconf 87' lang='lat' dir='ltr'>Ex</span> <span class='ocrx_word' id='word_1_167' title='bbox 1269 556 1306 588; x_wconf 86' lang='lat' dir='ltr'>te</span> <span class='ocrx_word' id='word_1_168' title='bbox 1335 552 1445 589; x_wconf 91' lang='lat' dir='ltr'>nobis</span> <span class='ocrx_word' id='word_1_169' title='bbox 1477 552 1600 589; x_wconf 89' lang='lat' dir='ltr'>editus</span> 
     </span>
     <span class='ocr_line' id='line_1_43' title="bbox 1231 608 1520 652; baseline -0.003 -6"><span class='ocrx_word' id='word_1_170' title='bbox 1231 609 1302 646; x_wconf 90' lang='lat' dir='ltr'>Est</span> <span class='ocrx_word' id='word_1_171' title='bbox 1334 608 1520 652; x_wconf 83' lang='lat' dir='ltr'>conditor,</span> 
     </span>
     <span class='ocr_line' id='line_1_44' title="bbox 1175 665 1562 711; baseline -0.005 -8"><span class='ocrx_word' id='word_1_172' title='bbox 1175 665 1281 703; x_wconf 86' lang='lat' dir='ltr'>Idem</span> <span class='ocrx_word' id='word_1_173' title='bbox 1313 665 1383 701; x_wconf 89' lang='lat' dir='ltr'>tibi</span> <span class='ocrx_word' id='word_1_174' title='bbox 1414 665 1562 711; x_wconf 86' lang='lat' dir='ltr'>genitus</span> 
     </span>
     <span class='ocr_line' id='line_1_45' title="bbox 1232 720 1473 769; baseline -0.004 -11"><span class='ocrx_word' id='word_1_175' title='bbox 1232 721 1283 758; x_wconf 84' lang='lat' dir='ltr'>Et</span> <span class='ocrx_word' id='word_1_176' title='bbox 1314 720 1473 769; x_wconf 85' lang='lat' dir='ltr'>genitor,</span> 
     </span>
     <span class='ocr_line' id='line_1_46' title="bbox 1179 777 1562 824; baseline -0.003 -10"><span class='ocrx_word' id='word_1_177' title='bbox 1179 777 1304 814; x_wconf 85' lang='lat' dir='ltr'>Patris</span> <span class='ocrx_word' id='word_1_178' title='bbox 1335 777 1562 824; x_wconf 86' lang='lat' dir='ltr'>unigenitus.</span> 
     </span>
    </p>
   </div>
   <div class='ocr_carea' id='block_1_7' title="bbox 1094 859 1623 1360">
    <p class='ocr_par' dir='ltr' id='par_1_23' title="bbox 1094 859 1623 1360">
     <span class='ocr_line' id='line_1_47' title="bbox 1094 859 1620 900; baseline -0.006 0"><span class='ocrx_word' id='word_1_179' title='bbox 1094 863 1130 900; x_wconf 80' lang='lat'>6.</span> <span class='ocrx_word' id='word_1_180' title='bbox 1180 863 1233 899; x_wconf 91' lang='lat' dir='ltr'>Te</span> <span class='ocrx_word' id='word_1_181' title='bbox 1266 862 1375 898; x_wconf 85' lang='lat' dir='ltr'>decet</span> <span class='ocrx_word' id='word_1_182' title='bbox 1409 859 1620 898; x_wconf 82' lang='lat' dir='ltr'>fecunditas</span> 
     </span>
     <span class='ocr_line' id='line_1_48' title="bbox 1235 917 1454 966; baseline -0.005 -11"><span class='ocrx_word' id='word_1_183' title='bbox 1235 917 1454 966; x_wconf 86' lang='lat' dir='ltr'>Virginalis,</span> 
     </span>
     <span class='ocr_line' id='line_1_49' title="bbox 1178 972 1597 1011; baseline -0.005 0"><span class='ocrx_word' id='word_1_184' title='bbox 1178 973 1378 1011; x_wconf 89' lang='lat' dir='ltr'>Luminum</span> <span class='ocrx_word' id='word_1_185' title='bbox 1411 972 1597 1010; x_wconf 87' lang='lat' dir='ltr'>festivitas</span> 
     </span>
     <span class='ocr_line' id='line_1_50' title="bbox 1236 1030 1448 1079; baseline -0.009 -11"><span class='ocrx_word' id='word_1_186' title='bbox 1236 1030 1448 1079; x_wconf 80' lang='lat' dir='ltr'>Spiritalis3</span> 
     </span>
     <span class='ocr_line' id='line_1_51' title="bbox 1181 1086 1593 1133; baseline -0.005 -9"><span class='ocrx_word' id='word_1_187' title='bbox 1181 1087 1277 1124; x_wconf 81' lang='lat' dir='ltr'>Cera</span> <span class='ocrx_word' id='word_1_188' title='bbox 1308 1090 1367 1123; x_wconf 85' lang='lat' dir='ltr'>est</span> <span class='ocrx_word' id='word_1_189' title='bbox 1396 1086 1593 1133; x_wconf 88' lang='lat' dir='ltr'>virginitas</span> 
     </span>
     <span class='ocr_line' id='line_1_52' title="bbox 1234 1142 1459 1192; baseline -0.009 -11"><span class='ocrx_word' id='word_1_190' title='bbox 1234 1142 1459 1192; x_wconf 85' lang='lat' dir='ltr'>Parentalis‚</span> 
     </span>
     <span class='ocr_line' id='line_1_53' title="bbox 1177 1198 1623 1236; baseline 0 0"><span class='ocrx_word' id='word_1_191' title='bbox 1177 1199 1311 1236; x_wconf 88' lang='lat' dir='ltr'>Linum</span> <span class='ocrx_word' id='word_1_192' title='bbox 1344 1202 1400 1236; x_wconf 88' lang='lat' dir='ltr'>est</span> <span class='ocrx_word' id='word_1_193' title='bbox 1431 1198 1623 1236; x_wconf 89' lang='lat' dir='ltr'>humilitas</span> 
     </span>
     <span class='ocr_line' id='line_1_54' title="bbox 1231 1256 1393 1302; baseline 0 -10"><span class='ocrx_word' id='word_1_194' title='bbox 1231 1256 1393 1302; x_wconf 85' lang='lat' dir='ltr'>Filialis,</span> 
     </span>
     <span class='ocr_line' id='line_1_55' title="bbox 1175 1311 1591 1360; baseline 0 -11"><span class='ocrx_word' id='word_1_195' title='bbox 1175 1312 1278 1360; x_wconf 87' lang='lat' dir='ltr'>Ignis</span> <span class='ocrx_word' id='word_1_196' title='bbox 1310 1315 1367 1349; x_wconf 83' lang='lat' dir='ltr'>est</span> <span class='ocrx_word' id='word_1_197' title='bbox 1398 1311 1591 1350; x_wconf 79' lang='lat' dir='ltr'>divinitas,</span> 
     </span>
    </p>
   </div>
   <div class='ocr_carea' id='block_1_8' title="bbox 1955 0 2031 2383">
    <p class='ocr_par' dir='ltr' id='par_1_24' title="bbox 1955 0 2031 2383">
     <span class='ocr_line' id='line_1_56' title="bbox 1955 0 2031 2383; baseline 0 0"><span class='ocrx_word' id='word_1_198' title='bbox 1955 0 2031 2383; x_wconf 95' lang='lat' dir='ltr'> </span> 
     </span>
    </p>
   </div>
   <div class='ocr_carea' id='block_1_9' title="bbox 731 2422 1381 2466">
    <p class='ocr_par' dir='ltr' id='par_1_25' title="bbox 731 2422 1381 2466">
     <span class='ocr_line' id='line_1_57' title="bbox 731 2422 1381 2466; baseline 0.002 -9"><span class='ocrx_word' id='word_1_199' title='bbox 731 2422 812 2458; x_wconf 77' lang='lat'>350.</span> <span class='ocrx_word' id='word_1_200' title='bbox 849 2423 907 2465; x_wconf 85' lang='lat'><strong>(7.)</strong></span> <span class='ocrx_word' id='word_1_201' title='bbox 942 2423 1000 2458; x_wconf 88' lang='lat' dir='ltr'>De</span> <span class='ocrx_word' id='word_1_202' title='bbox 1029 2423 1171 2458; x_wconf 81' lang='lat' dir='ltr'>sancto</span> <span class='ocrx_word' id='word_1_203' title='bbox 1200 2422 1381 2466; x_wconf 84' lang='lat' dir='ltr'>Aegidio.</span> 
     </span>
    </p>
   </div>
   <div class='ocr_carea' id='block_1_10' title="bbox 523 2497 1335 2649">
    <p class='ocr_par' dir='ltr' id='par_1_26' title="bbox 523 2497 1335 2649">
     <span class='ocr_line' id='line_1_58' title="bbox 523 2497 1310 2548; baseline -0.003 -11"><span class='ocrx_word' id='word_1_204' title='bbox 523 2500 558 2537; x_wconf 93' lang='lat'>1.</span> <span class='ocrx_word' id='word_1_205' title='bbox 605 2499 717 2537; x_wconf 91' lang='lat' dir='ltr'>Alme</span> <span class='ocrx_word' id='word_1_206' title='bbox 749 2497 942 2536; x_wconf 84' lang='lat' dir='ltr'>confessor</span> <span class='ocrx_word' id='word_1_207' title='bbox 974 2499 1100 2535; x_wconf 86' lang='lat' dir='ltr'>meriti</span> <span class='ocrx_word' id='word_1_208' title='bbox 1133 2499 1310 2548; x_wconf 82' lang='lat' dir='ltr'>potentis,</span> 
     </span>
     <span class='ocr_line' id='line_1_59' title="bbox 606 2555 1335 2603; baseline -0.004 -10"><span class='ocrx_word' id='word_1_209' title='bbox 606 2555 762 2593; x_wconf 87' lang='lat' dir='ltr'>Gratiae</span> <span class='ocrx_word' id='word_1_210' title='bbox 793 2556 975 2602; x_wconf 82' lang='lat' dir='ltr'>templum</span> <span class='ocrx_word' id='word_1_211' title='bbox 1007 2555 1335 2603; x_wconf 82' lang='lat' dir='ltr'>supereminentis,</span> 
     </span>
     <span class='ocr_line' id='line_1_60' title="bbox 606 2610 1297 2649; baseline -0.003 0"><span class='ocrx_word' id='word_1_212' title='bbox 606 2610 718 2649; x_wconf 89' lang='lat' dir='ltr'>Sume</span> <span class='ocrx_word' id='word_1_213' title='bbox 750 2612 910 2649; x_wconf 86' lang='lat' dir='ltr'>devotae</span> <span class='ocrx_word' id='word_1_214' title='bbox 941 2611 1010 2648; x_wconf 82' lang='lat' dir='ltr'>tibi</span> <span class='ocrx_word' id='word_1_215' title='bbox 1043 2617 1130 2648; x_wconf 82' lang='lat' dir='ltr'>vota</span> <span class='ocrx_word' id='word_1_216' title='bbox 1160 2611 1297 2648; x_wconf 74' lang='lat' dir='ltr'>mentis</span> 
     </span>
    </p>
   </div>
   <div class='ocr_carea' id='block_1_11' title="bbox 522 2752 1470 2800">
    <p class='ocr_par' dir='ltr' id='par_1_27' title="bbox 522 2752 1470 2800">
     <span class='ocr_line' id='line_1_61' title="bbox 522 2752 1470 2800; baseline -0.003 -9"><span class='ocrx_word' id='word_1_217' title='bbox 522 2755 560 2791; x_wconf 86' lang='lat'>2.</span> <span class='ocrx_word' id='word_1_218' title='bbox 606 2753 709 2798; x_wconf 76' lang='lat' dir='ltr'>Quae</span> <span class='ocrx_word' id='word_1_219' title='bbox 740 2753 905 2800; x_wconf 85' lang='lat' dir='ltr'>quidem,</span> <span class='ocrx_word' id='word_1_220' title='bbox 938 2763 1089 2799; x_wconf 83' lang='lat' dir='ltr'>semper</span> <span class='ocrx_word' id='word_1_221' title='bbox 1119 2752 1293 2799; x_wconf 86' lang='lat' dir='ltr'>quoniam</span> <span class='ocrx_word' id='word_1_222' title='bbox 1325 2754 1470 2800; x_wconf 85' lang='lat' dir='ltr'>petenti</span> 
     </span>
    </p>
   </div>
   <div class='ocr_carea' id='block_1_12' title="bbox 609 2809 1323 2856">
    <p class='ocr_par' dir='ltr' id='par_1_28' title="bbox 609 2809 1323 2856">
     <span class='ocr_line' id='line_1_62' title="bbox 609 2809 1323 2856; baseline -0.003 -10"><span class='ocrx_word' id='word_1_223' title='bbox 609 2810 734 2856; x_wconf 82' lang='lat' dir='ltr'>Larga</span> <span class='ocrx_word' id='word_1_224' title='bbox 765 2809 962 2846; x_wconf 80' lang='lat' dir='ltr'>blanditur</span> <span class='ocrx_word' id='word_1_225' title='bbox 992 2810 1134 2856; x_wconf 86' lang='lat' dir='ltr'>gremio</span> <span class='ocrx_word' id='word_1_226' title='bbox 1165 2809 1323 2855; x_wconf 85' lang='lat' dir='ltr'>patenti,</span> 
     </span>
    </p>
   </div>
   <div class='ocr_carea' id='block_1_13' title="bbox 820 2622 1978 2849">
    <p class='ocr_par' dir='ltr' id='par_1_29' title="bbox 820 2622 1978 2849">
     <span class='ocr_line' id='line_1_63' title="bbox 820 2622 1978 2780; baseline -0.002 -75"><span class='ocrx_word' id='word_1_227' title='bbox 820 2669 925 2705; x_wconf 87' lang='lat' dir='ltr'>Aure</span> <span class='ocrx_word' id='word_1_228' title='bbox 954 2667 1130 2716; x_wconf 80' lang='lat' dir='ltr'>benigna.</span> <span class='ocrx_word' id='word_1_229' title='bbox 1974 2622 1978 2780; x_wconf 60' lang='lat' dir='ltr'>j</span> 
     </span>
     <span class='ocr_line' id='line_1_64' title="bbox 1974 2801 1976 2823; baseline 0 0"><span class='ocrx_word' id='word_1_230' title='bbox 1974 2801 1976 2823; x_wconf 98' lang='grc' dir='ltr'>Ι</span> 
     </span>
     <span class='ocr_line' id='line_1_65' title="bbox 1973 2826 1976 2849; baseline 0 0"><span class='ocrx_word' id='word_1_231' title='bbox 1973 2826 1976 2849; x_wconf 77' lang='lat' dir='ltr'>l</span> 
     </span>
    </p>
   </div>
   <div class='ocr_carea' id='block_1_14' title="bbox 607 2864 1410 2970">
    <p class='ocr_par' dir='ltr' id='par_1_30' title="bbox 607 2864 1410 2970">
     <span class='ocr_line' id='line_1_66' title="bbox 607 2864 1410 2912; baseline -0.002 -9"><span class='ocrx_word' id='word_1_232' title='bbox 607 2865 645 2904; x_wconf 91' lang='lat' dir='ltr'>Si</span> <span class='ocrx_word' id='word_1_233' title='bbox 677 2869 802 2902; x_wconf 88' lang='lat' dir='ltr'>tamen</span> <span class='ocrx_word' id='word_1_234' title='bbox 835 2866 947 2912; x_wconf 84' lang='lat' dir='ltr'>digne</span> <span class='ocrx_word' id='word_1_235' title='bbox 979 2869 1100 2912; x_wconf 82' lang='lat' dir='ltr'>petat,</span> <span class='ocrx_word' id='word_1_236' title='bbox 1132 2870 1189 2902; x_wconf 83' lang='lat' dir='ltr'>est</span> <span class='ocrx_word' id='word_1_237' title='bbox 1220 2864 1410 2912; x_wconf 84' lang='lat' dir='ltr'>frequenti</span> 
     </span>
     <span class='ocr_line' id='line_1_67' title="bbox 821 2921 1159 2970; baseline 0.003 -11"><span class='ocrx_word' id='word_1_238' title='bbox 821 2921 999 2970; x_wconf 87' lang='lat' dir='ltr'>Supplice</span> <span class='ocrx_word' id='word_1_239' title='bbox 1034 2921 1159 2969; x_wconf 79' lang='lat' dir='ltr'>digna.</span> 
     </span>
    </p>
   </div>
  </div>
 </body>
</html>
