1914 3223
745 185 1024 225 -75-

113 296 148 330 7.
174 298 204 329 O
231 307 324 336 crux,
350 306 425 333 ave,
452 307 530 339 spes
557 296 670 335 unica,
938 296 969 329 8.
995 298 1054 335 Te,
1081 308 1215 329 sumina
1242 298 1334 330 Deus
1360 298 1511 336 trinitas,

174 344 251 375 Hoc
277 343 452 384 passionis
477 345 642 383 tempore⁷
995 342 1178 375 collaudet
1203 345 1314 375 omnis
1340 344 1495 384 spii-itm,

174 388 273 429 Auge
302 387 370 429 piis
397 388 566 419 iustitiam
995 389 1090 427 Quos
1117 399 1176 430 per
1200 390 1311 419 erucis
1336 389 1537 430 mysterium

175 434 326 474 Reisque
350 432 443 464 dona
470 434 619 465 veniam.
995 433 1131 472 Salvas
1157 433 1237 476 rege
1262 444 1322 475 per
1346 434 1496 465 saecula.

100 510 135 590 ξ),
170 510 190 543 2
224 510 412 589 Οἳῌειὸᾱειῐ
435 511 481 542 H.
507 526 549 533 —
575 508 608 550 8,
643 509 665 542 4
691 511 826 548 salvas,
852 512 944 552 regis
971 512 1022 551 H3
1059 513 1174 553 Regis,
1201 513 1300 544 salva
1324 512 1361 544 F.
1386 528 1429 534 —-
1454 512 1665 554 Doxolngie:

142 565 181 589 eo
208 567 252 599 pa
270 567 299 588 ri
355 580 361 587 .

575 655 636 691 08.
672 656 727 697 (3).
765 655 823 690 De
851 654 976 691 Cruce
1002 655 1179 691 Domini.

708 726 822 758 Carm.
848 725 870 756 l.
896 726 941 764 11,
967 736 1000 757 ιι.
1030 725 1058 758 1.

307 818 409 856 Crux
440 815 642 854 benedicta
671 817 777 867 nitet,
811 817 995 854 Dominus·
1027 828 1100 864 qua
1131 828 1243 854 earne
1279 818 1464 864 pependit

361 874 488 920 Atque
518 883 651 910 cruore
681 884 748 910 suo
779 874 936 911 vulnera
966 878 1096 911 nostra
1125 875 1241 922 lavat,

306 930 416 968 Mitis
447 940 574 967 amore
604 930 667 977 pio
699 940 768 976 pro
799 930 906 967 nobis
939 930 1090 968 victima
1123 929 1245 968 factus

365 986 500 1024 Traxit
529 985 578 1023 ab
608 996 673 1023 ore
703 986 783 1033 lupi
815 998 888 1034 qua
918 997 1027 1024 sacer
1056 998 1174 1034 agnus
1204 997 1306 1035 oves,

233 1046 255 1082 5
312 1041 523 1081 Transfixis
554 1042 692 1089 palmis
721 1042 786 1080 ubi
817 1044 997 1081 mundum
1030 1055 1052 1081 a
1084 1044 1192 1081 clade
1223 1045 1396 1093 redemit,

366 1102 492 1146 Atque
524 1110 591 1136 suo
622 1100 758 1136 clausit
790 1098 921 1137 funere
952 1101 1086 1138 mortis
1118 1101 1201 1139 iter.

313 1157 387 1194 Hic
417 1167 550 1193 manus
581 1156 648 1193 illa
679 1154 752 1193 fuit
782 1156 900 1194 clavis
932 1156 1080 1194 confixa
1112 1157 1277 1194 cruentis

367 1214 471 1259 Quae
502 1213 642 1260 eripuit
673 1213 831 1251 Paulum
864 1213 1032 1261 crimine,
1064 1218 1186 1251 morte
1217 1215 1384 1254 Petrum.

312 1269 531 1308 Fertilitate
562 1274 709 1317 potens,
741 1281 762 1307 o
795 1270 905 1307 dulce
937 1274 974 1307 et
1004 1271 1131 1308 nobile
1161 1271 1317 1319 lignum,

207 1329 259 1366 10
367 1326 526 1373 Quando
553 1326 627 1363 tuis
658 1327 773 1363 ramis
804 1331 880 1364 tam
912 1337 1010 1364 nova
1041 1338 1152 1374 poma
1182 1328 1303 1374 geris!

311 1383 427 1426 Cuius
458 1382 576 1420 odore
607 1394 704 1419 novo
736 1383 917 1421 defuncta
947 1384 1137 1421 cadavera,
1167 1388 1337 1433 surgunt,

364 1439 415 1477 Et
446 1439 607 1476 redeunt
636 1439 749 1489 vitae,
782 1440 845 1487 qui
877 1450 1033 1477 caruere
1065 1441 1178 1478 diem.

306 1496 462 1534 Nullum
492 1500 578 1532 uret
605 1501 731 1533 aestus
762 1496 831 1533 sub
864 1495 1064 1534 frondibus
1094 1497 1243 1534 arboris
1274 1497 1397 1545 huius,

362 1552 471 1590 Luna
501 1562 569 1589 nec
599 1553 638 1589 in
669 1558 816 1589 noctem
845 1553 901 1590 sol
932 1563 1053 1600 neque
1083 1553 1256 1593 meridie.

205 1610 256 1649 15
307 1610 364 1646 Tu
395 1609 566 1656 plantata
595 1609 713 1646 micas
745 1620 865 1658 secus,
898 1614 955 1645 est
983 1611 1047 1646 ubi
1079 1621 1211 1647 cursus
1242 1622 1437 1657 aquarum,

362 1665 519 1712 Spargis
550 1670 587 1702 et
615 1671 768 1704 ornatas
799 1666 891 1703 flore
922 1672 1073 1704 recente
1105 1678 1242 1706 comaS.

304 1725 488 1770 Appensa
519 1726 576 1759 est
606 1723 695 1760 vitis
726 1723 826 1760 inter
859 1728 921 1760 tua
952 1723 1121 1770 brachia,
1155 1724 1203 1761 de
1233 1735 1308 1771 qua

360 1779 498 1816 Dulcia
528 1780 732 1826 sanguineo
764 1780 849 1818 vina
880 1780 1018 1817 rubore
1048 1780 1180 1820 fluunt.

194 1891 338 1924 Collect.
364 1902 426 1923 ms.
452 1892 573 1924 incert.
599 1893 686 1934 orig.
709 1902 799 1924 saec.
828 1891 878 1924 10.
928 1893 1011 1925 Cod.
1037 1893 1281 1925 Vindobonen.
1310 1890 1383 1923 114.
1408 1892 1448 1924 A.
1474 1891 1664 1931 ——Hymn.

102 1947 164 1968 ms.
205 1936 454 1969 Severinianus
496 1947 583 1968 saec.
628 1935 678 1970 10.
724 1949 776 1970 ex.
836 1938 919 1971 Cod.
953 1939 1112 1970 Vatican.
1148 1936 1246 1970 7172.
1280 1939 1321 1970 B.
1355 1954 1397 1959 ——-
1435 1938 1564 1978 Hymn.
1601 1946 1665 1968 ms.

107 1981 354 2014 Severinianus
379 1992 468 2014 saec.
498 1980 549 2013 10.
576 1993 627 2014 ex.
669 1982 751 2016 Cod.
776 1984 927 2015 Parisin.
957 1982 1052 2015 1092.
1079 1984 1115 2016 C.
1140 2001 1185 2005 —
1209 1985 1312 2025 Trop.
1339 1994 1401 2014 ms.
1426 1981 1666 2024 Eporediense

104 2037 191 2060 saec.
219 2025 270 2058 11.
297 2029 344 2059 in.
386 2027 469 2060 Cod.
498 2027 611 2069 Capit.
636 2029 846 2071 Eporedien.
873 2028 916 2061 60
942 2030 984 2061 D.
1010 2046 1051 2051 —
1075 2030 1179 2069 Trop.
1207 2040 1267 2061 ms.
1285 2028 1548 2060 Nonantulense
1573 2036 1663 2058 saec.

105 2071 155 2104 11.
204 2073 287 2106 Cod.
312 2071 458 2105 Roman.
486 2070 574 2105 1343
597 2071 742 2114 (Sessor.
769 2072 838 2115 62).
867 2075 909 2106 Ε.
937 2092 977 2096 -
1003 2076 1106 2116 Trop.
1133 2086 1194 2106 ms.
1212 2074 1474 2107 Nonantulense
1499 2083 1589 2104 saec.
1613 2070 1664 2103 11.

102 2118 184 2150 Cod.
217 2118 424 2150 Casanaten.
462 2117 488 2150 C
524 2119 575 2149 IV
611 2117 641 2150 2.
680 2121 715 2152 F.
754 2137 795 2140 —
832 2120 937 2161 Trop.
972 2131 1033 2151 nis.
1067 2121 1313 2152 Novaliciense
1346 2129 1435 2151 saec.
1471 2116 1522 2150 11.
1581 2117 1664 2150 Cod.

101 2163 269 2196 Oxonien.
303 2164 424 2195 Douce
449 2161 524 2195 222.
555 2165 595 2197 G.
621 2182 664 2185 —-
689 2165 793 2198 Grad.
820 2176 880 2196 nis.
907 2166 1137 2206 Brixiense(‘?)
1161 2176 1250 2198 saec.
1280 2163 1330 2196 11.
1379 2164 1464 2197 Cod.
1490 2164 1661 2196 Oxonien.

101 2209 246 2241 Miscell.
273 2209 323 2240 lit.
351 2206 428 2241 366.
453 2210 498 2241 H.
524 2227 568 2231 —
592 2211 695 2252 Trop.
722 2221 784 2242 mS.
813 2211 1004 2243 Casinense
1029 2221 1116 2242 saec.
1147 2210 1197 2242 11.
1247 2211 1330 2243 Cod.
1355 2211 1515 2242 Vatican.
1536 2208 1658 2241 Urbin.

102 2251 176 2286 585.
203 2250 230 2286 I.
256 2273 298 2277 —
323 2255 428 2296 Trop.
453 2265 517 2286 ms.
542 2255 809 2288 Ravennatense
832 2266 921 2288 saec.
952 2254 1037 2289 ¹¹l12.
1076 2257 1158 2288 Cod.
1186 2257 1298 2297 Capit.
1324 2256 1450 2287 Mutin.
1476 2255 1504 2286 O
1530 2254 1547 2285 I
1572 2264 1605 2285 n.
1632 2251 1661 2285 7.

101 2299 143 2330 Κ.
175 2315 220 2321 ——
251 2300 356 2342 Trop.
390 2311 452 2331 ms.
478 2301 744 2333 Ravennatense
770 2312 857 2333 saec.
888 2300 939 2333 12.
989 2301 1069 2333 Cod.
1097 2302 1207 2344 Capit.
1234 2301 1393 2333 Paduani
1419 2301 1446 2331 A
1472 2297 1526 2331 47.
1552 2300 1593 2331 L.
1621 2315 1662 2320 —

102 2344 229 2386 Hymn.
256 2356 316 2376 ms.
343 2346 541 2378 Bobbiense
567 2356 656 2378 saec.
685 2345 735 2378 12.
778 2347 859 2379 Cod.
885 2348 1073 2379 Taurinen.
1099 2348 1126 2378 F
1150 2348 1199 2379 1V
1226 2345 1277 2378 18.
1303 2348 1349 2378 M.
1374 2363 1418 2367 ——
1435 2345 1578 2377 Collect.
1599 2354 1661 2375 ms.

102 2389 253 2422 incertae
278 2391 365 2433 orig.
397 2401 487 2423 saec.
515 2389 566 2423 13.
593 2392 680 2423 Clrn.
706 2393 888 2424 Monacen.
915 2390 1016 2424 6911.
1043 2393 1085 2424 N.

190 2436 206 2467 I
231 2436 322 2467 nites
346 2437 386 2468 B.
412 2454 457 2457 —
480 2434 501 2467 2
526 2436 616 2468 lavit
640 2438 744 2469 AEN.
770 2457 813 2461 —
838 2436 860 2469 4
884 2438 1008 2469 Traxit
1032 2448 1149 2469 amore
1174 2437 1248 2478 lupi
1274 2437 1361 2477 HN3
1389 2446 1474 2475 quos
1500 2445 1596 2467 sacer
1613 2435 1664 2475 N3

101 2481 161 2557 gui
185 2490 281 2513 sacer
306 2481 352 2520 L3
380 2492 462 2513 oves
487 2492 598 2523 agnus
624 2483 673 2522 D3
709 2484 784 2514 ovis
809 2484 849 2514 L.
877 2501 916 2505 —
943 2483 1145 2514 Transfixus
1172 2483 1291 2514 BEIL.
1317 2498 1361 2503 -—
1386 2480 1404 2512 7
1433 2482 1491 2514 Sic
1515 2481 1589 2512 KL.
1616 2497 1659 2502 —

147 2526 212 2566 Qui
236 2526 350 2566 GKL;
376 2523 473 2566 Quae
490 2527 638 2559 Paulum
664 2529 794 2570 eripuit
811 2530 852 2560 N.
880 2548 922 2552 —
950 2527 969 2560 9
989 2529 1206 2560 Felicitatem
1231 2528 1276 2562 G:
1303 2538 1323 2559 a
1347 2527 1516 2568 dulceque
1541 2525 1660 2558 nobile

101 2569 143 2602 N.
174 2589 218 2592 —
248 2569 289 2603 10
312 2573 402 2613 gerit
434 2572 514 2612 DG3
548 2576 672 2614 gerunt
704 2574 749 2604 H.
786 2591 825 2595 —
854 2571 892 2604 11
920 2584 1011 2605 nova
1036 2574 1075 2606 G.
1104 2591 1147 2595 —
1177 2571 1218 2604 12
1245 2574 1291 2606 Ut
1316 2572 1460 2604 redeunt
1483 2571 1564 2611 KL3
1591 2581 1662 2612 qua

101 2615 147 2655 L3
181 2616 270 2649 diem
302 2618 411 2654 ABN;
446 2621 632 2649 caruerunt
664 2618 738 2650 dies
772 2618 812 2651 G.
846 2636 890 2640 -——
924 2617 962 2650 13
990 2620 1076 2652 Uret
1099 2619 1234 2650 nullum
1262 2620 1309 2653 B;
1335 2617 1461 2650 Nullus
1486 2617 1558 2648 urit
1582 2616 1661 2656 EF3

102 2660 227 2693 Nullus
252 2672 355 2694 urens
381 2663 430 2698 D:
467 2664 530 2695 sub
565 2663 738 2695 frontibus
770 2664 817 2704 A3
852 2665 986 2696 arboris
1021 2665 1093 2695 vivi
1128 2664 1169 2697 G.
1203 2681 1246 2684 —
1282 2661 1323 2694 14
1347 2666 1447 2694 nocte
1472 2662 1500 2693 A
1528 2662 1581 2694 bis
1606 2662 1663 2701 M3

103 2706 278 2739 meridiem
298 2709 350 2739 H:
377 2708 538 2740 meridies
556 2709 603 2739 M.
629 2725 674 2730 —
700 2707 741 2740 15
766 2710 874 2741 micas
900 2710 992 2741 sedis
1011 2712 1063 2741 est
1080 2709 1129 2750 G3
1157 2719 1192 2740 es
1210 2709 1270 2740 ubi
1289 2709 1334 2740 M.
1353 2725 1396 2729 —
1416 2706 1457 2739 16
1474 2710 1508 2739 et
1525 2708 1660 2739 ornaris

102 2750 188 2791 DM;
214 2752 296 2785 flore
322 2754 471 2785 micante
498 2755 542 2794 B;
568 2754 651 2785 flore
677 2758 830 2786 recentes
856 2755 904 2794 E3
931 2764 1071 2800 caumas
1096 2755 1137 2787 G.
1163 2773 1204 2777 —
1233 2752 1272 2785 17
1291 2754 1442 2796 Aspersa
1467 2754 1510 2785 D.
1534 2769 1579 2774 —
1596 2752 1662 2783 Am

103 2794 264 2829 Schlusse
289 2798 344 2830 die
371 2799 582 2841 Doxologie:

418 2867 540 2899 Gloria
565 2876 693 2909 magna
717 2868 792 2899 Deo
818 2868 995 2909 magnalia
1021 2871 1119 2899 tanta
1145 2869 1309 2908 patranti,

462 2913 530 2951 Qui
556 2916 625 2943 tam
652 2914 740 2944 mira
764 2913 856 2951 facit,
882 2913 996 2955 gloria
1021 2923 1147 2954 magna
1173 2913 1259 2944 Deo.
