2031 3289
940 162 1247 205 —184—

361 279 396 315 3.
432 278 539 315 Calix
571 278 789 325 praeclarus
984 308 986 311 .
1175 283 1210 318 5.
1244 281 1296 318 Ut
1329 281 1436 317 dolor
1466 291 1569 317 meus

429 334 565 371 Mortis
597 339 653 371 est
682 339 792 381 potus
1243 336 1360 373 Dolor
1390 342 1447 373 est
1478 338 1615 385 nullus,

485 390 584 437 Ipsis
612 401 681 437 per
710 391 846 436 ipsum.
1297 393 1511 429 Attendunt
1541 395 1736 444 scriptum,

364 478 401 512 4.
433 476 608 521 Quaeque
639 479 825 511 tormenta
1175 478 1211 514 6.
1246 477 1394 523 Quippe
1425 478 1487 524 qui
1519 483 1653 516 cuncta

430 531 523 568 Sunt
554 532 607 567 eis
637 536 745 577 grata
1247 533 1372 569 Portat
1405 540 1574 584 peccata,
1604 538 1610 542 '

488 588 559 624 Per
589 588 659 624 hoc
691 588 917 634 exemplum.
1299 589 1430 626 Nescit
1460 596 1667 637 peecatum.

834 674 868 711 7.
902 674 1018 710 Passo
1049 684 1118 719 pro
1150 674 1294 710 cunetis

900 729 971 766 Est
1001 730 1186 767 universis

958 786 1283 833 Compatiendum,

404 865 431 896 B
458 864 517 896 fol.
542 862 626 896 9021.
652 883 692 887 -—
719 862 750 902 3,
778 862 793 895 1
824 864 932 896 Salix.
957 881 1001 885 —
1028 862 1058 903 6,
1084 862 1104 895 2
1130 868 1300 906 peccatas.

774 1018 843 1055 179.
879 1020 958 1063 (69.1
992 1019 1032 1054 111
1058 1018 1154 1055 festo
1179 1019 1423 1055 pentecostes.

939 1091 979 1122 In
1007 1089 1034 1121 1.
1061 1091 1250 1123 Noeturno.

318 1172 352 1209 1.
385 1171 564 1209 Adventu
595 1170 716 1207 sancti
745 1171 904 1217 spiritus
1131 1174 1168 1211 4.
1203 1172 1375 1219 Apponis
1408 1176 1445 1208 et
1474 1171 1683 1219 scientiam,

445 1227 573 1264 Nostri
607 1228 733 1264 cordis
764 1228 899 1264 altaria
1259 1230 1331 1266 Per
1343 1239 1451 1274 quam
1465 1226 1590 1265 flenda
1601 1229 1872 1277 cognoscimus,

387 1285 546 1329 Ornans,
577 1285 690 1328 Deus,
724 1284 925 1321 virtutibus
1202 1285 1418 1322 Consolaris
1450 1295 1520 1331 per
1552 1285 1708 1330 veniam,

443 1342 500 1378 Tu
531 1341 601 1378 tibi
631 1341 773 1387 templa
808 1341 954 1389 dedica,
1259 1341 1348 1378 Cum
1380 1341 1477 1378 hanc
1507 1342 1629 1389 primo
1652 1341 1872 1391 feeerimus3

500 1398 570 1435 Illa
601 1397 827 1445 septiformi,
1314 1398 1364 1435 Et
1395 1398 1492 1435 hanc
1524 1400 1584 1446 da,
1616 1399 1789 1445 Domine,

552 1466 661 1501 quam
694 1454 820 1503 habes,
855 1455 976 1501 gratia
1359 1455 1417 1492 da
1447 1455 1556 1492 nobis
1587 1455 1759 1502 gratiam,

497 1512 636 1550 Contra
668 1516 812 1557 septem
1316 1512 1476 1548 Poenam
1508 1511 1582 1548 reis

552 1568 619 1604 illa
651 1568 859 1615 daemonia,
1369 1579 1415 1604 ne
1446 1569 1585 1604 reddas
1619 1567 1796 1615 debitam,

497 1624 609 1661 Cuius
641 1625 737 1662 dona
1314 1625 1388 1663 Sed
1420 1625 1560 1661 nomini

554 1681 651 1718 bona
682 1688 769 1719 sunt
799 1682 936 1719 omnia.
1369 1692 1435 1718 suo
1467 1682 1515 1718 da
1545 1681 1714 1728 gloriam.

317 1775 353 1810 2.
388 1773 460 1810 Per
489 1772 659 1808 timorem
691 1783 758 1809 nos
791 1772 943 1809 Domini
1132 1775 1168 1810 5.
1201 1772 1442 1808 Fortitudine
1473 1771 1628 1808 roboras

446 1826 610 1866 Primum
644 1840 663 1865 a
695 1829 793 1865 malo
824 1829 973 1878 liberat,
1261 1828 1432 1865 Esuriem
1466 1828 1642 1877 iustitiae,

385 1887 434 1925 Ut
467 1896 613 1932 pauper
644 1886 752 1922 huius
784 1887 922 1923 saeculi
1200 1886 1288 1922 Veri
1321 1886 1430 1932 panis
1462 1886 1640 1922 saturitas

442 1943 594 1980 Caelum
630 1943 734 1978 dives
765 1943 948 1990 introeat,
1257 1942 1444 1978 Viaticum
1476 1947 1529 1978 est
1562 1943 1729 1989 animae,

497 1999 553 2036 Tu
585 1999 681 2036 hanc
713 2000 772 2046 da,
806 2000 977 2043 Domine,
1311 1999 1359 2035 Et
1395 1999 1488 2035 lianc
1521 1999 1579 2040 da,
1615 1999 1783 2046 Domine,

554 2057 602 2093 da
632 2056 739 2092 nobis
771 2057 943 2103 gratiam,
1371 2056 1417 2092 da
1449 2055 1556 2091 nobis
1588 2055 1758 2104 gratiam⁷

500 2113 663 2150 Poenam
695 2113 769 2149 reis
1313 2114 1473 2150 Poenam
1507 2112 1580 2148 reis

550 2180 596 2206 ne
628 2169 767 2206 reddas
800 2169 976 2219 debitam,
1366 2179 1411 2205 ne
1443 2169 1583 2205 reddas
1615 2167 1792 2212 debitam,

496 2227 569 2264 Sed
602 2226 743 2263 nomini
1310 2225 1384 2262 Sed
1417 2225 1556 2261 nomini

551 2287 614 2320 tuo
647 2283 693 2319 da
724 2283 895 2328 gloriam.
1367 2287 1430 2318 tuo
1463 2282 1511 2318 da
1542 2281 1708 2327 gloriam.

314 2375 349 2411 P».
383 2373 440 2410 Da
470 2373 622 2420 pietatis
653 2373 811 2421 viscera,
1129 2377 1164 2410 (5.
1198 2373 1385 2409 Summum
1420 2372 1514 2409 illud
1547 2371 1739 2408 consilium

439 2430 497 2466 Ne
529 2433 679 2476 superet
714 2430 922 2476 temptatio.
1255 2430 1330 2466 Das
1364 2429 1409 2465 de
1440 2428 1713 2466 misericordia.

384 2487 499 2523 Mites
530 2485 621 2522 facit
650 2486 742 2522 haee
773 2487 906 2533 gratia,
1198 2486 1246 2524 Ut
1279 2486 1376 2521 idem
1411 2485 1550 2521 reddas
1581 2484 1800 2533 praemium,

438 2546 601 2589 Quorum
635 2548 738 2580 terra
768 2543 977 2590 possessio;
1257 2543 1319 2578 Vis
1351 2543 1458 2580 lianc.
1493 2553 1563 2577 non
1596 2540 1803 2585 sa‹·1·ificia;

494 2600 543 2636 Et
576 2600 672 2636 hanc
705 2600 764 2638 da.
796 2600 967 2649 Domine,
1309 2599 1357 2635 Et
1388 2599 1485 2635 lianc
1517 2599 1577 2644 da,
1611 2598 1781 2643 Domine,

552 2657 601 2693 da
631 2656 738 2692 nobis
769 2657 941 2704 gratiam.
1366 2655 1413 2691 da
1445 2655 1551 2691 nobis
1583 2654 1755 2702 gratiam,

497 2713 656 2750 Poenam
690 2713 764 2749 reis
1310 2714 1470 2750 Poenam
1500 2711 1574 2747 reis

550 2781 594 2806 ne
626 2770 764 2807 reddas
797 2770 974 2814 debitam,
1365 2779 1410 2805 ne
1441 2768 1580 2804 reddas
1614 2767 1790 2807 debitam,

494 2828 566 2863 Sed
600 2826 739 2863 nomini
1308 2826 1380 2863 Sed
1415 2825 1553 2861 nomini

552 2890 614 2920 tuo
647 2884 694 2920 da
724 2883 892 2930 gloriam.
1369 2887 1432 2918 tuo
1465 2881 1513 2917 da
1543 2881 1711 2927 gloriam.
