1914 3223
91 307 93 309 ,
122 276 188 312 56.

121 511 185 549 58.

120 631 186 669 59.

120 750 185 788 60.

120 868 184 906 61.

119 988 185 1026 62.

118 1106 183 1143 63.

117 1226 184 1262 64.

117 1345 183 1381 65.

117 1464 182 1501 66.

117 1577 182 1614 67.

117 1690 183 1727 68.

116 1804 183 1842 69.

119 1917 182 1954 70.

119 2030 184 2067 71.

119 2143 185 2181 2⁷2.

125 2256 188 2294 73.

127 2370 190 2407 74.

125 2482 189 2520 75.

124 2595 188 2633 76.

124 2707 188 2748 77.

123 2821 187 2859 78.

749 158 1056 199 -503—

234 271 373 310 Exstat
402 283 497 309 unus
527 272 566 309 in
596 272 782 321 omnibus,

234 330 285 368 Ut
317 338 468 375 semper
496 326 566 365 flos
596 332 671 366 stet
695 328 865 375 spiritus,

179 425 186 431 .
235 390 402 438 Tempus
433 390 714 428 vicissitudines

234 448 316 485 Nec
346 447 461 485 habet
491 447 552 484 hic
582 447 796 496 mutabiles,

234 509 294 547 Ex
326 509 415 546 solis
446 509 556 546 huius
588 508 720 546 iubare

234 567 306 604 Est
335 566 392 603 vis
422 565 537 612 plena
568 566 761 613 scientiae,

233 627 381 666 Rerum
411 639 523 665 nosse
554 628 783 675 principium

231 685 302 723 Est
334 695 463 721 verum
494 685 603 722 iustis
635 685 850 734 sabbatum,

232 746 300 786 Nil
331 747 418 784 huic
450 747 718 794 comparabile,

233 804 437 851 Splendori
468 808 574 841 tanto
605 804 739 849 simile,

232 864 298 905 Ad
312 870 463 904 sanctos
475 865 568 903 haec
580 866 646 903 lux
659 865 865 913 spargitur,

232 924 335 961 Hinc
365 926 446 960 tota
477 933 622 960 merces
653 922 836 970 sequitur,

233 984 320 1023 Lux
361 985 457 1022 lucis
487 985 582 1022 haec
614 985 865 1033 cognoscitur,

233 1041 378 1082 Umbra
415 1042 553 1079 mentis
585 1053 658 1089 qua
689 1041 864 1090 vincitur,

232 1103 336 1153 Iesu,
371 1104 468 1151 Iesu,
501 1115 568 1141 rex
599 1104 774 1153 omnium,

230 1162 330 1208 Quos
361 1161 480 1208 gratis
513 1161 651 1210 salvas,
685 1160 834 1206 civium,

231 1222 313 1261 Tua
344 1227 428 1260 tuos
459 1224 498 1260 in
529 1224 653 1272 gratia

229 1280 327 1317 Dum
359 1278 559 1326 perfundis
589 1280 756 1323 insolita,

230 1341 376 1379 Electis
405 1353 426 1379 o
457 1343 665 1389 tripudium

229 1399 336 1436 Saltu
367 1399 504 1436 mentis
535 1399 826 1446 praecognitum

229 1460 378 1508 Regum
409 1461 508 1508 regis
539 1472 560 1498 o
591 1463 706 1511 regia,

233 1519 386 1555 Vocatis
417 1518 530 1564 plena
561 1518 682 1564 copia,

229 1574 387 1614 Vnitum
420 1573 634 1611 aedificium

231 1632 420 1679 Compago
451 1631 580 1668 reddit
610 1631 796 1678 lapidum,

229 1687 316 1726 Non
347 1688 465 1726 intrat
495 1688 604 1725 istam
638 1686 823 1734 perfidus,

233 1745 319 1782 Non
351 1745 428 1782 exit
458 1745 552 1782 lucis
584 1744 696 1792 filius,

231 1800 304 1839 Isti
336 1812 423 1838 suas
452 1812 521 1847 per
551 1801 697 1849 species

228 1858 323 1895 Sunt
353 1858 451 1894 vitro
483 1857 773 1904 comparabiles,

231 1912 414 1953 coruscat
446 1915 626 1961 templum
658 1913 817 1960 iaspide,

231 1971 329 2008 Fide
359 1972 497 2009 virenti
528 1971 670 2018 lapide,

233 2026 359 2066 Aulae
390 2028 578 2074 saphyrus
608 2026 792 2074 congruit,

233 2086 350 2130 Quem
368 2085 458 2122 solis
475 2085 660 2131 splendor
676 2083 864 2131 provehit,

231 2140 391 2179 Mittens
423 2152 469 2178 ex
500 2152 540 2178 se
570 2145 611 2178 ut
642 2150 777 2178 aureas

232 2198 307 2235 Hic
339 2198 633 2245 chrysoprassus
663 2196 829 2244 guttulas

235 2253 352 2292 Arcis
381 2265 568 2302 supernae
599 2253 734 2291 solium

238 2312 430 2349 Monstrat
446 2312 484 2348 in
502 2311 560 2348 his
578 2310 869 2358 chrysolithum,

238 2367 550 2406 Transscendens
581 2367 679 2414 lapis
712 2366 838 2404 omnia

238 2425 404 2462 Glaucus
435 2435 560 2463 rerum
593 2423 731 2461 viridia

238 2481 360 2519 Extra
391 2482 549 2528 pallenti
582 2480 756 2528 formula,

237 2538 370 2575 Virens
402 2539 504 2575 intus
535 2548 604 2584 per
635 2537 781 2583 merita,

234 2594 360 2641 Regni
390 2593 499 2631 floret
529 2595 566 2631 in
599 2593 744 2630 foribus

236 2651 429 2688 lacinthus
461 2655 590 2698 gratus
622 2649 785 2697 regibus,

236 2705 351 2745 Color
380 2708 521 2754 triplex
552 2717 662 2754 quem
696 2706 862 2754 denotat,

235 2764 318 2801 Non
349 2764 583 2810 amethystus
613 2764 730 2800 lateat

234 2819 327 2858 Alto
360 2821 539 2858 virtutum
570 2819 724 2867 speculo

234 2877 416 2915 Laetatur
445 2877 537 2914 urbs
568 2876 729 2924 topazio,

933 260 1004 312 56.

939 392 1002 431 57.

938 511 1004 548 58.

939 629 1003 667 59.

938 747 1004 785 60.

938 866 1004 904 61.

938 986 1003 1024 62.

939 1105 1005 1143 63.

936 1226 1002 1263 64.

936 1346 1002 1382 65.

937 1464 1002 1501 66.

936 1575 1002 1614 67.

938 1690 1004 1728 66.

937 1803 1002 1842 69.

938 1915 1002 1953 70.

938 2028 1002 2066 71.

939 2142 1004 2179 72.

941 2255 1006 2293 73.

939 2368 1002 2405 74.

941 2481 1005 2518 75.

942 2594 1005 2631 76.

937 2707 1001 2746 77.

937 2819 1000 2859 78.

1053 271 1233 310 Defectus
1265 284 1337 310 non
1370 273 1430 310 hic
1461 273 1568 319 senii,

1051 329 1135 367 Non
1166 340 1266 366 mors
1296 340 1341 366 ex
1373 334 1455 367 arte
1487 328 1647 368 colubri.

1050 390 1143 428 Orto
1173 391 1252 428 sole
1282 392 1448 430 iustitiae

1050 447 1234 485 Mortales
1267 448 1406 487 cedunt
1436 448 1628 485 tenebrae.

1051 508 1195 547 Mundo
1226 510 1332 547 cordi
1364 511 1528 557 cognitio

1053 566 1216 602 Deitatis
1249 571 1285 602 et
1318 567 1425 604 visio.

1051 626 1098 665 In
1127 628 1197 665 hoc
1228 628 1348 665 beatis
1381 628 1532 675 requies

1051 684 1293 731 Cognovisse,
1325 686 1425 731 quod
1458 685 1558 721 Deus
1592 695 1644 723 es.

1052 745 1139 783 Non
1170 747 1297 783 mundi
1332 751 1462 783 vertex
1496 757 1632 783 aureus

1050 803 1130 840 Nec
1161 807 1261 840 totus
1293 803 1395 840 erbis
1428 803 1605 840 ambitus.

1050 864 1217 903 Eternae
1248 864 1352 912 pacis
1383 865 1491 913 visio,

1051 921 1250 959 Trinitatis
1282 922 1437 968 agnitio.

1051 983 1134 1035 Qua
1170 982 1315 1021 fructus
1347 984 1447 1021 vitae
1480 984 1683 1030 prodeunt,

1053 1041 1121 1078 Vel
1152 1041 1290 1078 mutari
1321 1041 1384 1087 qui
1417 1041 1600 1079 nesciunt.

1052 1102 1178 1151 Votis,
1210 1114 1303 1140 voce
1335 1103 1417 1150 quis
1450 1103 1630 1149 explicat,

1048 1160 1150 1198 Urbs
1160 1160 1334 1198 caelestis
1343 1159 1442 1207 quod
1453 1158 1683 1206 praeparat?

1050 1221 1238 1261 Adunans
1269 1233 1342 1260 uno
1374 1232 1528 1259 munere

1049 1281 1192 1318 Multos
1222 1280 1261 1317 in
1292 1283 1421 1316 nostro
1454 1288 1625 1324 vespere.

1050 1342 1149 1380 Mori
1181 1353 1368 1389 nunquam
1403 1352 1470 1378 nec
1502 1340 1653 1386 cadere,

1048 1399 1193 1436 Mutari
1223 1409 1292 1435 nec
1325 1397 1506 1436 deficere!

1050 1460 1144 1499 Alta
1171 1462 1289 1497 muris
1321 1464 1358 1497 et
1387 1460 1569 1505 turribus,

1050 1518 1163 1556 Clara
1193 1519 1270 1554 suis
1302 1518 1340 1554 in
1371 1517 1545 1554 milibus!

1051 1574 1160 1612 Bono
1192 1578 1368 1611 constans
1399 1572 1558 1619 artifice,

1050 1632 1080 1670 O
1112 1631 1206 1668 civis
1238 1631 1347 1668 huius
1379 1630 1526 1677 regiae!

1052 1687 1138 1726 Stat
1170 1688 1264 1725 ordo
1294 1686 1392 1724 fixus
1422 1686 1590 1733 lapidum

1050 1747 1191 1791 Quater
1227 1745 1340 1781 trium
1373 1754 1442 1790 per
1476 1752 1684 1779 numerum.

1053 1799 1239 1839 Constant
1268 1801 1421 1847 quidam
1453 1809 1667 1846 purpureae

1050 1858 1231 1906 Naturae,
1261 1858 1416 1903 quidam
1447 1857 1592 1903 igneae.

1049 1913 1149 1951 olim
1181 1914 1310 1951 mundi
1341 1914 1405 1961 qui
1433 1913 1622 1960 pallidum

1050 1972 1199 2008 Virtute
1230 1970 1320 2007 vicit
1351 1969 1560 2008 flosculum.

1050 2026 1197 2065 Notans
1229 2027 1354 2064 colore
1385 2027 1524 2073 sidera,

1051 2084 1184 2121 Clarus
1215 2084 1253 2121 in
1284 2083 1415 2120 mundi
1445 2093 1619 2129 vespera.

1050 2140 1187 2178 Dictae
1216 2143 1398 2187 perornat
1430 2138 1606 2186 Solymae

1051 2197 1187 2235 Castra
1218 2197 1355 2234 virenti
1385 2196 1531 2237 iubare,

1051 2252 1100 2291 In
1133 2253 1249 2291 verbo
1279 2253 1373 2300 legis
1404 2263 1571 2301 aureum,

1050 2311 1172 2348 Menti
1203 2310 1390 2347 lucentem
1421 2309 1625 2348 hominum.

1051 2365 1101 2405 Se
1132 2367 1354 2414 smaragdus
1386 2366 1444 2403 his
1475 2366 1625 2409 inserit,

1051 2423 1201 2461 Morum
1224 2424 1339 2460 decor
1356 2433 1465 2470 quem
1483 2421 1680 2469 prospicit.

1052 2479 1158 2518 Talis
1190 2480 1359 2528 beryllus
1390 2479 1558 2527 ponitur,

1053 2537 1124 2582 Qui
1155 2547 1286 2574 caesus
1318 2535 1465 2583 fulgens
1494 2535 1683 2573 redditur.

1054 2592 1102 2631 In
1134 2594 1275 2631 sanctis
1306 2592 1567 2638 immutabilis,

1055 2650 1175 2687 Cursu
1206 2653 1374 2686 mutatur
1403 2649 1598 2695 temporis.

1047 2705 1200 2745 Testem
1233 2707 1374 2746 Christi
1406 2715 1632 2752 purpureuS,

1050 2763 1214 2800 Violaris
1246 2768 1280 2800 et
1314 2772 1454 2800 roseus.

1048 2818 1215 2867 Insignis
1247 2820 1307 2855 hic
1340 2818 1565 2856 multicolor.

1049 2876 1158 2914 Unde
1190 2876 1399 2913 coniunctis
1432 2874 1591 2921 dignior.
