2031 3289
278 463 344 502 12.

279 1364 344 1403 14.

286 2271 351 2310 16.

886 177 1196 218 -370-

756 347 997 386 Christus
1034 347 1095 386 ad
1124 346 1331 387 fideles.

376 461 406 500 O
436 462 541 509 filiae
569 461 794 510 Ierusalem,

374 519 547 563 Animae,
579 529 674 564 quae
705 517 937 555 aeternalem

432 575 496 612 Me
528 574 673 611 debetis
705 574 824 611 Deum
857 574 969 624 scire,

374 631 528 668 Adiuro
558 641 623 667 vos
653 631 701 667 ad
735 631 900 677 regalem

377 688 512 724 Matris
542 697 649 723 meae
680 687 884 733 specialem

431 744 623 780 Honorem
654 753 782 779 omnes
814 742 966 792 venire3

376 800 536 845 Adiuro,
567 800 732 846 inquam,
763 799 908 836 servire

378 856 452 894 Per
481 866 655 902 capreas,
687 861 726 892 ut
755 856 870 892 salire

435 912 585 951 Curetis
615 923 684 960 per
714 913 849 949 saltum
882 913 1008 962 talem,

376 969 483 1016 Quod
515 969 718 1005 nescientis
750 969 896 1005 saevire

376 1026 576 1071 Nunquam
621 1025 735 1062 sciam
767 1036 833 1062 vos
863 1025 1010 1062 nescire

436 1082 639 1119 Laetitiam
670 1082 924 1128 supernalem.

1092 462 1157 502 13.
1188 462 1265 499 Per
1293 471 1504 509 cervosque,
1537 465 1578 497 ut
1609 468 1773 498 curratis

1193 519 1243 555 Et
1275 529 1422 554 cursum
1452 517 1708 563 praeveniatis

1247 574 1421 612 Irretitos
1450 573 1617 623 pigritia,

1192 631 1427 677 Camporum
1460 630 1684 666 transiliatis

1191 687 1242 724 Et
1272 688 1482 733 spatiorum
1513 686 1690 732 linquatis

1250 743 1398 779 Limina
1428 743 1677 789 retardantia,

1193 799 1286 836 Cum
1317 810 1451 846 magna
1483 797 1702 836 festinantia

1193 856 1379 893 Mandata
1411 855 1639 892 conscientia

1249 913 1308 949 Ita
1337 922 1465 949 omnes
1495 911 1699 958 accedatis,

1192 969 1300 1015 Quod
1331 968 1436 1005 nulla
1465 968 1702 1015 neglegentia

1194 1024 1268 1062 Seu
1300 1035 1412 1061 eausa
1445 1024 1621 1061 dilatoria

1250 1081 1444 1128 Redargui
1475 1081 1645 1119 valeatis,

745 1250 986 1288 Christus
1027 1249 1087 1287 ad
1125 1250 1347 1297 angelos,

375 1363 469 1400 Eius
500 1363 777 1410 pretiosissima

376 1420 495 1457 Manu
524 1431 608 1456 mea
639 1424 694 1456 est
725 1420 850 1457 anima

436 1476 558 1514 Carne
586 1477 712 1523 sopita
742 1476 892 1526 lectulo,

377 1533 430 1571 Ut
457 1534 673 1582 suscitetur,
706 1534 879 1579 proxima

379 1589 462 1635 Est,
495 1600 542 1626 ne
572 1594 647 1626 tam
679 1589 935 1626 sacratissima

437 1646 559 1683 Gleba
589 1650 783 1694 putrescat
813 1646 976 1694 tumulo,

379 1703 454 1739 Vos
481 1703 648 1751 angelos,
680 1703 742 1749 qui
773 1703 897 1739 loculo

379 1759 490 1796 Hane
520 1760 680 1796 servatis
711 1769 811 1796 nunc
841 1759 971 1806 regulo

437 1816 642 1863 Diligentia
670 1816 846 1864 maxima,

379 1872 438 1909 Ne
468 1883 549 1909 eam
581 1883 705 1909 coram
736 1873 877 1919 populo

380 1929 576 1968 Suscitetis
609 1930 646 1966 in
678 1930 808 1976 patulo

438 1985 558 2023 Causa
589 1986 704 2023 tacita
734 1985 880 2024 intima.

780 2155 931 2202 Virgo
971 2155 1030 2193 ad

386 2270 467 2307 Vox
500 2269 624 2307 dilecti
655 2269 729 2306 mei
760 2268 844 2316 fuit,

382 2326 452 2372 Qui
482 2326 635 2372 angelos
667 2326 828 2369 edocuit,

441 2383 538 2427 Quid
571 2383 617 2419 de
648 2393 707 2420 me
738 2383 853 2418 vellet
882 2381 978 2428 fieri,

383 2439 453 2484 Qui
485 2440 580 2475 sicut
612 2449 651 2475 se
683 2449 740 2475 me
772 2438 890 2475 voluit

382 2496 626 2542 Exemptare,
656 2500 695 2532 ut
729 2496 868 2537 decuit,

441 2552 498 2589 Ne
530 2552 618 2588 data
650 2563 768 2588 essem
800 2551 962 2599 pulveri,

384 2609 433 2646 Et
465 2609 496 2645 si
529 2609 688 2645 debetur
719 2609 838 2646 cineri

387 2665 490 2703 Cinis
522 2675 567 2702 ex
598 2676 667 2702 usu
698 2665 830 2711 veteri,

442 2722 713 2768 Exceptionem
746 2721 866 2768 potuit

384 2778 540 2818 Facere.
573 2782 685 2824 prout
717 2778 870 2824 repperi

384 2835 428 2872 In
460 2835 712 2871 voluminibus
745 2835 834 2876 veri,

443 2892 512 2936 Qui
545 2891 710 2938 regulam
743 2892 838 2928 hanc
869 2891 1015 2930 statuit.

1097 1363 1160 1402 15.
1191 1363 1323 1410 Neque
1354 1374 1501 1400 causam
1535 1375 1617 1400 cum
1649 1362 1790 1409 sciatis,

1190 1420 1380 1458 Dilectom
1415 1421 1469 1456 sic
1499 1420 1655 1468 faciatis

1248 1477 1446 1523 Eviin(11·e
1476 1477 1639 1526 publice,

1192 1534 1310 1571 Modo
1341 1531 1505 1570 sufficiet
1535 1534 1638 1583 satis,

1194 1591 1302 1636 Quod
1333 1591 1553 1626 suscitatam
1585 1589 1716 1626 feratis

1250 1648 1293 1684 ln
1326 1647 1469 1683 caelum
1502 1646 1688 1694 beatifice,

1194 1703 1453 1751 Quoadusque
1483 1702 1680 1750 magnifice

1192 1760 1287 1807 Ipsa
1317 1759 1405 1797 velit
1434 1760 1472 1796 in
1504 1761 1612 1807 apice

1251 1816 1396 1853 Sedens
1427 1816 1527 1853 altae
1556 1817 1755 1863 potestatis

1195 1873 1258 1910 Sic
1290 1873 1493 1909 monstrari
1524 1873 1721 1920 theatrice,

1196 1930 1305 1967 Hane
1335 1934 1568 1966 monstrante
1599 1939 1657 1965 me
1685 1929 1810 1966 iudice

1253 1986 1384 2023 Causis
1415 1986 1547 2023 mnndi
1577 1986 1784 2024 ventilatis,

1072 2155 1320 2203 populum.

1087 2269 1150 2308 17.
1182 2269 1280 2307 Ecce
1306 2269 1387 2313 iste,
1419 2273 1460 2305 ut
1490 2279 1633 2305 memor
1660 2279 1756 2316 sum,

1183 2326 1346 2373 Propter
1376 2325 1478 2372 pomi
1500 2325 1638 2362 malum
1661 2334 1830 2361 morsum

1241 2380 1830 2429 Etpropterculpammordentis

1184 2439 1280 2476 Olim
1315 2438 1512 2475 descendit
1543 2438 1728 2486 deorsum,

1184 2496 1258 2533 Per
1289 2495 1503 2532 Gabrielem
1535 2505 1704 2531 seorsum

1242 2551 1422 2588 Scrutans
1433 2556 1558 2588 votum
1569 2561 1673 2587 meae
1683 2550 1829 2597 mentis,

1185 2608 1259 2645 Sed
1291 2609 1390 2644 inter
1420 2607 1536 2644 verba
1566 2607 1754 2654 loquentis

1186 2665 1250 2702 Me
1281 2661 1454 2715 sensim]
1489 2664 1560 2701 iam
1593 2663 1802 2710 praesentis

1242 2722 1412 2768 Repente
1448 2721 1596 2767 plenam
1627 2720 1831 2757 introrsum

1185 2778 1233 2815 Et
1265 2778 1406 2824 gloriae
1437 2777 1669 2814 vestimentis

1185 2835 1250 2872 Me
1281 2838 1438 2880 propter
1468 2834 1627 2870 salutem
1659 2833 1780 2880 gentis

1243 2890 1419 2937 Undique
1445 2895 1580 2926 tectam
1604 2895 1830 2927 extrorsum.

2005 2747 2013 2753 a
1998 2691 2012 2725 uA
2001 2588 2031 2678 ..ι-,φῦ

1983 3110 2001 3120 0
1984 2930 1998 3011 ,1.-

2021 3053 2031 3124 m
2022 2952 2025 2953 ,
