2031 3289
391 381 439 418 15

389 661 442 698 20

383 943 434 980 25

905 153 1214 193 —216—

474 267 672 304 Artificem
704 267 900 315 proprium
932 267 1187 314 pulcherrima
1217 266 1367 305 flamma
1396 268 1584 315 loquatur,

476 324 527 361 Et
560 324 718 370 rapidus
749 323 903 360 Domini
933 333 1068 360 nomen
1099 323 1210 360 simul
1240 329 1366 361 aestus
1397 324 1560 363 anhelet.

474 380 556 416 Hoc
587 379 757 426 glacialis
788 380 919 426 hiems,
952 379 1023 416 1100
1050 380 1197 416 torrida
1228 385 1405 427 personet
1436 385 1571 423 aestas,

472 436 636 472 Roscida
666 436 868 483 temperies
899 440 936 472 et
965 440 1138 482 tempora
1168 447 1261 473 cana
1293 437 1438 483 pruinis

472 492 789 538 Horrendumque
821 492 906 539 gelu
938 496 974 528 ct
1005 492 1130 538 magni
1161 493 1218 529 vis
1250 491 1402 539 frigoris
1433 493 1565 539 ingens

472 549 521 585 Et
553 548 693 594 glacies
725 548 862 585 crustis
894 553 1045 585 vertens
1075 549 1301 585 immanibus
1331 549 1454 586 undas

471 606 598 651 Atque
629 605 734 651 nives
768 606 884 642 denso
915 605 1084 642 velantes
1113 606 1254 642 vellere
1285 610 1407 642 terras

472 660 629 697 Auctori
658 672 727 708 per
758 661 883 698 saecla
914 661 993 698 Deo
1024 672 1091 698 sua
1123 662 1290 699 carmina
1322 662 1462 700 dicant.

471 718 581 754 Hunc
611 728 685 754 nox
717 716 931 755 somniferis
959 717 1156 754 involvens
1188 722 1322 754 cuncta
1351 718 1518 754 tenebris

470 775 597 819 Atque
630 774 710 811 dies
740 774 865 811 varios
898 774 1134 820 distinguens
1165 774 1248 811 luce
1280 774 1424 811 colores

467 830 727 877 Mortalesque
757 831 900 867 animos
930 831 1114 867 terrentia
1147 829 1296 878 fulgura
1326 831 1483 868 laudent

470 887 520 923 Et
550 887 668 924 nubes
698 888 805 934 largo
839 887 1003 924 ditantes
1034 886 1151 923 ubere
1181 892 1317 925 terras.

525 943 590 985 Te,
623 946 736 993 sator,
769 943 971 980 immensas
1003 942 1114 979 tellus
1146 941 1305 980 fundata
1336 954 1405 991 per
1435 944 1569 991 undas,

470 1000 523 1036 Te
554 1010 700 1046 quoque
732 999 883 1036 sublimi
914 1000 1122 1046 gaudentes
1153 1000 1296 1036 vertice
1326 1004 1471 1037 montes

470 1056 521 1092 Et
552 1056 667 1092 001105
697 1056 830 1093 1111111111
861 1059 1077 1103 spectantes
1110 1056 1237 1093 sidera
1269 1057 1366 1093 collo

471 1113 683 1159 Aeriaeque
715 1117 847 1149 sonent
879 1112 1043 1149 iucundo
1075 1123 1265 1149 murmure
1296 1113 1415 1150 silvae

470 1172 595 1216 Atque
626 1169 746 1206 omnis
779 1168 944 1206 celebret
977 1167 1076 1205 fetus
1107 1169 1256 1206 telluris
1288 1169 1448 1216 opimae.

379 1227 431 1262 30
464 1226 557 1262 Tum
590 1225 713 1262 fontes
745 1226 870 1272 gelido
898 1225 1140 1263 moderantes
1171 1230 1343 1263 caumata
1375 1231 1467 1272 potu

389 1508 440 1546 35

389 1792 441 1828 40

389 2076 440 2112 45

469 1282 517 1318 Et
549 1282 666 1319 maria
701 1282 891 1319 horrendo
922 1281 1131 1328 quatientia
1160 1282 1274 1320 litora
1304 1281 1421 1319 fluctu

471 1339 764 1385 Flumineusque
796 1341 905 1375 canat
937 1339 1065 1384 lapsus
1098 1338 1261 1376 clamore
1291 1350 1438 1376 sonoro.

471 1395 524 1431 Te
556 1396 627 1432 ceti
658 1395 840 1433 immanes
872 1400 907 1432 et
939 1395 1126 1442 quidquid
1154 1400 1282 1443 reptat
1311 1396 1350 1432 in
1380 1395 1493 1432 undis

469 1451 521 1488 Et
551 1453 745 1489 volucrum
778 1452 899 1489 dulcis
930 1451 1060 1488 laudet
1092 1457 1294 1489 concentus
1323 1453 1362 1489 in
1394 1452 1509 1499 agris.

474 1510 529 1547 Te
559 1519 737 1555 pecorum
769 1509 870 1545 mitis
902 1518 1006 1556 grex,
1038 1508 1181 1557 inclite,
1214 1513 1391 1556 personet
1424 1512 1461 1544 et
1493 1513 1530 1545 te

473 1565 536 1601 Vis
568 1566 680 1602 etiam
710 1570 861 1602 resonet
892 1565 1113 1601 rabidarum
1144 1569 1254 1603 torva
1285 1564 1463 1603 ferarum.

472 1622 582 1658 Hunc
614 1622 804 1659 hominum
837 1632 945 1658 omne
976 1632 1091 1668 genus
1123 1623 1271 1669 pollens
1302 1622 1448 1659 ratione
1479 1622 1627 1667 potenti

470 1679 681 1715 Innumeris
713 1680 859 1715 recinat
886 1678 1037 1727 linguis,
1071 1679 1170 1715 hunc
1200 1680 1285 1725 ipsa
1315 1679 1474 1715 resultet

470 1735 731 1772 Israelitarum
763 1735 917 1772 nimium
948 1734 1057 1781 plebs
1090 1745 1179 1772 cara
1208 1736 1369 1782 tonanti,

475 1792 637 1838 Vosque,
671 1792 901 1841 sacerdotes,
935 1802 1028 1838 quos
1059 1791 1185 1828 nobile
1214 1802 1367 1838 germen
1399 1792 1528 1828 Aaron

472 1848 620 1896 Edidit,
653 1853 690 1885 et
720 1859 829 1886 sacro
860 1849 999 1885 levitae
1029 1849 1209 1895 sanguine
1241 1849 1348 1896 creti,

471 1905 570 1950 Quos
601 1906 748 1952 proprii
778 1905 911 1952 templi
947 1904 1064 1942 voluit
1093 1905 1196 1942 Deus
1229 1916 1312 1942 esse
1342 1904 1548 1948 ministros,

476 1962 682 2008 Perpetuas
713 1972 852 2008 supero
882 1962 1015 1998 laudes
1049 1962 1253 2008 persolvite
1285 1962 1377 2009 regi.

527 2018 691 2064 Spiritus
723 2019 822 2055 hunc
853 2018 1074 2064 animaeque
1107 2018 1205 2056 ciant
1238 2029 1306 2065 per
1337 2016 1463 2055 saecla
1494 2016 1640 2062 piorum

474 2075 522 2111 Et
555 2075 677 2111 sancti
709 2080 821 2122 atque
851 2075 1011 2111 humiles
1042 2086 1138 2122 pura
1169 2075 1311 2122 pietate
1342 2074 1598 2122 frequentent,

470 2131 580 2169 Hunc
610 2132 764 2169 Anania
795 2142 902 2168 sacer
933 2142 1076 2168 summo
1107 2132 1282 2169 sustollat
1312 2142 1451 2178 amore,

469 2188 595 2235 Atque
625 2189 765 2225 Azaria
795 2188 907 2225 simul
938 2189 1148 2225 reverendo
1180 2189 1377 2234 praedicet
1407 2198 1486 2235 ore,

470 2244 519 2280 Et
551 2244 687 2283 Misael
719 2245 877 2291 pulchro
909 2251 1060 2282 sanctus
1093 2245 1285 2282 collaudet
1316 2255 1454 2294 amore,

469 2301 538 2346 Qui
571 2313 610 2337 se
643 2302 689 2338 de
720 2302 844 2339 medio
876 2300 1042 2338 fornacis
1074 2301 1224 2339 turbine
1256 2306 1356 2338 tutos

471 2357 583 2394 Eruit
615 2362 649 2394 et
682 2359 783 2394 venti
816 2358 979 2395 rorantis
1009 2357 1159 2395 flamine
1192 2357 1298 2407 fovit,

471 2415 560 2452 Cum
595 2415 740 2461 rapidis
773 2414 886 2451 cincti
919 2420 1096 2452 canerent
1131 2416 1221 2452 haec
1253 2414 1421 2452 carmina
1454 2412 1628 2461 flaminis,

474 2470 631 2517 Vimque
662 2482 766 2508 suam
798 2471 938 2508 oblitus
967 2476 1117 2509 sanctos
1148 2483 1220 2508 non
1253 2472 1421 2508 laederet
1452 2470 1562 2518 ignis.

472 2527 546 2564 Res
579 2528 675 2565 mira
706 2533 743 2564 et
775 2528 888 2565 nullis
920 2528 1108 2565 abolenda
1138 2529 1175 2565 in
1208 2528 1358 2565 saecula
1389 2527 1545 2566 saeclis!

473 2584 552 2620 Non
586 2595 685 2632 caro,
719 2596 792 2621 non
824 2585 954 2633 vestis,
986 2596 1058 2622 non
1092 2585 1246 2622 verticis
1279 2586 1360 2631 ipse
1393 2584 1553 2629 capillus

470 2641 657 2677 Ardorem
689 2641 804 2678 sensit
838 2641 985 2687 piceum
1016 2642 1236 2680 flammaeve
1270 2651 1460 2687 vaporem,

470 2697 565 2743 Quin
598 2698 687 2734 laeti
719 2702 830 2744 atque
862 2698 1008 2735 alacres
1041 2699 1123 2744 ipso
1156 2703 1335 2745 poscente
1369 2702 1529 2745 tyranno

472 2754 625 2799 Egressi
657 2754 694 2790 in
727 2754 858 2792 laudes
891 2755 969 2791 veri
1003 2755 1181 2792 domuere
1215 2753 1374 2801 profana

472 2812 547 2846 Ora
578 2811 660 2858 Dei,
695 2822 767 2856 quo
798 2811 956 2857 pallenti
986 2812 1162 2848 mirantia
1194 2812 1298 2848 vultu

473 2866 639 2903 Horrore
670 2867 811 2914 ingenti
843 2872 1076 2904 tremuerunt
1112 2867 1277 2905 barbara
1310 2867 1435 2907 corda.
