1914 3223
739 203 1042 248 -297-

321 325 351 363 Ο
382 324 446 372 pia
472 322 604 371 gratia,
636 322 731 359 mira
763 332 830 368 per
860 322 995 367 omnia,
1028 320 1148 368 gratia
1180 319 1288 363 roris,

321 381 466 420 Gratia.
498 379 628 426 gloria,
661 379 799 427 pluvia,
834 378 955 424 copia,
989 389 1123 414 manua
1156 372 1316 413 decoris.

227 440 289 478 15,
322 439 396 475 Ros
427 436 589 484 deitatis,
624 434 707 472 fons
738 435 902 481 pictatis,
936 446 1071 471 manna
1103 434 1250 471 beatum

324 494 437 531 Dulce
471 492 630 539 paravit,
662 491 787 528 nobile
820 491 951 527 stravit
985 495 1021 526 te
1052 490 1123 526 sibi
1154 494 1326 532 stratum,

325 551 371 588 Ut
403 549 475 586 sibi
507 549 607 594 regia
636 548 700 590 sis,
735 548 792 583 vel
824 547 857 583 ci
888 548 976 594 tria,
1010 547 1148 583 lumine
1180 546 1312 592 plena:

322 606 464 644 Lucida
492 605 614 642 sedes.
648 605 803 640 thronus
835 609 871 639 ct.
901 604 1027 652 aedes,
1061 608 1194 639 cuncta
1225 612 1379 646 serena;

323 663 368 701 Ut
404 661 492 698 mihi
526 661 641 701 vivas,
674 661 798 707 sisque
830 660 918 696 milri
952 672 1029 707 vas,
1061 660 1113 696 sis
1146 659 1232 695 milti
1267 659 1388 706 nidus,

223 722 288 757 20.
321 719 380 757 Sis
412 717 499 754 milti
531 718 610 759 lux:
644 717 731 753 milti
765 717 853 762 dux,
885 716 974 752 mihi
1007 727 1074 762 por
1106 726 1208 753 mare
1241 727 1317 761 vae,
1352 714 1440 751 mihi
1472 715 1589 761 sidus,

321 775 452 822 Sisque
484 774 562 811 Deo
593 773 781 812 tribuente
812 784 892 810 meo
924 784 1004 809 mea
1034 773 1106 809 iam
1139 773 1218 808 sinc
1249 783 1381 818 quare.

322 832 421 877 Ergo
453 830 542 868 mihi
574 831 663 867 (lata
692 840 790 875 spes.
824 840 905 866 nica
935 839 1022 878 spes
1053 834 1146 872 rata,
1180 828 1401 874 propitiare,

321 888 379 925 Sis
411 888 500 923 «lata
530 887 654 933 sisque
687 886 811 923 datrix
844 886 933 922 mihi
965 897 1113 932 semper
1145 891 1178 921 et
1216 885 1444 924 auxiliatrix.

321 944 378 980 Sis
411 942 512 989 mihi,
545 949 674 979 sancta
706 943 775 979 Dei
808 943 978 988 genetrix
1011 942 1163 988 verique
1197 942 1283 986 «liei,

224 1002 290 1038 25..
324 1001 403 1037 Lux
436 1004 470 1035 et
502 1000 679 1039 iustitiae,
712 999 802 1035 solis
833 999 940 1035 iubar
971 1009 1113 1045 arxque
1144 998 1310 1046 sophiae,

321 1057 379 1094 Sis
411 1055 497 1092 milri
531 1056 640 1102 plena
672 1055 777 1091 bonis
808 1061 841 1091 et
876 1055 1026 1102 lumine,
1058 1055 1170 1101 plena
1201 1055 1359 1104 coronis,

323 1113 534 1149 Onmiinodi
566 1112 719 1156 iubaris,
753 1112 908 1158 gemmis
938 1111 1158 1158 plenissima
1188 1111 1314 1156 claris,

324 1169 383 1206 Sis
415 1169 515 1217 mihi,
549 1170 600 1205 sis
632 1169 735 1205 varia
767 1169 903 1217 specie,
937 1169 1108 1214 speciosa
1138 1167 1274 1213 Maria,

324 1219 450 1265 Plenu,
487 1225 561 1262 Deo
592 1225 715 1271 plena,
749 1225 968 1271 clarissima,
1003 1224 1136 1271 dulcis,
1168 1235 1336 1263 amoena.

225 1283 289 1318 3⁰.
322 1282 381 1319 Sis
412 1281 502 1318 mihi
534 1282 621 1321 vita,
654 1282 767 1329 salus,
802 1282 875 1318 dux
908 1286 943 1317 et
977 1282 1047 1325 via,
1079 1285 1202 1317 mente
1235 1292 1315 1318 mea
1344 1281 1407 1318 lux

323 1338 501 1387 Utraque,
534 1338 585 1374 sis
616 1342 771 1386 myrtus,
804 1338 855 1374 sis
887 1338 1014 1378 turris,
1047 1338 1097 1374 sis
1129 1337 1218 1374 mihi
1250 1338 1381 1387 virtus,

322 1394 393 1444 Sis,
426 1405 527 1441 rogo,
558 1395 609 1431 sis
638 1394 728 1431 mihi
758 1394 833 1438 lux,
866 1394 956 1430 mihi
986 1394 1079 1439 laus,
1111 1394 1203 1430 mihi
1234 1406 1320 1443 pax,
1352 1394 1442 1431 mihi
1473 1394 1598 1441 stilus,

321 1451 380 1489 Sis
411 1450 501 1487 mihi
531 1450 662 1498 gratia,
695 1450 746 1487 sis
777 1451 866 1487 mihi
897 1451 1029 1497 gloria,
1060 1451 1185 1497 sisque
1217 1450 1354 1496 fidelis,

321 1507 380 1545 Sis
410 1507 500 1544 mihi
532 1507 679 1555 gaudia,
712 1511 842 1551 mater,
877 1513 910 1542 et
942 1507 1065 1543 omnia
1097 1517 1262 1553 congrua
1293 1508 1421 1554 caelis,

225 1565 289 1601 235.
323 1564 380 1601 Sis
411 1563 502 1600 mihi
533 1564 626 1600 certi
658 1565 824 1610 praemia
855 1565 944 1600 serti
979 1565 1072 1600 dans
1103 1564 1183 1600 sine
1214 1565 1329 1601 Mene

323 1621 454 1667 Sisque
485 1619 646 1662 beatrix,
679 1621 729 1657 sis
760 1620 850 1656 mihi
882 1620 1006 1657 datrix
1038 1620 1132 1658 lucis
1164 1631 1357 1658 amoenae.

319 1677 373 1714 Sit
405 1676 486 1722 tibi,
519 1677 581 1713 lux
613 1677 719 1721 caeli,
752 1677 814 1713 lux
846 1677 972 1714 lucens
1005 1677 1136 1723 cuique
1169 1676 1285 1725 fideli,

325 1733 379 1770 Sit
411 1733 491 1781 tibi,
523 1733 632 1770 stella
663 1734 788 1779 inuris,
821 1744 904 1770 cum
936 1733 1143 1781 virginibus
1174 1734 1243 1771 tibi
1274 1734 1398 1784 claris,

323 1789 377 1826 Sit
409 1789 490 1835 tibi,
523 1801 666 1837 gemma
697 1790 779 1835 Dei,
812 1790 926 1827 totius
957 1789 1024 1827 flos
1055 1790 1208 1838 speciei,

225 1848 290 1884 40.
323 1845 405 1883 Sint
435 1845 504 1882 tibi
534 1846 680 1893 sintque
711 1847 783 1884 tria
811 1847 1045 1884 sanctissima
1076 1847 1182 1894 virgo
1213 1847 1357 1885 Maria:
1440 1885 1450 1891 ,

323 1901 465 1950 Gloria,
497 1903 577 1939 laus
609 1910 643 1939 et
676 1903 806 1952 honor,
837 1904 904 1941 sed
935 1903 1033 1952 plus,
1065 1915 1175 1951 quam
1209 1904 1335 1941 dicere
1366 1915 1491 1950 conor,

323 1958 476 2005 Virgine
507 1970 587 1995 cum
616 1960 756 1996 Thecla
787 1959 1014 2007 reliquisque
1044 1970 1113 2007 per
1143 1961 1267 1998 omnia
1296 1962 1433 1999 saecla.
