1914 3223
751 121 1054 163 -147-

670 233 734 270 115.
771 233 829 275 (5.)
865 231 974 268 Fer-ia
998 231 1134 268 Tertia.

755 301 812 335 Ad
837 304 1058 336 Matutinum.

134 402 167 438 1.
199 399 260 437 Ad
292 398 422 435 laudes
453 396 514 434 die
545 396 657 434 tertia
941 397 978 434 4.
1011 397 1242 433 Recusamur
1272 395 1308 432 in
1340 394 1524 439 omnibus,

199 455 279 492 Nos
310 455 387 491 eius
418 458 564 490 monent
598 463 723 501 opera,
1009 453 1046 489 Si
1082 451 1259 489 factorem
1292 451 1577 496 contemnimus,

255 510 496 557 Congregatis
1064 509 1259 546 Rationem

312 565 553 604 inferioribus
1120 576 1189 612 pro
1221 565 1364 602 cunctis
1396 565 1514 612 exigit.

253 623 370 670 Aquis
402 627 539 660 terram
1063 622 1114 671 Is,
1147 622 1209 668 qui
1241 625 1375 658 cuncta

311 679 454 717 detexit
483 678 679 717 Dominus.
1117 689 1187 725 pro
1219 678 1326 715 nobis
1358 677 1541 715 condidit.

130 786 167 823 2.
198 783 317 820 Terra
347 782 495 819 detecta
526 781 699 828 pullulat,
933 783 971 819 Γ».
1004 780 1202 827 Disceptat
1231 779 1393 816 mundus
1425 784 1556 817 contra
1587 791 1654 816 nos

198 838 362 876 Hei-bam
394 842 429 875 et
460 838 600 886 lignum
633 838 831 887 germinat,
1003 837 1154 885 Focum,
1187 840 1341 874 ornatui⁴
1373 840 1531 883 propter
1562 847 1642 883 nos,

251 896 369 934 Omne
398 905 513 943 genus
1060 893 1098 931 Si
1131 905 1196 930 nos
1227 893 1309 930 Deo

309 951 447 990 herbae
477 951 712 1001 producitur,
1115 962 1189 988 non
1220 950 1358 987 subdat
1390 949 1526 998 gratia,

252 1009 369 1047 Omne
399 1008 491 1056 ligni
1060 1007 1201 1054 Quibus
1232 1007 1314 1053 ipse

306 1076 421 1113 genus
453 1065 648 1102 emittitur.
1118 1064 1279 1101 subiecit
1309 1063 1444 1101 omnia.

125 1168 163 1207 3.
195 1167 238 1204 In
270 1172 371 1204 terra
400 1172 524 1204 terrae
555 1166 762 1214 principem
934 1167 972 1205 6.
1007 1165 1202 1202 Placemus
1232 1164 1354 1210 ipsum
1386 1164 1575 1213 laudibus,

193 1224 451 1261 Collocuturus
482 1223 667 1260 hominem
1003 1224 1119 1267 Quem
1150 1222 1343 1258 irritamus
1374 1221 1531 1271 actibus,

250 1280 386 1317 Locum
418 1280 520 1317 Deus
1059 1279 1206 1325 Quanta
1237 1278 1360 1314 laudis

303 1337 473 1373 ornando
503 1340 719 1383 praeparat,
1117 1335 1166 1371 sit
1194 1334 1413 1380 immolatio,

249 1393 356 1430 Vitae
386 1397 536 1429 nostrae
1060 1390 1139 1427 Nos
1170 1391 1399 1437 psalmorum

303 1459 411 1496 quem
442 1449 535 1486 ordo
566 1448 746 1495 postulat.
1118 1447 1230 1484 docet
1260 1447 1472 1485 instructio,

458 1551 493 1589 7.
526 1550 583 1587 Sit
612 1560 749 1596 perpes
779 1548 860 1586 Deo
892 1549 1023 1596 gloria,

526 1607 584 1644 Ex
615 1617 687 1653 quo
718 1610 816 1653 sunt,
849 1616 945 1653 quae
975 1610 1074 1656 sunt,
1107 1605 1245 1653 omnia,

582 1664 710 1710 Ipsum
741 1667 889 1709 cuncta,

639 1730 708 1767 per
738 1730 847 1767 quem
879 1723 978 1770 sunt,
1011 1720 1247 1767 praedicent,

582 1777 663 1824 Ipsi
694 1787 855 1826 semper,

637 1834 676 1870 in
707 1845 778 1881 quo
809 1837 907 1883 sunt,
939 1833 1112 1873 iubilcnt‚

203 1913 230 1944 B
255 1913 312 1944 fol.
337 1912 421 1945 821).

648 2011 712 2048 116.
747 2013 806 2055 (6.)
843 2010 952 2047 Faria
978 2010 1130 2053 Quarta.

742 2083 795 2115 Ad
818 2083 1042 2115 Matutinum.

116 2177 150 2215 1.
183 2176 375 2214 Ornarunt
405 2180 546 2213 terram
577 2176 746 2223 germina
927 2178 964 2214 3.
998 2175 1104 2212 Haec
1134 2184 1281 2222 quoque
1311 2185 1381 2222 pro
1412 2178 1449 2211 te
1477 2175 1630 2212 condita

184 2232 305 2283 Nunc,
338 2233 482 2270 caelum
514 2233 727 2280 luminaria,
997 2232 1164 2276 Sursum,
1198 2232 1319 2282 homo,
1353 2231 1563 2281 considera,

238 2289 337 2337 Sole,
368 2290 468 2339 luna,
1054 2289 1150 2326 Esse
1182 2292 1283 2326 tuam

294 2347 414 2384 stellis
447 2346 676 2397 depingitur,
1112 2349 1148 2383 et
1179 2345 1274 2383 caeli
1306 2345 1410 2392 regio

238 2403 402 2450 Quorum
431 2404 570 2441 multus
1054 2402 1102 2440 Se
1137 2401 1280 2439 fatetur

293 2471 382 2498 usus
414 2458 663 2508 cognoscitur.
1110 2459 1243 2496 horum
1274 2458 1441 2497 servitio.

112 2564 148 2601 2.
182 2563 322 2599 Lucem
356 2563 603 2612 distinguunt,
635 2567 818 2609 tempora,
925 2564 964 2601 4.
997 2562 1082 2599 Sole
1115 2561 1212 2598 calet
1243 2561 1280 2597 in
1311 2561 1445 2606 hieme,

185 2619 277 2657 Sunt
307 2619 345 2656 in
378 2620 484 2666 signa
517 2619 739 2665 certissima,
996 2619 1066 2664 Qui
1099 2621 1201 2654 caret
1232 2617 1329 2664 ignis
1360 2627 1526 2661 munere,

239 2676 383 2714 Cuncta
415 2675 495 2713 fere
1055 2675 1127 2713 Pro
1159 2679 1364 2711 nocturnae

292 2737 480 2770 terrarum
512 2733 707 2770 commoda
1109 2732 1286 2768 lucernae
1317 2732 1438 2777 gratia

240 2790 480 2827 Planetarum
1055 2789 1204 2834 Pauper
1234 2787 1348 2824 habet

298 2847 488 2885 ministrat
519 2846 690 2892 physic-a.
1108 2845 1233 2881 lunam
1265 2848 1302 2880 et
1332 2844 1473 2882 sidera.

1392 2908 1460 2943 10*
