2031 3289
281 329 347 368 17.

281 739 346 778 18.

283 1148 347 1185 19.

279 1560 347 1599 20.

283 1970 350 2009 21.

905 216 1212 256 -600-

394 328 517 374 Salve,
549 328 683 377 grandi
716 338 800 365 cum
832 329 962 366 dolore

392 385 516 422 Iesum
552 384 745 421 madidum
778 395 910 421 cruore

448 442 616 479 Cernens
647 441 684 476 in
716 440 907 487 patibulo3

393 497 468 534 Sed
500 497 587 533 hinc
617 496 739 534 minus
772 496 937 546 doluisti,

390 553 497 601 Quod
528 553 626 590 hunc
656 553 735 599 pati
767 552 964 590 credidisti

445 610 520 646 Pro
551 608 733 646 salvando
763 609 925 646 saeculo.

393 738 516 787 Salve,
549 738 681 774 salutis
712 738 880 786 alumna,

391 794 515 838 Salve,
548 793 640 830 fidei
673 794 862 842 columna,

445 848 489 889 In
521 861 594 896 qua
623 849 720 887 fides
753 849 894 898 floruit,

389 907 547 953 Quando
577 916 761 953 percusso
792 911 946 953 pastore

392 962 495 1001 Grex
530 963 723 1009 dispersus
756 968 814 999 est
846 963 982 1001 timore

445 1019 495 1056 Et
526 1019 565 1055 in
594 1018 671 1055 fide
701 1019 855 1057 corruit.

393 1147 517 1196 Salve,
549 1149 672 1185 Iesum
703 1148 999 1195 triumphantem

389 1204 441 1241 Et
471 1204 660 1242 infernum
691 1205 917 1253 spoliantem

449 1261 687 1307 Cognoscens
719 1272 801 1298 cum
831 1262 983 1308 gaudio,

388 1316 440 1353 Et
471 1322 554 1363 post
587 1324 746 1354 mortem
769 1318 869 1355 vitae
892 1318 1021 1356 datum

390 1373 511 1420 Vique
542 1384 608 1410 sua
638 1374 871 1421 suscitatum⁷

447 1429 626 1467 Gaudens
661 1430 729 1467 tali
760 1430 850 1470 filio,

395 1559 523 1604 Salve,
556 1559 675 1606 virgo,
707 1560 840 1597 videns
871 1560 971 1598 laeta

393 1615 500 1652 Mala
531 1615 662 1652 mundi
692 1620 778 1662 post
810 1616 936 1654 deleta

455 1672 778 1709 Conscendentem
810 1672 942 1723 filium,

394 1727 518 1774 Super
549 1728 682 1765 solium
715 1729 878 1766 caeleste

396 1783 652 1821 Concurrente
683 1785 794 1822 turba
824 1788 921 1822 teste

451 1840 598 1879 Civium
630 1842 861 1882 caelestium.

396 1970 530 2018 Salve,
575 1971 742 2017 gaudens
775 1972 1029 2019 contemplata
1099 1973 1164 2010 26.

396 2027 455 2064 De
486 2027 659 2073 supernis
691 2027 880 2065 destinata

451 2083 615 2120 Munera
647 2083 858 2133 discipulis,

394 2140 504 2176 quta
535 2139 604 2176 filii
636 2141 861 2186 promissum

395 2195 578 2242 Spiritum
612 2196 658 2233 de
690 2197 805 2234 caelis
836 2197 990 2234 missum

452 2252 576 2299 Igneis
606 2253 644 2289 in
676 2253 840 2302 linguliS.

1102 740 1169 777 23.

1097 1151 1164 1188 24.

1098 1563 1164 1600 25.

1095 332 1160 368 22.
1210 328 1332 379 Salve,
1366 330 1523 367 caelitus
1553 335 1760 381 assumpta,

1207 385 1291 422 Non
1312 396 1417 422 mens
1440 386 1531 433 sola,
1554 387 1621 423 sed
1644 392 1838 435 resumpta

1263 441 1443 488 Corporis
1473 443 1700 490 substantia,

1204 496 1281 535 Ubi
1311 498 1393 535 sola
1421 502 1458 535 te
1486 499 1734 548 transcendit,

1206 553 1302 591 Olim
1340 554 1379 591 in
1409 558 1447 591 te
1476 555 1538 601 qui
1571 555 1780 602 descendit,

1263 610 1453 647 Incarnati
1484 611 1618 658 gloria.

1216 738 1341 787 Salve,
1374 739 1484 776 iubar
1514 740 1714 790 singulare,

1215 794 1318 832 Caeli
1347 796 1481 832 summi
1512 796 1696 833 luminare

1269 851 1355 888 Toti
1386 852 1525 889 mundo
1556 852 1723 899 radians,

1215 907 1443 946 Universum
1479 912 1730 946 restauratum

1213 965 1287 1001 Per
1316 967 1354 1000 te
1386 965 1521 1002 videns
1553 968 1590 1001 et
1611 964 1842 1003 substratum

1269 1019 1356 1057 Tibi
1389 1021 1501 1068 digne
1531 1021 1711 1067 glorians.

1213 1149 1338 1196 Salve,
1371 1150 1477 1197 virgo
1508 1154 1586 1187 tam
1618 1150 1803 1201 sublimis,

1211 1205 1434 1244 Carceratos
1465 1217 1532 1243 nos
1563 1206 1604 1243 in
1633 1206 1718 1244 imis

1266 1263 1386 1299 Prece
1417 1267 1482 1299 tua
1513 1263 1647 1311 libera,

1210 1320 1253 1356 In
1285 1323 1322 1355 te
1352 1319 1440 1356 iuva
1471 1319 1703 1356 confidentes

1207 1375 1260 1412 Et
1291 1375 1426 1412 devote
1457 1380 1697 1412 recensentes

1263 1431 1365 1468 Data
1394 1431 1463 1468 tibi
1494 1442 1663 1470 munera.

1211 1560 1334 1606 Salve,
1368 1561 1448 1598 sola
1479 1571 1565 1610 spes
1597 1562 1743 1611 salutis,

1210 1617 1289 1654 Nos
1321 1618 1358 1654 in
1390 1617 1490 1654 valle
1515 1618 1709 1655 servitutis

1268 1675 1422 1711 Pressos
1453 1678 1505 1710 tot
1538 1674 1700 1711 miseriis

1210 1730 1301 1767 Iuva
1333 1730 1396 1776 pia
1427 1734 1626 1780 potestate,

1210 1786 1465 1823 Tabescentes
1496 1790 1663 1834 egestate

1267 1842 1358 1879 Tuis
1389 1843 1495 1889 reple
1526 1843 1688 1890 gaudiis.

1213 1972 1295 2009 Hoc
1324 1972 1362 2009 in
1393 1971 1478 2022 fine,
1511 1976 1643 2022 mater,
1675 1984 1754 2017 oro,

1213 2028 1319 2065 Votis
1350 2029 1438 2065 totis
1470 2029 1541 2065 hoc
1570 2029 1746 2076 imploro,

1270 2084 1463 2132 Virginum
1495 2085 1679 2133 piissima,

1211 2142 1245 2178 A
1276 2151 1335 2177 me
1367 2141 1473 2188 diligi
1506 2142 1662 2188 dignare

1210 2197 1260 2234 Et
1292 2207 1350 2234 me
1383 2197 1495 2245 digne
1526 2196 1586 2235 fac
1617 2209 1744 2236 amare

1266 2254 1331 2295 Te,
1363 2253 1471 2301 virgo
1503 2254 1732 2295 dulcissima.

641 2389 707 2427 27.
754 2389 911 2426 Cessent
941 2388 1007 2425 alii
1038 2398 1197 2434 amores,

753 2445 825 2483 Tui
857 2445 1012 2482 trahant
1042 2455 1102 2482 me
1132 2445 1269 2483 odores

810 2501 861 2538 Et
893 2501 1099 2538 incendant
1129 2501 1296 2551 gratiae3

754 2557 837 2594 Hoc
869 2557 1043 2594 detinear
1074 2557 1264 2607 languore,

754 2613 837 2651 Hoc
868 2613 1004 2650 nutriri
1037 2613 1086 2650 da
1119 2614 1273 2651 dulcore

807 2670 869 2706 Ad
907 2669 1101 2707 obtentum
1133 2670 1288 2717 gloriae.

370 2804 513 2835 Collect.
549 2815 612 2835 ms.
637 2804 823 2845 Anglicum
857 2815 948 2836 saec.
978 2803 1028 2836 13.
1078 2805 1160 2837 Cod.
1189 2804 1277 2837 coll.
1304 2805 1441 2837 Balliol.
1467 2805 1637 2836 Oxonien.
1662 2802 1738 2835 230.
1763 2804 1841 2837 add.

281 2858 368 2879 saec.
404 2848 454 2880 123.
490 2850 529 2880 Α.
565 2866 606 2872 -
643 2849 786 2882 Collect.
819 2860 882 2880 ms.
917 2850 1075 2881 Italicum
1107 2860 1196 2881 saec.
1226 2848 1276 2881 14.
1327 2850 1408 2882 Cod.
1435 2850 1602 2881 Marcian.
1627 2849 1674 2880 VI
1704 2847 1777 2881 174.
1802 2850 1841 2882 Β.

283 2912 324 2916 ——
352 2894 495 2925 Colloct.
529 2905 590 2925 nis.
619 2894 853 2926 Dunelmonse
885 2905 973 2927 saec.
1011 2893 1061 2926 14.
1088 2906 1139 2926 ex.
1190 2895 1273 2927 Cod.
1300 2895 1491 2927 Londinen.
1518 2896 1601 2935 Reg.
1627 2892 1647 2925 ’ἲ
1672 2894 1700 2925 A
1720 2895 1778 2926 VI.
1804 2893 1841 2926 C.

280 2956 322 2959 ——
349 2939 442 2970 Orat.
471 2950 532 2970 ms.
559 2940 734 2981 Augienso
759 2950 849 2971 saec.
877 2938 963 2971 ¹⁴1'1r».
1012 2940 1096 2972 Cod.
1122 2940 1368 2972 Carolsruhan.
1395 2940 1481 2982 Aug.
1508 2938 1562 2971 36.
1590 2941 1630 2971 D.
1658 2958 1699 2962 --
1721 2939 1840 2971 Rotuli
