2031 3289
999 143 1310 184 —434—

920 286 1001 323 406.
1039 287 1120 330 (18.)
1155 288 1212 323 Ad
1236 288 1390 323 Laudes

1022 356 1175 388 eiusdem
1200 356 1290 388 festi.

425 451 461 490 1.
492 450 711 496 Exsurgunt
740 459 838 485 nova
869 448 1006 495 gaudia
1240 451 1275 487 3.
1310 450 1410 493 Quas
1440 447 1488 485 ab
1521 450 1628 484 aestu
1659 447 1898 496 multiplicat,
1961 469 1966 475 -

496 506 570 542 Per
601 510 705 553 gesta
735 505 938 549 mirabilia,
1308 505 1439 550 Aeque
1470 504 1550 540 solo
1580 504 1803 554 accumulat,

499 562 640 608 Quibus
671 572 740 608 per
770 561 885 598 saecli
916 561 1067 597 climata
1307 560 1510 597 Liniitibus
1543 559 1781 605 determinat,

495 617 673 665 Refulget
703 618 805 664 virgo
836 617 972 667 Maria,
1311 616 1374 653 Sic
1405 616 1475 653 sibi
1507 616 1687 662 templum
1717 620 1760 653 ut
1789 615 1867 657 fiat.

423 721 462 758 2.
494 719 702 756 Benedicta
731 718 769 755 in
802 718 965 765 milibus,
1239 719 1280 755 4.
1313 717 1422 754 Felix
1456 716 1579 753 fidelis
1610 716 1761 766 femina,

495 776 590 812 Prae
621 775 765 812 cunctis
796 774 1028 819 mulieribus,
1311 773 1475 810 Caelesti
1508 773 1646 819 degens
1678 774 1792 823 regia,

495 832 597 877 Quae
629 832 814 878 congessit
848 842 894 868 ex
925 830 1075 867 nivibus
1311 829 1394 866 Non
1429 829 1634 876 dedignata
1663 829 1791 868 infima

495 886 699 926 Proferens
733 898 755 925 a
785 887 1021 924 sublimibus.
1311 886 1480 922 Invisere
1511 885 1689 932 propitia.

832 990 870 1027 5.
903 988 1035 1025 Gloria
1066 987 1220 1026 Christo
1251 987 1423 1036 Domino,

900 1045 992 1083 Cum
1025 1043 1189 1080 iubilaeo
1220 1043 1379 1092 cantico7

903 1101 1095 1138 Processit
1126 1100 1190 1146 qui
1220 1100 1390 1146 virgineo

901 1157 1109 1203 Tamquam
1142 1167 1301 1202 sponsus
1334 1156 1380 1192 de
1407 1155 1584 1193 thalamo.

475 1259 548 1291 Fol.
577 1256 682 1290 153b.
712 1259 819 1299 „Item
843 1257 992 1298 hymnus
1018 1257 1061 1288 ad
1086 1254 1239 1288 laudes.“

846 1401 927 1438 407.
964 1403 1043 1444 (19.)
1078 1403 1134 1437 Ad
1163 1401 1479 1445 completorium

1032 1472 1186 1504 eiusdem
1211 1472 1300 1503 festi.

431 1567 466 1604 1.
500 1565 663 1603 Miretur
693 1576 802 1603 omne
832 1565 1035 1611 saeculum,
1246 1566 1283 1604 4.
1317 1563 1497 1613 Figuram
1530 1563 1629 1610 quod
1664 1564 1932 1610 praetenderet

501 1622 607 1668 Quod
638 1622 677 1658 in
707 1625 850 1658 aestate
880 1622 1027 1658 torrida
1314 1620 1407 1657 Eius
1439 1619 1596 1666 pudoris
1627 1619 1740 1666 nivei,

500 1678 738 1724 Virginitatis
770 1678 963 1725 speculum
1317 1678 1508 1722 Quatenus
1539 1676 1593 1712 sic
1624 1676 1853 1719 ostenderet,

501 1735 618 1772 Nives
649 1735 794 1782 spargit
825 1738 862 1771 et
891 1735 1012 1781 gelua,
1317 1734 1424 1779 Quod
1455 1733 1634 1778 templum
1664 1731 1762 1769 foret
1783 1731 1948 1772 Domini.

435 1839 472 1875 2.
506 1836 628 1883 Super
654 1836 778 1872 nivem
809 1836 1010 1873 candidior
1248 1837 1285 1874 5.
1317 1835 1459 1871 Eorum
1490 1834 1527 1870 in
1559 1834 1740 1870 memoria

500 1893 533 1930 E
565 1893 650 1929 nive
682 1893 910 1929 domicilium
1318 1891 1423 1928 Haec
1454 1889 1551 1927 festa
1582 1890 1811 1927 mirabilium

504 1949 637 1993 Struit,
670 1959 752 1986 cum
784 1953 883 1985 esset
913 1949 1036 1986 albior
1320 1947 1496 1985 Celebret
1526 1946 1786 1994 sanctimonia,

506 2006 612 2043 Haec
643 2016 757 2053 super
786 2016 895 2043 omne
926 2006 1058 2045 lilium,
1320 2004 1484 2041 Plaudat
1515 2011 1641 2040 coetus
1673 2002 1853 2042 fidelium.

434 2109 470 2146 3.
504 2108 621 2144 Nives
654 2107 787 2144 densat
818 2107 886 2144 sub
918 2107 1053 2154 spatio,
1250 2108 1286 2146 6.
1319 2106 1430 2142 Doxa
1460 2105 1560 2151 patri
1591 2104 1759 2150 ingenito

505 2164 559 2202 Ut
589 2164 661 2200 sibi
692 2164 976 2200 tabernaculum
1319 2162 1486 2208 Eiusque
1516 2161 1709 2208 unigenito

504 2221 549 2258 In
579 2220 716 2257 montis
747 2220 951 2267 supercilio
1319 2219 1362 2255 In
1392 2218 1539 2255 Mariae
1574 2217 1774 2254 virtutibus

503 2277 719 2324 Adaptaret
749 2276 962 2323 mirificum,
1317 2275 1514 2312 Laudetur
1543 2274 1662 2311 almus
1695 2273 1862 2320 spiritus.

482 2378 556 2410 Fol.
590 2374 695 2409 153b.
723 2377 796 2419 „Ad
821 2377 1083 2418 completorium
1110 2376 1289 2417 hy1nnus.“

803 2520 883 2557 408.
920 2521 1000 2562 (20.)
1034 2521 1090 2555 De
1118 2519 1265 2555 Sancto
1292 2519 1542 2554 wenceslao.

1040 2591 1093 2622 Ad
1119 2592 1302 2631 Vesperas.

711 2684 748 2722 1.
781 2684 833 2722 Ut
864 2682 1013 2720 caelebs
1045 2687 1127 2719 tuas
1159 2682 1316 2719 reboare
1348 2687 1432 2728 tyro

777 2741 927 2778 Possint,
959 2739 1084 2776 faveto
1116 2739 1255 2775 servuli
1287 2737 1334 2775 ab
1366 2739 1456 2784 alto,

780 2797 970 2842 Posceque
1002 2795 1143 2832 blesam
1177 2795 1300 2832 vinclo
1331 2800 1368 2830 ut
1403 2794 1567 2831 resolvat

835 2853 962 2890 Doxas
992 2852 1029 2889 in
1061 2853 1235 2899 glossam.
