2031 3289
928 159 1235 199 —144—

503 274 541 311 6.
589 272 729 311 Christi
759 273 900 310 dicavit
930 283 1016 310 mox
1047 272 1100 309 ibi
1131 273 1341 322 ecclesiam,

588 329 685 366 Nam
716 327 1002 366 fundamentum
1032 328 1123 366 fidei
1154 328 1400 367 fortissimum

588 385 748 423 Fixerat
778 396 892 422 unum
923 389 1070 432 petram
1102 396 1217 432 super
1245 386 1458 433 limpidam,

587 442 705 487 Quam
735 440 874 478 flumen
902 442 1050 478 undans
1083 453 1150 478 nec
1181 446 1379 479 ventorum
1409 441 1569 480 fulmina

588 498 776 543 Quassare
807 502 978 544 possunt,
1011 502 1199 535 torrentes
1230 509 1299 535 nec
1329 499 1494 545 pluviae.

514 577 550 615 7.
595 575 746 613 Deinde
776 587 906 612 rursus
938 587 1021 612 cum
1053 587 1193 613 corona
1222 577 1375 613 rediens

589 632 747 670 Athleta
777 632 936 680 Christi,
969 637 1119 679 compta
1150 633 1320 679 pulchris
1351 633 1455 676 liliis,

589 688 827 736 Mixtumque
862 689 998 735 palmis
1029 690 1136 726 lauro
1166 693 1280 736 atque
1311 690 1450 726 rosulis

586 745 771 783 Portabat
801 745 968 792 gaudens
1001 745 1178 782 diadema
1208 746 1362 795 vertice,

583 802 780 848 Ingressus
810 801 943 838 urbem
974 802 1131 840 Romam
1164 802 1316 839 Christo
1347 802 1496 839 comite.

505 881 541 917 8.
590 879 661 916 His
691 880 746 917 ita
775 880 890 927 gestis
921 880 1047 927 pergit
1076 880 1351 917 Alexandriam

589 936 728 973 Sancto
759 937 928 983 repletus
960 937 1109 983 spiritu,
1141 937 1369 973 laetissimos

586 993 702 1030 Fines
733 1003 802 1040 per
833 1004 962 1030 omnes
992 993 1131 1040 iugiter
1160 993 1429 1039 Memphiticos

589 1049 717 1087 Patris
748 1050 937 1087 tremendi
968 1049 1216 1096 praedicabat
1246 1049 1398 1086 unicum

589 1106 747 1143 Venisse
775 1106 906 1143 mundi
938 1117 1007 1153 pro
1041 1107 1162 1143 salute
1193 1106 1324 1144 filium.

502 1186 541 1223 9.
587 1184 718 1221 Turba
749 1184 915 1221 crudelis
947 1184 1089 1223 Christi
1121 1185 1222 1221 circa
1253 1185 1409 1221 militem

587 1241 752 1278 Tumens
783 1240 945 1287 parabat
975 1246 1248 1278 tormentorum
1276 1242 1435 1291 spicula,

588 1297 723 1340 Vinxit
753 1298 910 1344 catenis,
943 1297 1134 1334 transfixit
1164 1297 1304 1334 aculeis

586 1354 818 1391 Dilaniando
849 1353 978 1401 flagris
1010 1365 1120 1391 sacra
1149 1355 1296 1391 viscera

586 1411 761 1448 Carceris
792 1411 946 1448 umbras
978 1411 1079 1447 misit
1109 1411 1158 1448 ad
1189 1410 1466 1457 phantasticas

474 1490 538 1529 10.
587 1489 738 1526 Primus
769 1490 924 1536 superni
956 1489 1118 1526 nominis
1148 1489 1322 1526 notitiam

585 1546 704 1583 Dedit
733 1547 772 1583 in
803 1546 934 1583 urbem
967 1546 1121 1583 Marcus
1153 1545 1440 1594 Alexandriam,

587 1602 731 1640 Christi
764 1603 907 1640 dicavit
936 1613 1022 1639 mox
1054 1602 1108 1639 ibi
1140 1602 1347 1647 basilicam,

586 1659 703 1706 Quam
735 1660 905 1706 expiavit
935 1659 1103 1706 pretioso
1134 1659 1327 1707 sanguino,

590 1715 754 1753 Vallavit
783 1716 906 1753 almae
933 1715 1022 1753 fidei
1054 1716 1271 1753 munimine.

474 1794 538 1833 11.
587 1794 720 1832 Gloria
749 1795 863 1843 patri,
899 1794 1012 1832 decus
1045 1799 1081 1830 et
1111 1794 1310 1842 imperium

587 1850 656 1897 Sit,
689 1857 787 1901 nate,
821 1861 971 1897 semper
1001 1851 1070 1889 tibi
1102 1862 1216 1897 super
1246 1851 1384 1900 sidera,

584 1908 729 1955 Honor,
762 1911 932 1954 potestas
963 1912 1169 1954 sanctoque
1202 1907 1366 1954 spiritui,

588 1964 646 2001 Sit
675 1965 839 2001 trinitati
872 1964 992 2001 virtus
1023 1964 1244 2001 individuae

587 2022 661 2059 Per
690 2021 839 2058 infinita
870 2021 1106 2058 saeculorum
1139 2020 1300 2057 saecula.

385 2100 515 2140 Hymn.
553 2110 614 2130 ms.
654 2099 918 2131 Severinianum
957 2108 1046 2130 saec.
1087 2096 1136 2130 10.
1175 2109 1224 2130 ex.
1286 2098 1369 2130 Cod.
1405 2098 1565 2129 Vatican.
1603 2095 1700 2129 7172.
1736 2097 1777 2130 A.
1813 2113 1856 2118 —

292 2146 421 2186 Hymn.
440 2155 502 2176 ms.
523 2145 790 2178 Severinianum
808 2154 896 2176 saec.
918 2142 968 2176 10.
984 2155 1036 2175 ex.
1073 2144 1155 2175 Cod.
1170 2144 1320 2175 Parisin.
1338 2141 1434 2175 1092.
1449 2144 1488 2175 Β.
1502 2161 1545 2164 -
1563 2142 1590 2183 1,
1603 2140 1624 2174 3
1638 2142 1854 2184 splendorem

292 2190 362 2221 AB.
388 2207 432 2212 -
458 2188 488 2229 3,
515 2188 536 2222 3
562 2190 681 2232 Cingit
705 2191 765 2231 qui
790 2190 860 2220 AB.
886 2207 930 2210 —
955 2188 986 2227 5,
1011 2188 1034 2221 4
1059 2193 1134 2220 sato
1152 2190 1223 2221 AB.
1249 2206 1291 2209 ——
1319 2187 1370 2225 ll,
1399 2189 1412 2220 1
1440 2189 1597 2221 Gloriam
1616 2190 1685 2220 AB.
1703 2185 1855 2226 -11,4

291 2236 461 2266 trinitatis
495 2236 566 2267 AB.
600 2252 640 2256 ——
674 2236 806 2266 Diesen
838 2236 997 2276 Hymnus
1030 2235 1091 2266 hat
1121 2238 1237 2266 zuerst
1262 2234 1450 2265 Madrisius
1475 2234 1758 2276 herausgegeben
1781 2232 1851 2265 und

291 2280 421 2312 Paulin
439 2281 724 2322 zugeschrieben.
766 2281 816 2311 Er
833 2280 1007 2312 bemerkt:
1036 2281 1234 2321 „Hymnum
1252 2279 1343 2310 hunc.
1362 2281 1451 2311 inter
1470 2279 1613 2311 schedas
1630 2279 1680 2311 ill.
1698 2279 1851 2321 episcop-i

292 2326 477 2358 Adriensis
495 2330 668 2367 repertum
688 2336 795 2367 nepos
809 2327 895 2365 eius,
916 2326 1126 2357 Laurentius
1141 2336 1160 2356 a
1174 2327 1294 2358 Turre,
1313 2325 1560 2356 humanissime
1574 2324 1852 2356 communicavit.

294 2372 414 2411 Quem,
450 2373 567 2403 statim
593 2382 634 2402 ac
658 2371 740 2412 legi,
766 2371 951 2402 Paulinum
971 2371 1067 2402 illico
1087 2375 1263 2402 auctorem
1289 2368 1446 2411 agnovi.“
1495 2370 1627 2412 (Migne
1659 2367 1681 2401 l.
1704 2380 1733 2401 c.
1761 2366 1851 2408 495).

292 2417 333 2448 In
366 2417 426 2448 der
451 2417 519 2448 Tat
543 2418 643 2448 weist
667 2417 783 2448 ausser
807 2417 957 2447 Metram
982 2416 1052 2447 und
1078 2416 1229 2458 Spraehe
1256 2416 1331 2447 hier
1355 2426 1418 2447 vor
1442 2416 1545 2447 allen]
1570 2415 1630 2447 der
1653 2414 1770 2447 Inhalt
1793 2413 1855 2446 auf

292 2462 358 2493 den
385 2462 615 2494 Patriarchen
640 2472 709 2493 von
735 2462 906 2503 Aquileja.

678 2572 758 2607 105.
796 2573 854 2615 (7.)
890 2572 933 2606 ln
959 2572 1224 2607 Dedicatione
1248 2572 1466 2608 Ecclesiae.

500 2645 536 2684 1.
585 2642 790 2690 Refulgent
821 2644 924 2681 clara
953 2644 1061 2680 liuius
1092 2644 1224 2690 templi
1257 2644 1431 2691 culmina,

587 2698 745 2738 Pertusa
776 2701 859 2736 luce
890 2699 1124 2746 septiformis
1156 2700 1313 2746 spiritus

585 2757 729 2794 Christi
760 2757 965 2793 rubescunt
997 2762 1206 2803 purpurata
1237 2757 1431 2805 sanguine,

586 2813 728 2851 Perlita
760 2824 844 2850 rore
875 2813 1032 2859 pretiosi
1064 2813 1222 2850 balsami

583 2870 708 2908 Odore
740 2868 913 2917 fragrant
944 2869 1074 2906 mixtis
1106 2869 1349 2908 aromatibus,

1875 2859 2021 3289 ιΐ
