2031 3289
265 519 307 557 1.
337 518 459 556 Adest
492 518 572 555 dies
604 521 755 554 sanctus
786 516 859 553 Dei

337 575 450 613 Claro
481 573 728 620 resplendens
758 573 909 621 lumine,

870 187 1175 226 ——192—

654 355 734 391 142.
774 356 854 397 (11.)
889 354 934 388 In
960 353 1200 389 Ascensione
1226 353 1399 388 Domini.

855 424 916 455 Ad
949 424 1205 465 Vesperum.

1082 517 1119 553 4.
1153 515 1334 552 Reddunt
1374 513 1508 561 quibus
1539 524 1625 550 mox
1657 511 1813 559 praevia

1150 571 1256 608 Haec
1286 571 1503 618 angelorum
1534 574 1614 606 tum
1640 569 1809 616 agmina:

335 631 415 676 Quo
446 631 568 667 victor
597 630 645 667 ad
676 630 800 666 caelos
832 633 966 675 potens
1155 628 1264 676 „Rex
1295 627 1437 674 gloriae
1468 625 1592 673 fortis,
1621 630 1770 672 potens,

335 688 417 725 Rex
449 686 620 724 Christus
659 686 852 723 exsultans
883 685 992 731 petit.
1152 684 1222 721 Est
1252 683 1325 720 iste
1355 684 1537 720 virtutum
1569 678 1709 719 Deus.“

265 790 305 829 2.
337 789 452 835 Quem
473 787 585 825 turba
607 791 695 824 tunc
717 798 799 824 curn
817 786 995 823 laudibus
1081 789 1118 826 5.
1152 785 1328 822 Claustra
1351 789 1409 822 ast
1426 788 1559 831 patent
1574 793 1661 820 mox
1677 782 1812 831 omnia,

336 845 490 882 Fortem
522 845 710 881 resultans
742 843 954 891 praedicat,

1153 841 1331 879 Gaudent
1362 842 1402 877 in
1435 841 1512 878 alto
1542 839 1660 886 milia,

337 902 478 950 Regem
511 900 806 947 triumphantem
839 910 997 946 sequens
1153 898 1343 935 Christum
1368 898 1563 935 sedentem
1585 907 1667 932 cum
1684 895 1815 933 vident

338 959 463 996 Intrat·
492 958 664 1004 polorum
696 957 840 994 ianuas,

1154 954 1314 991 Laetum
1345 964 1511 1000 superna
1541 952 1673 1000 gloria.

271 1062 308 1099 3.
341 1060 424 1097 Hoc
455 1063 543 1096 tunc
574 1058 746 1096 videntes
777 1057 972 1104 principes
1088 1058 1125 1094 6.
1158 1056 1187 1094 Ο
1222 1066 1286 1092 rex
1317 1064 1504 1101 supernae
1534 1053 1688 1101 gloriae,

341 1117 442 1154 Hinc
472 1115 742 1162 obstupescunt
774 1115 959 1161 protinus,

1156 1112 1226 1157 Qui
1257 1112 1377 1158 patris
1408 1111 1448 1148 in
1481 1111 1616 1147 dextra
1646 1109 1768 1157 sedes,

342 1173 431 1219 Quis
463 1172 512 1209 sit
541 1175 688 1219 tonanS,
721 1171 968 1216 interrogant,
1157 1169 1215 1206 Tu
1245 1179 1313 1205 nos
1345 1168 1432 1205 vide
1465 1167 1628 1204 clemens
1658 1171 1742 1203 tuos

342 1230 454 1267 Tanti
486 1228 591 1266 ducis
623 1228 683 1264 hic
714 1227 908 1264 transitus.

1158 1225 1269 1262 Nunc
1301 1225 1549 1271 deprecantes
1582 1223 1765 1261 servulos

626 1331 662 1368 7.
694 1329 754 1366 Da
785 1339 902 1375 spem,
936 1327 1050 1364 fidem
1082 1331 1119 1363 et
1151 1326 1388 1374 catholicam,

695 1386 754 1423 Da
786 1385 955 1422 caritatis
987 1394 1154 1429 munera,

696 1442 834 1480 Grates
867 1442 949 1488 pias
982 1441 1053 1477 rite
1081 1444 1122 1476 ut
1153 1439 1224 1476 tibi

698 1499 918 1536 Reddamus
950 1497 1051 1534 omni
1082 1501 1265 1542 tempore.

351 1603 533 1635 Browerus
559 1612 591 1643 p.
618 1598 677 1641 733
703 1600 886 1632 Diimmler
911 1599 956 1637 11,
982 1597 1059 1630 249.
1085 1617 1129 1621 —
1154 1597 1232 1639 Vgl.
1257 1596 1427 1628 Analecta
1452 1596 1532 1633 XII,
1560 1593 1614 1627 31.

663 1756 745 1793 143.
781 1756 859 1799 (12).
897 1755 943 1790 In
968 1753 1210 1790 Ascensione
1236 1752 1414 1788 Domini.

847 1826 908 1857 Ad
939 1825 1224 1856 Matutinum.

523 1920 557 1958 1.
603 1921 759 1957 Festum
791 1928 890 1955 nunc
922 1916 1071 1953 celebre
1101 1925 1311 1962 magnaque
1342 1914 1481 1961 gaudia

526 2194 564 2230 ‘m

607 1975 847 2022 Compellunt
878 1974 1021 2011 animos
1052 1972 1220 2009 carmina
1251 1982 1438 2018 promere,

608 2033 700 2070 Cum
731 2031 905 2069 Christus
937 2030 1068 2067 solium
1101 2028 1253 2065 scandit
1283 2028 1332 2065 ad
1363 2027 1536 2074 arduum,

736 2088 935 2125 Caelorum
968 2086 1052 2133 pius
1084 2085 1242 2124 arbiter.

611 2189 840 2228 Conscendit
871 2188 1035 2225 iubilans
1065 2188 1186 2224 laetus
1217 2186 1267 2223 ad
1298 2185 1466 2234 aethera,

608 2247 831 2284 Sanctorum
865 2245 1026 2292 populus
1057 2243 1255 2290 praedicat
1287 2242 1473 2290 inclitum,

609 2303 781 2341 Concinit
811 2303 956 2349 pariter
987 2300 1179 2347 angelicus
1212 2299 1348 2336 chorus

737 2359 903 2396 Victoris
935 2358 1022 2394 boni
1054 2357 1226 2404 gloriam.

609 2462 680 2509 Qui
708 2461 894 2498 scandens
925 2469 1083 2505 superos
1113 2457 1265 2494 vincula
1296 2456 1482 2502 vinxerat,

610 2520 763 2556 Donans
794 2516 994 2563 terrigenis
1025 2525 1181 2551 munera
1211 2513 1386 2559 plurima,

610 2575 817 2613 Districtus
850 2574 971 2610 rediet
1003 2571 1147 2608 arbiter
1178 2570 1356 2614 omnium,

737 2631 808 2677 Qui
839 2630 940 2666 mitis
972 2629 1082 2665 modo
1113 2627 1278 2664 transiit.

610 2735 781 2781 Oramus,
812 2732 985 2777 Domine,
1019 2729 1193 2767 conditor
1223 2728 1365 2775 inclite,

611 2791 777 2827 Devotos
811 2787 970 2825 famulos
1002 2786 1149 2833 respice
1181 2790 1395 2832 protegens,

613 2847 670 2883 Ne
701 2858 767 2883 nos
800 2846 898 2882 livor
928 2844 1026 2881 edax
1060 2842 1252 2880 daemonis
1283 2841 1418 2877 obruat

739 2902 943 2948 Demcrgat
978 2900 1036 2937 vel
1067 2900 1104 2935 in
1136 2897 1293 2935 inferos.
