1914 3223
780 162 1058 200 —45-

609 315 658 351 41.
695 317 774 357 (26.)
811 316 858 352 De
883 319 1010 352 saneto
1037 316 1236 371 Gregorio.⁴
1282 339 1285 341 >

155 421 191 462 1.
223 421 433 469 Anglorum
464 421 538 458 iam
571 424 776 470 apostolus,
968 426 1004 462 5.
1037 424 1066 461 Ο
1098 422 1269 470 pontifex
1302 423 1462 470 egregie,

222 477 332 515 Nune
362 478 580 525 angelorum
612 479 747 525 socius,
1040 480 1119 516 Lux
1154 484 1189 516 et
1223 480 1337 516 decus
1367 479 1561 525 ecelesiae,

222 535 276 574 Ut
306 538 407 582 tunc,
441 534 611 581 Gregori,
647 535 820 581 gentibus
1039 536 1123 573 Non
1154 537 1255 573 sinas
1286 537 1323 573 in
1355 536 1545 582 periculis,

221 592 407 630 Succurre
438 591 512 628 iam
544 591 800 630 credentibus,
1038 594 1136 638 Quos
1168 597 1223 630 tot
1255 592 1442 630 mandatis
1474 591 1678 631 construis.

153 693 191 730 2.
223 693 281 730 Tu
311 692 437 740 largas
472 703 585 739 opum
618 692 745 738 copias
972 695 1008 734 6.
1039 694 1161 731 Mella
1193 705 1257 731 cor
1288 693 1532 731 obdulcantia

223 748 453 795 Omnemque
481 749 610 786 mundi
642 749 800 796 gloriam
1041 750 1121 787 Tua
1155 751 1343 788 distillant
1373 750 1488 798 labia,

225 804 393 852 Spernis,
425 809 467 842 ut
496 805 606 852 inops
632 806 782 852 ino'pem
1041 806 1293 853 Fragrantum
1326 808 1399 844 vim
1431 811 1639 844 aromatum

225 862 348 899 Iesum
380 862 550 909 sequaris
582 862 807 909 principem.
1041 863 1160 899 Tuum
1193 864 1309 900 vincit
1343 864 1540 910 eloquium.

155 965 192 1003 3.
224 963 387 1000 Videtur
418 973 530 1011 egens
560 961 777 1011 naufragus.
976 965 1012 1003 7.
1044 964 1266 1011 Scripturae
1294 976 1424 1002 sacrae
1456 966 1616 1011 mystica

160 1050 162 1052 v
223 1019 323 1058 Dum
355 1020 490 1067 stipem
523 1020 630 1067 petit,
663 1021 829 1070 angelus,
1045 1021 1141 1058 Mire
1172 1021 1287 1058 solvis
1316 1022 1540 1069 aenigmata,

224 1076 283 1114 Tu
312 1087 447 1114 munus
478 1077 550 1114 iam
584 1081 670 1123 post
695 1077 881 1124 geminum
1043 1077 1228 1115 Theorica
1261 1079 1441 1125 mysteria

223 1133 389 1171 Praebes
421 1138 457 1170 et
489 1144 555 1171 vas
586 1138 818 1181 argenteum.
1043 1134 1096 1171 Te
1129 1134 1239 1171 docet
1268 1135 1352 1181 ipsa
1382 1135 1536 1173 veritas,

157 1235 198 1275 4.
230 1233 290 1272 Ex
322 1234 395 1272 hoc
422 1238 460 1271 te
490 1234 662 1273 Christus
692 1239 863 1282 tempore
972 1236 1008 1274 8.
1041 1236 1097 1272 Tu
1129 1240 1261 1273 nactus
1293 1236 1537 1282 apostolicam

224 1290 321 1329 Suae
352 1290 523 1338 praefert
554 1292 749 1338 eeclesiae,
1044 1292 1168 1329 Vitam
1199 1293 1308 1329 simul
1341 1296 1378 1329 et
1408 1293 1576 1342 gloriam,

227 1347 290 1385 Sic
319 1348 423 1386 Petri
455 1347 614 1397 gradum
644 1348 825 1396 percipis,
1043 1349 1122 1386 Nos
1153 1349 1258 1387 solve
1285 1349 1417 1395 eulpae
1447 1349 1616 1396 nexibus,

223 1403 337 1442 Cuius
369 1408 406 1441 et
435 1415 605 1442 normam
635 1406 816 1452 sequeris.
1042 1405 1177 1443 Redde
1207 1406 1379 1452 polorum
1410 1406 1575 1445 sedibus,

566 1508 600 1544 9.
637 1506 693 1544 Sit
723 1506 825 1553 patri
855 1507 937 1544 laus
968 1507 1148 1556 ingenito,

639 1563 696 1600 Sit
726 1563 840 1600 decus
870 1563 1076 1612 unigenito,

637 1619 692 1657 Sit
724 1620 919 1667 utriusque
950 1620 1062 1667 parili

631 1677 814 1714 Maiestas
845 1688 989 1714 summa
1019 1675 1178 1717 flamini.

219 1788 349 1829 Hymn.
383 1798 444 1819 ms.
471 1787 660 1820 Casinense
693 1798 782 1820 saec.
816 1785 867 1820 10.
902 1799 953 1820 ex.
1002 1788 1086 1821 Cod.
1119 1789 1278 1820 Vatican.
1312 1788 1475 1820 Ottobon.
1505 1786 1577 1820 145.
1611 1788 1691 1819 add.

130 1844 219 1867 saec.
254 1832 305 1865 11.
332 1844 384 1865 ex.
409 1833 450 1865 A.
475 1850 520 1855 -—·
545 1833 630 1865 Orat
654 1844 716 1865 ms.
743 1834 936 1875 Campeuse
961 1835 1043 1865 anni
1072 1832 1168 1865 1462.
1218 1834 1299 1866 Cod.
1327 1834 1584 1865 Darmstadien.
1610 1831 1689 1865 521.

127 1881 167 1912 Β.
193 1895 237 1901 -·
261 1880 380 1920 Migne
411 1879 434 1911 1.
460 1890 488 1911 c.
514 1876 591 1911 957.
617 1879 653 1911 C.
679 1896 722 1900 -—
748 1877 786 1913 3,
819 1878 840 1911 3
872 1880 922 1911 Ac
947 1889 1071 1911 munus
1097 1880 1135 1910 A.
1163 1896 1208 1900 -
1232 1876 1269 1917 6,
1301 1878 1321 1910 3
1346 1879 1586 1921 Fraglantium
1613 1889 1690 1910 aro-

128 1928 257 1957 matum
284 1926 322 1957 B.
354 1941 397 1946 ·-
423 1923 460 1964 6,
493 1923 515 1956 4
539 1925 685 1956 vincunt
708 1926 756 1963 A?
789 1925 909 1956 Vincit
936 1929 970 1957 et
997 1925 1173 1966 eloquium
1200 1926 1239 1956 B.
1265 1943 1308 1947 —
1333 1922 1370 1961 8,
1398 1923 1418 1956 2
1444 1925 1560 1956 Vitam
1585 1924 1691 1961 fehlt;

128 1970 239 2003 Simul
258 1974 291 2002 et
307 1970 502 2013 angelicam
516 1972 554 2002 B.
572 1988 615 1992 —
632 1971 695 2001 Am
714 1970 835 2002 Raude
852 1981 920 2002 von
933 1970 1195 2013 gleichzeitiger
1209 1970 1330 2001 Hand:
1350 1968 1472 2002 Petri
1490 1971 1692 2002 Damiani

126 2017 165 2048 B.
191 2033 234 2037 —
259 2016 393 2057 Gregor
424 2026 495 2047 war
525 2015 585 2047 der
612 2016 741 2047 Patron
776 2017 872 2047 eine-s
905 2027 974 2048 von
1000 2017 1163 2047 Damiani
1197 2015 1432 2057 gegriindeten
1459 2015 1616 2048 Klosters
1650 2026 1690 2047 zu

130 2061 280 2094 Concha.
306 2080 349 2084 -—
374 2061 452 2104 Vgl.
477 2061 579 2093 Anal.
606 2061 720 2092 XXII.
748 2058 812 2092 118
839 2072 888 2103 sq.

515 2239 571 2277 42.
608 2240 688 2283 (27.)
723 2240 772 2275 De
799 2249 825 2274 s.
853 2239 1014 2276 Iohanne
1040 2237 1300 2285 Evangelista.

752 2321 811 2353 Ad
837 2322 1062 2363 Vespera&

421 2459 424 2462 -
457 2436 491 2474 1.
527 2435 691 2482 Virginis
722 2436 828 2482 virgo
860 2436 1074 2473 venerande
1106 2441 1244 2484 custos,

525 2493 687 2539 Magnus
718 2493 862 2529 aeterni
893 2493 1085 2539 logotheta
1114 2492 1233 2531 verbi.

524 2548 620 2586 Dele
650 2559 843 2586 servorum
875 2547 1020 2586 facinus
1050 2554 1212 2597 tuorum,

588 2605 726 2643 Sancte
755 2606 955 2643 Iohannes.

454 2708 492 2746 2.
525 2707 582 2744 Tu
612 2711 758 2754 patrem
791 2707 914 2745 carnis
945 2707 1070 2744 subito
1102 2706 1298 2753 relinquis,

525 2762 660 2810 Sieque
691 2764 890 2801 caelestem
922 2764 1089 2811 sequeris
1121 2768 1330 2810 parentem,

523 2819 694 2858 Piscibus
724 2821 863 2867 spretis
894 2820 1083 2857 hominum
1115 2820 1256 2858 iuberis

589 2876 775 2914 Claudere
803 2877 965 2915 turbam.
