1914 3223
76 320 79 322 ’
134 323 170 359 3.
218 320 301 358 Hoc
332 319 463 357 audito
493 319 606 357 iudex
639 320 770 366 quaeri

218 376 327 414 1111101
360 385 422 413 005
455 379 491 413 et
521 377 711 423 torqueri3

275 431 451 469 Infidelcs
481 436 595 479 atque
626 433 680 469 rei

276 488 480 526 Catenatos
511 499 641 528 servos
672 489 744 526 Dei

332 545 504 583 Trahunt
534 546 583 583 ad
615 545 855 592 supplicium.

217 602 410 641 Sistuntur
440 606 527 639 ante
558 602 786 649 praesidem,

216 658 448 697 Profitentur
478 669 605 696 veram
637 657 763 708 fidem,

274 715 536 762 Flagellantur
566 726 589 752 a
618 715 757 762 iudice,

281 771 472 809 Christum
505 771 668 809 fatentes
699 771 851 819 publice

330 829 470 866 Verum
503 828 575 866 Dei
606 827 736 867 filium.

131 950 169 987 4.
213 946 460 984 Furibundus
492 944 646 984 frendet
676 948 748 996 leo,

212 1004 273 1041 Illi
304 1003 437 1041 laudes
469 1008 607 1040 canunt
639 1003 733 1051 Deo,

272 1060 364 1097 Mox
405 1059 610 1097 truduntur
640 1060 679 1098 in
711 1070 876 1107 carcere,

273 1116 350 1154 Sub
383 1120 600 1154 catenarum
632 1117 801 1164 pondere

331 1173 549 1211 Clamantes
580 1175 630 1211 ad
651 1174 876 1213 Dominum:

216 1232 290 1269 Pro
323 1230 428 1267 cuius
459 1229 536 1267 fide
566 1230 772 1277 caedimur,

217 1287 330 1324 Cuius
362 1297 491 1324 amore
523 1287 689 1333 patimur

276 1344 382 1380 Haec
422 1347 695 1380 tormentorum
727 1353 864 1391 genera

275 1400 426 1438 Christe
456 1400 689 1447 redemptor,
721 1399 846 1437 libera

328 1456 406 1493 Nos
437 1468 459 1494 a
491 1457 572 1494 viro
603 1457 840 1504 sanguinum.

223 1576 297 1607 Fol.
331 1573 404 1607 115.

870 1375 878 1392 3

983 352 990 361 .
1038 322 1126 359 Post
1160 304 1358 366 tormenta,
1395 324 1480 371 post
1512 319 1675 361 labores,

1039 378 1127 414 Post
1159 376 1320 423 flagella,
1354 381 1439 423 post
1471 376 1632 420 dolores,

1093 433 1207 481 Signo
1239 433 1381 471 Christi
1413 433 1631 481 triumphali

1095 490 1339 536 Praemuniti,
1373 490 1527 536 capitali

1151 546 1374 584 Flectuntur
1404 546 1604 585 sententia.

1036 604 1201 650 Quorum
1235 603 1380 640 devotis
1409 602 1586 650 precibus

1038 659 1211 697 Irrctitos
1243 659 1463 696 criminibus

1094 715 1174 752 Nos
1207 728 1228 752 a
1259 716 1425 762 peccatis
1457 715 1585 753 abluat

1094 772 1176 809 Rex
1210 772 1383 809 caelestis
1416 776 1452 809 et
1483 776 1623 809 annuat

1152 828 1390 875 sempiterna
1421 828 1572 876 gaudia.

978 976 986 984 .
1034 945 1177 986 Christi
1208 951 1364 995 martyr,
1399 958 1419 983 0
1452 946 1599 991 Rufine,

1034 1004 1127 1043 Cum
1159 1014 1232 1050 quo
1264 1003 1367 1050 viges
1399 1003 1480 1040 sine
1511 1003 1598 1051 fine,

1090 1058 1223 1097 Pande
1254 1060 1363 1097 nobis
1395 1066 1461 1098 tua
1491 1070 1617 1108 prece,

1089 1117 1159 1163 Qui
1191 1117 1355 1153 iacemus
1386 1116 1424 1153 in
1455 1117 1526 1153 hac
1557 1115 1675 1162 faece,

1152 1173 1330 1210 Polorum
1362 1173 1519 1220 palatia.

1041 1229 1184 1267 Christi
1216 1230 1337 1276 miles,
1370 1241 1391 1266 o
1424 1230 1566 1279 Valeri,

1037 1286 1186 1324 Memor
1217 1291 1297 1323 esto
1328 1297 1396 1323 nos
1428 1287 1526 1323 tueri

1092 1343 1144 1380 Et
1175 1354 1245 1389 pro
1277 1342 1385 1380 nobis
1416 1353 1530 1380 orans
1561 1342 1683 1379 Deum

1093 1399 1160 1437 Pio
1193 1399 1273 1447 regi
1307 1410 1460 1446 gregem
1493 1409 1596 1436 reum

1149 1456 1216 1494 Pie
1247 1455 1462 1494 reconcilia.

456 1575 655 1617 Ungewiss,
688 1585 732 1606 zu
756 1573 921 1606 welchem
948 1574 1064 1606 Briefe
1088 1573 1243 1616 geborig.
1271 1591 1316 1595 —
1340 1574 1412 1605 Vor
1436 1573 1513 1605 dem
1538 1573 1698 1614 Hymnus

128 1620 184 1652 die
210 1622 350 1653 XVorte:
379 1621 453 1662 „De
478 1622 610 1652 sanctis
635 1620 848 1661 martyribus
873 1620 1021 1657 nostris,
1048 1620 1131 1661 quia
1157 1620 1265 1650 tantis
1290 1620 1326 1650 in
1351 1619 1517 1660 periculis
1543 1619 1697 1649 invocati

128 1666 268 1698 fuerunt
303 1676 323 1698 a
356 1677 410 1698 me
444 1667 650 1708 suppliciter
682 1669 715 1697 et
744 1667 781 1697 in
805 1668 904 1697 tanta
928 1665 1015 1696 mihi
1041 1666 1184 1696 miseria
1208 1664 1479 1696 misericorditer
1503 1663 1699 1702 adfuerunt,

129 1712 279 1743 scribere
316 1712 450 1754 placuit
483 1716 517 1743 et
549 1713 686 1743 mittere
715 1711 782 1743 tibi
815 1710 935 1742 laudes
969 1710 1217 1752 triumphalem
1252 1719 1370 1741 eorum
1404 1711 1602 1751 passionem
1635 1709 1698 1740 sub

132 1757 309 1799 elegantia
334 1757 533 1798 rhythmica
557 1758 792 1789 concinentes.
818 1774 863 1778 —

562 1901 644 1938 358.
681 1901 761 1944 (15.)
795 1901 853 1935 De
881 1900 1022 1936 sancto
1050 1899 1273 1944 Stephano.

134 2015 170 2052 1.
218 2015 482 2061 Protomartyr
513 2013 727 2061 Stephanus
952 2013 989 2051 3.
1039 2012 1096 2050 Sit
1126 2012 1208 2050 13115
1239 2012 1512 2059 protomartyri

271 2076 368 2116 111115,
400 2081 422 2108 o
454 2081 521 2108 rex
552 2071 708 2118 gloriae,

214 2128 265 2166 Et
297 2127 460 2164 invictus
493 2125 651 2174 signifer

271 2184 446 2221 caelestis
477 2184 637 2221 militiae

215 2241 356 2279 Hostes
386 2240 442 2278 tui
471 2240 635 2278 nominis

274 2297 366 2334 vicit
394 2297 520 2343 hodie,

330 2353 506 2404 Domine,

334 2409 408 2448 Suo
439 2410 633 2459 sanguine.

130 2531 151 2567 10

160 2561 168 2568 .

217 2529 289 2567 Tui
320 2528 615 2576 protomartyris

275 2585 460 2633 Stephani
492 2585 690 2622 sollemnia

216 2643 392 2690 Psalmis,
423 2641 588 2689 hymnis,
620 2641 796 2679 laudibus

272 2699 416 2736 recolat
445 2698 619 2744 ecclesia,

213 2756 284 2803 Qui
315 2755 501 2802 promissa
534 2754 673 2792 meruit

269 2824 292 2850 a
323 2819 360 2849 te
390 2811 573 2859 praemia,

324 2868 496 2918 Domine,
541 2901 546 2905 .

328 2925 402 2963 Suo
434 2924 628 2972 sanguine.

1093 2069 1299 2116 Stephano,
1331 2068 1396 2116 qui
1426 2069 1581 2116 spiritus

1036 2125 1165 2163 Sancti
1197 2126 1331 2172 plenus
1359 2125 1482 2172 gratia

1092 2182 1265 2219 veritatis
1294 2182 1448 2219 inclitus

1035 2237 1225 2276 Defensor
1256 2239 1438 2276 exsistere

1095 2306 1169 2333 non
1199 2299 1256 2332 est
1286 2295 1441 2341 veritus,

1152 2351 1325 2401 Domine,

1153 2407 1228 2446 Suo
1259 2408 1452 2455 sanguine.

983 2556 988 2563 .
1036 2527 1156 2564 Tuum
1190 2530 1508 2573 protomartyrem

1092 2583 1338 2632 Stephanum,
1371 2583 1434 2630 qui
1466 2582 1618 2621 fortiter

1036 2639 1302 2686 Triumphavit
1333 2640 1459 2685 hodie,

1093 2696 1349 2733 collaudemus
1377 2696 1534 2743 pariter,

1034 2752 1267 2791 Consccrans
1299 2752 1496 2790 ecclesiam

1091 2813 1193 2847 tuam
1227 2809 1403 2855 digniter,

1146 2865 1320 2910 Domine,

1148 2921 1222 2960 Suo
1253 2922 1448 2970 sanguine.
