1914 3223
740 178 1046 218 —171—

188 286 220 320 3.
246 289 393 330 Luxque
418 290 592 327 tenebrae,
991 283 996 289 ⁵
1065 294 1170 324 Cetus
1194 291 1239 334 {¹³
1266 290 1365 334 Cete]
1391 296 1425 324 et
1450 293 1546 335 ipsae

245 334 399 377 Fulgura
423 344 486 366 nee
511 346 564 373 ne,
931 361 937 366 .
1064 338 1232 369 Volucres
1259 341 1415 379 cunetae,

243 379 382 411 Montes
408 383 442 411 et
465 379 584 419 eolles,

245 425 410 457 Flumina
434 425 558 464 fontes,
1007 426 1037 458 6.
1066 429 1204 460 Bestiae
1231 431 1376 460 cunctae

1065 474 1175 505 Simul
1203 477 1237 505 et
1261 484 1380 506 omnes

189 512 221 547 4.
247 516 362 547 Maria
386 526 449 547 nee
474 526 544 547 non
1065 519 1217 560 Spiritus
1243 523 1347 560 atque
1371 518 1418 559 (et
1441 518 1520 559 Hs.)

244 561 367 602 Aquae
392 565 618 602 cunctaeque,
1063 564 1200 595 Cuncta
1225 569 1373 603 sacrata,

242 606 300 638 Sic
325 616 463 648 quoque
488 607 637 648 nymt'ae‚

242 651 411 692 Quaeque
436 662 619 693 supernae.
1006 652 1038 685 7.
1062 654 1148 685 Tres
1175 656 1343 696 puerique

178 718 191 724 -
1065 699 1175 731 Simul
1202 700 1358 738 honeste,

173 725 196 754 ὃ
212 766 219 773 .
245 742 381 774 Psallat
405 745 439 774 et
463 752 558 780 arva,
1067 745 1195 786 §idrag
1221 743 1284 787 {et}
1309 747 1422 779 Misae

245 787 381 820 Laudet
406 791 440 819 et
464 791 539 819 oret
1065 790 1326 833 Abdenagoque

592 876 622 913 8.
649 877 827 920 Te1·na(1n)
853 879 1061 922 ρει-50113011)

649 925 766 957 Unum
792 926 1003 958 collaudent.

196 1014 293 1047 Ganz
319 1025 356 1045 so
382 1013 490 1046 findet
514 1014 587 1046 sich
615 1015 676 1047 der
700 1016 790 1047 Text
815 1016 903 1048 auch
930 1017 967 1048 in
983 1017 1087 1059 Trop.
1113 1028 1175 1048 ms.
1194 1018 1422 1050 Martialense
1447 1028 1535 1050 saee-
1556 1016 1608 1050 11.
1627 1020 1674 1051 in.

105 1059 188 1092 Cod.
214 1060 366 1091 Parisin.
395 1058 492 1091 1121.
541 1061 616 1092 Nur
640 1061 670 1099 6,
696 1060 718 1092 4
743 1061 825 1093 liest
849 1062 945 1093 diese
971 1064 1033 1094 Hs.
1061 1063 1195 1095 Cuncta
1220 1064 1378 1095 saneeiti.

196 1107 268 1137 Das
295 1105 443 1137 Gedioht
474 1106 568 1137 ward
601 1106 653 1138 als
682 1106 870 1147 „Tractus“
903 1106 1048 1139 beniitzt
1075 1109 1250 1147 „Sabbato
1284 1112 1450 1151 quattuor
1481 1111 1674 1151 temporum

104 1152 274 1184 adventus
299 1148 464 1182 Domini“
492 1152 528 1184 I:
558 1151 734 1190 „sabbato
769 1156 934 1194 quattuor
959 1156 1153 1195 temporum
1180 1158 1258 1195 post
1282 1152 1531 1186 Pentecosten“
1561 1155 1591 1186 K
1615 1155 1676 1188 fol.

104 1197 196 1230 CXL
222 1207 342 1235 verso3
372 1197 549 1237 „sabbato
576 1201 742 1238 quattuor
767 1201 962 1240 temporum
980 1198 1266 1231 Benedi‹2ti‹›nes“
1286 1200 1333 1240 G3
1363 1201 1462 1241 „Duo
1488 1200 1606 1232 cleriei
1632 1201 1674 1232 de

104 1242 258 1275 secunda
282 1242 392 1273 forma
418 1242 455 1273 in
472 1243 764 1284 superpellieibus
783 1244 826 1275 ad
843 1244 989 1285 gradum
1008 1244 1106 1276 chori
1122 1245 1188 1276 hoe
1205 1245 1306 1277 modo
1326 1245 1446 1277 dieunt
1459 1243 1627 1278 tractum“
1646 1247 1674 1278 Ι.

499 1421 581 1457 123.
617 1421 676 1465 (3.)
711 1423 887 1466 Hymnus
915 1423 963 1458 de
990 1423 1132 1458 sancto
1160 1423 1278 1461 Gallo

643 1492 915 1525 Confessore
948 1493 1135 1526 Christi.

420 1595 457 1634 1.
489 1596 579 1633 Vita
611 1600 840 1645 sanctorum,
872 1597 945 1643 via,
978 1608 1065 1643 spes
1098 1598 1285 1647 salusque,

490 1653 655 1700 Christe,
688 1653 849 1699 largitor
879 1653 1082 1700 probitatis
1113 1658 1226 1701 atque

490 1709 675 1747 Conditor
705 1710 824 1756 pacis,
856 1710 927 1747 tibi
958 1721 1061 1756 voce,
1095 1721 1207 1748 sensu

580 1766 785 1813 Pangimus
816 1767 1008 1814 hymnum.

422 1882 459 1918 2.
493 1878 607 1917 Cuius
640 1883 696 1916 est
728 1880 848 1916 virtus
878 1879 1082 1918 manifesta
1113 1885 1245 1926 totum,

491 1936 598 1983 Quod
620 1936 674 1983 pii
695 1941 865 1985 possunt,
893 1938 993 1984 quod
1020 1938 1173 1986 habent,
1195 1938 1295 1985 quod
1317 1949 1394 1989 ore,

490 1993 616 2031 Corde
647 1993 708 2029 vel
739 1992 851 2030 factis
883 1994 1051 2045 eupiunt,
1086 1996 1224 2032 amoris

580 2050 673 2097 Igne
703 2048 920 2097 flagrantes.

417 2164 456 2202 3.
488 2163 561 2209 Qui
588 2166 653 2200 tua
683 2168 854 2200 sanctum
886 2165 1029 2211 pietate
1064 2165 1215 2203 Gallum

487 2220 658 2258 Iudicem
690 2220 784 2257 lucis
816 2231 978 2267 superae
1008 2222 1162 2271 dedisti,

486 2276 581 2315 Eius
611 2280 653 2314 ut
684 2278 786 2314 docti
818 2278 971 2315 monitis
1002 2279 1180 2316 tenebras

578 2333 710 2371 Mente
740 2333 923 2381 fugemus.

415 2448 455 2487 4.
488 2447 561 2484 Hic
592 2447 642 2484 ad
673 2448 887 2494 exemplum
919 2449 1084 2486 volueris
1116 2459 1277 2485 canorae

488 2504 650 2541 Actibus
681 2514 764 2541 sese
793 2505 899 2551 prius
931 2505 1124 2552 excitavit,

487 2560 552 2611 Ut,
584 2561 685 2608 quod
717 2561 876 2608 ingessit
908 2563 1014 2609 vigor
1044 2562 1280 2605 instruentis,

579 2617 667 2655 Vita
696 2618 890 2665 probaret.

417 2733 454 2769 5.
487 2730 557 2776 Qui
588 2734 722 2777 potens
754 2731 883 2780 verbo,
916 2732 1155 2769 venerandus
1187 2736 1286 2779 actu,

487 2786 646 2834 Semper
676 2788 841 2825 aeternis
872 2788 1020 2825 inhians
1051 2789 1213 2836 lucellis,

485 2844 611 2881 Multa
642 2845 793 2882 virtutis
826 2845 963 2882 meruit
994 2855 1180 2891 supernae

577 2900 686 2938 Dona
717 2905 905 2948 patenter.
